2051 3516
344 313 398 340 xx
806 302 1024 338 L1TTERAE
1049 301 1142 346 QUA
1150 311 1405 337 DRIMESTRES

386 397 526 442 Haec
563 405 610 442 et
649 396 746 441 alia
785 395 1060 453 hujusmodi
1100 394 1263 451 quanti
1297 395 1359 440 ad
1392 394 1647 439 historiam
1683 392 1910 437 momenti

298 475 408 529 sint,
436 484 481 518 et
520 489 689 518 omnes
724 473 1000 529 intelligunt
1033 483 1078 517 et
1115 480 1344 517 auctores
1383 471 1698 516 historiarum
1738 468 1910 514 confir-

298 558 449 606 mant,
476 565 585 595 cum
609 566 670 594 ex
694 549 785 594 hoc
808 549 942 594 fonte
977 564 1124 605 saepe
1157 547 1385 593 hauriant
1409 563 1534 603 quae
1568 547 1626 591 dc
1661 546 1911 591 sociorum

299 626 549 672 laboribus
573 635 825 682 enarrant,
852 625 898 670 id
922 626 1050 682 quod
1074 625 1167 670 loci
1186 633 1446 670 auctorum
1467 623 1691 680 superius
1714 623 1910 668 indicati

300 703 419 750 satis
443 718 687 760 superque
711 703 1051 760 comprobant.

382 780 553 837 Itaque
587 779 802 836 vestigia
826 779 878 825 P.
907 779 1110 825 Caecilii
1145 777 1334 825 Gomez
1370 778 1596 834 Rodeles,
1624 777 1705 834 qui
1728 777 1774 821 in
1800 792 1909 833 ope—

297 873 350 903 re
374 857 453 902 La
478 857 767 913 Campania
797 856 859 901 de
880 856 1042 914 Jeszis
1065 856 1347 912 cateqm'sta
1380 855 1597 900 Litteras
1622 852 1910 910 Quadrime'-

295 943 422 979 stres
445 942 650 989 usurpat
673 932 856 978 centies
880 931 1179 989 quadragies
1210 931 1405 988 septies,
1442 939 1709 987 sequentur
1743 946 1913 975 omnes

294 1010 568 1067 quicunque
602 1007 866 1055 Societatis
889 1008 1008 1067 Jesu
1032 1009 1311 1065 singulares
1335 1008 1533 1053 labores
1561 1007 1824 1063 variasque
1850 1007 1912 1052 vi-

296 1086 602 1133 cissitudines
626 1087 815 1132 erudite
841 1086 1234 1143 pertractabunt.

381 1164 448 1210 Ut
471 1163 621 1220 igitur
654 1179 683 1209 a
718 1173 855 1209 recta
891 1162 1114 1208 veritatis
1148 1162 1229 1207 via
1263 1162 1519 1207 recederet
1543 1162 1621 1217 qui
1656 1161 1910 1206 historiam

299 1240 582 1298 simpliciter
616 1256 675 1286 ex
701 1240 904 1285 Litteris
928 1238 1382 1296 Quadrimestribus
1416 1247 1682 1284 contexere
1706 1253 1908 1282 conare-

293 1327 389 1372 tur3
427 1317 495 1363 sic
529 1317 910 1374 reprehensione
943 1316 1089 1372 gravi
1124 1332 1218 1361 non
1251 1323 1451 1361 careret
1484 1315 1563 1372 qui
1597 1315 1685 1360 has
1719 1315 1909 1360 litteras

294 1394 485 1452 penitus
508 1394 846 1451 negligendas,
872 1395 977 1439 sola
1012 1409 1132 1438 vero
1167 1393 1363 1449 privata
1387 1401 1703 1437 monumenta
1727 1408 1752 1437 e
1778 1402 1905 1437 tene-

293 1472 394 1517 bris
427 1471 644 1517 eruenda
678 1471 1026 1516 arbitraretur.
1054 1469 1156 1515 Nisi
1190 1469 1319 1515 forte
1353 1469 1558 1514 historia
1583 1478 1697 1514 tunc
1721 1477 1805 1514 aut
1830 1484 1901 1514 so-

292 1549 540 1594 lummodo
565 1557 650 1594 aut
674 1548 937 1604 praecipue
972 1562 1174 1592 munere
1207 1546 1429 1603 [ungitur
1454 1561 1557 1600 suo,
1586 1561 1694 1590 cum
1719 1561 1906 1590 arcana

293 1624 538 1670 hominum
563 1624 765 1670 consilia
799 1623 843 1669 in
878 1624 1035 1669 lucem
1058 1622 1262 1679 profert,
1291 1632 1376 1667 aut
1400 1631 1556 1667 tetras
1590 1622 1908 1677 conspiratio-

295 1717 380 1746 nes
404 1701 606 1757 detegit,
633 1712 716 1746 aut
740 1716 887 1745 unum
922 1700 1132 1756 aliquem
1167 1699 1331 1744 nescio
1356 1714 1498 1755 quem
1522 1714 1664 1744 secus
1688 1699 1907 1754 ignotum

296 1790 462 1823 terrae
492 1777 656 1833 filium,
684 1778 813 1823 malo
847 1792 1102 1834 pravoque
1136 1776 1347 1833 ingenio,
1374 1775 1574 1821 insidias
1609 1776 1752 1821 matri
1786 1791 1907 1821 suae

297 1853 535 1900 Societati
568 1853 778 1911 hujusve
812 1853 1206 1899 moderatoribus
1241 1853 1519 1898 molientem
1544 1852 1770 1897 illustrat:
1798 1868 1909 1897 cum

297 1940 463 1977 autem
497 1931 779 1976 scholarum
818 1931 1051 1987 ordinem,
1087 1930 1441 1986 magistrorum
1471 1930 1814 1986 constantiam,
1843 1929 1907 1974 di-

297 2008 594 2065 scipulorum
618 2007 920 2064 diligentiam
945 2017 992 2052 et
1016 2007 1322 2063 modestiam,
1348 2007 1663 2052 sacerdotum
1688 2006 1733 2051 in
1757 2006 1909 2063 quoti-

297 2084 451 2130 dianis
485 2085 737 2130 laboribus
775 2085 1216 2141 perseverantiam,
1254 2084 1480 2140 exempla
1520 2084 1725 2140 denique
1761 2083 1908 2129 virtu-

293 2171 392 2206 tum
431 2162 643 2207 omnium
678 2162 945 2207 imitatione
984 2161 1269 2218 dignissima
1308 2170 1421 2206 ante
1461 2162 1629 2206 oculos
1663 2161 1909 2206 hominum

294 2238 441 2296 ponit;
468 2247 583 2284 tunc
607 2239 802 2284 demum
826 2238 1001 2284 desinit
1025 2254 1133 2284 esse
1158 2238 1399 2295 magistra
1426 2238 1572 2284 vitae.

792 2363 1019 2408 HL-DE
1054 2376 1152 2407 HAc
1186 2352 1423 2408 EDITIONE

380 2471 556 2516 Adhuc
590 2471 912 2527 simplicitatis
947 2472 1302 2529 brevitatisque
1335 2486 1488 2516 causa
1522 2470 1591 2516 sic
1625 2471 1682 2515 de
1716 2470 1906 2527 quadri-

294 2547 556 2592 mestribus
600 2548 772 2592 litteris
817 2549 1001 2604 loquuti
1045 2564 1232 2603 sumus,
1280 2547 1419 2605 quasi
1463 2546 1604 2604 hujus
1648 2547 1908 2591 voluminis

291 2624 526 2680 epistolae
552 2639 721 2668 omnes
745 2639 803 2668 eo
829 2624 1021 2669 nomine
1041 2625 1297 2670 donandae
1321 2633 1498 2669 essent.
1522 2623 1766 2680 Quoniam
1789 2639 1907 2667 vero

291 2699 490 2756 generis
515 2699 673 2754 magis
708 2715 851 2756 quam
888 2700 1092 2745 nominis
1126 2700 1171 2745 in
1205 2699 1560 2757 conjungendis
1583 2699 1907 2743 monumentis

291 2775 531 2820 rationem
556 2776 725 2820 haberi
751 2786 962 2831 oportet,
990 2793 1084 2821 non
1109 2777 1267 2821 solum
1302 2792 1387 2821 eas
1420 2776 1651 2832 epistolas
1674 2776 1767 2820 huc
1791 2790 1901 2820 con-

291 2852 546 2908 gessimus,
575 2867 699 2907 quae
724 2862 901 2908 quarto
936 2868 1129 2909 quoque
1154 2868 1334 2910 mense,
1360 2853 1446 2897 sed
1470 2852 1726 2896 nonnullas
1760 2851 1907 2895 etiam

291 2942 415 2983 quae
440 2938 523 2971 aut
548 2927 752 2983 singulis
775 2928 1021 2973 mensibus
1044 2940 1127 2973 aut
1153 2930 1320 2974 oblata
1354 2927 1592 2984 singulari
1623 2927 1900 2981 occasione,

291 3003 500 3047 Romam
528 3002 863 3069 mittebantur,
892 3005 1150 3049 dummodo
1175 3014 1338 3049 tamen
1366 3018 1518 3061 «quae
1552 3002 1906 3047 aedificationis

291 3087 425 3123 sunt»
453 3079 557 3125 sive
581 3080 737 3123 solum
763 3079 867 3124 sive
893 3080 1158 3136 praecipue
1183 3081 1502 3125 continerent.
