2051 3516
519 294 907 332 128.—V1N13030NA
935 293 958 330 2
978 294 1184 340 JANUARH
1214 293 1304 331 1558
1591 292 1660 330 483

74 401 152 437 tas
175 391 357 437 habeat
380 391 645 449 collegium
671 392 716 436 in
741 391 978 437 comitatu
1002 389 1270 447 goriziensi
1296 389 1391 447 (cui
1415 403 1543 434 nunc
1567 405 1596 434 a
1631 404 1705 435 re-

74 468 158 525 gia
182 468 442 514 maiestate
466 467 771 525 praeficitur)
797 469 842 514 in
867 467 1045 525 oppido
1071 465 1323 512 Gradisca
1348 468 1379 522 ¹,
1413 466 1494 512 ubi
1529 466 1591 511 ad
1625 482 1705 511 no-

74 554 205 590 stros
229 545 432 590 alendos
456 544 586 590 forte
606 561 703 590 non
729 546 956 590 deessent
979 544 1127 600 bona,
1154 559 1281 600 quae
1301 543 1428 589 citra
1448 542 1706 588 difficulta—

73 633 171 667 tem
195 631 243 667 et
266 622 554 679 cuiusquam
577 622 805 667 iniuriam
830 620 1012 667 nostris
1037 620 1279 677 applicari
1305 628 1522 677 possent.

132 700 174 745 7.
241 699 322 744 Ad
355 699 480 745 haec
513 700 825 756 quorundam
859 698 1134 744 amicorum
1165 713 1291 755 erga
1315 712 1404 742 nos
1430 696 1560 754 pium
1585 696 1705 741 affe-

74 786 205 822 ctum
230 792 325 822 non
350 792 613 834 possumus
635 793 731 822 non
756 776 1126 831 commendare,
1149 790 1293 831 quem
1313 773 1577 819 ostendunt
1596 789 1706 829 par-

74 854 159 900 tim
183 854 230 899 in
254 854 577 911 suscipiendis
601 853 648 899 in
679 854 899 911 hospitio?
919 852 1078 899 amice
1112 851 1355 897 fratribus
1388 851 1570 896 nostris
1595 850 1632 907 ἃ,
1661 851 1706 895 in

72 931 348 977 tractandis
372 931 554 977 eisdem
580 932 808 989 benigne,
845 930 1025 987 partim
1060 930 1106 975 in
1140 927 1465 974 monstranda
1499 926 1707 973 fideliter

74 1009 170 1066 via,
198 1025 258 1054 ne
282 1025 312 1055 a
336 1024 457 1054 uero
476 1009 678 1054 tramite
703 1007 1084 1065 deuientfilzmz,
1105 1007 1199 1052 sed
1214 1006 1232 1033 ¹³
1252 1005 1538 1051 discrimina
1557 1005 1706 1050 latro-

72 1102 187 1132 num
211 1085 597 1142 subterfugiant.
635 1085 734 1131 Alii
769 1086 979 1131 libenter
1012 1084 1278 1130 admodum
1316 1083 1498 1140 templo
1534 1091 1706 1128 nostro

71 1163 323 1221 suppetias
347 1163 528 1216 ferunt,
556 1163 595 1209 si
614 1163 707 1209 hac
726 1163 786 1208 de
805 1177 960 1208 causa
979 1161 1147 1208 auxilii
1167 1160 1281 1219 quid
1301 1161 1364 1206 ab
1383 1160 1453 1206 eis
1473 1160 1700 1217 petimus.

72 1241 269 1287 Ornant
292 1241 490 1298 altaria,
518 1241 829 1298 elargiuntur
853 1239 1106 1297 pecunias,
1133 1239 1311 1284 aulaea
1332 1238 1533 1292 donant,
1561 1247 1608 1283 et
1630 1236 1700 1283 fa-

70 1320 189 1366 ciles
212 1335 266 1365 se
290 1320 511 1365 offerunt
534 1319 597 1365 ad
619 1318 1012 1365 succurrendum
1036 1316 1280 1363 ecclesiae
1305 1315 1700 1361 necessitatibus,

128 1397 171 1443 8.
239 1396 535 1443 Scholarum
579 1406 866 1442 nostrarum
905 1395 1144 1441 lectiones
1184 1394 1387 1440 visitant
1425 1392 1567 1450 pueri
1606 1392 1700 1438 fre-

70 1485 292 1532 quentes,
319 1483 367 1520 et
389 1474 480 1520 nisi
506 1489 593 1532 per
616 1474 826 1530 primam
851 1473 1165 1518 occasionem
1191 1487 1322 1516 noua
1356 1469 1582 1516 aedificia
1617 1471 1699 1516 ab·

70 1553 345 1609 soluantur,
369 1553 505 1597 locus
530 1552 673 1609 plane
697 1551 839 1597 huius
858 1550 1055 1607 collegii
1079 1565 1262 1606 capere
1286 1564 1458 1594 omnes
1478 1564 1574 1593 non
1599 1559 1702 1605 pot—

70 1630 180 1675 erit.
208 1630 343 1675 Bene
367 1628 580 1685 student,
613 1627 875 1686 proficiunt
904 1637 952 1673 et
985 1627 1031 1673 in
1063 1627 1247 1684 pietate
1280 1635 1329 1671 et
1362 1625 1407 1671 in
1443 1625 1701 1671 literarum

70 1707 398 1764 ingenuarum
437 1706 661 1764 scientia,
703 1716 903 1751 nostras
942 1704 1304 1750 admonitiones
1344 1718 1505 1760 aequo
1540 1703 1703 1748 animo

69 1784 339 1841 suscipiunt
363 1794 411 1830 et
434 1783 674 1841 hilariter,
709 1783 991 1839 morigeros
1026 1797 1078 1828 se
1112 1781 1346 1827 exhibent
1378 1780 1425 1826 in
1457 1780 1701 1837 omnibus,

69 1862 136 1908 ita
161 1872 212 1908 ut
235 1862 447 1908 aliarum
483 1861 766 1907 scholarum
802 1860 1024 1906 asseclas
1058 1859 1315 1916 modestia,
1355 1858 1610 1915 diligentia
1644 1874 1704 1903 ac

69 1940 314 1997 probitate
338 1941 487 1997 longe
511 1940 712 1997 lateque
735 1939 1028 1996 praelucere
1054 1937 1334 1983 videantur.
1369 1936 1503 1982 Idem
1538 1936 1703 1982 dicere

67 2033 328 2074 possumus
352 2017 412 2063 de
435 2017 618 2063 nostris
641 2015 1140 2083 conuictoribushqui
1173 2030 1293 2060 sane
1328 2014 1523 2072 optimis
1558 2014 1703 2059 mori-

68 2096 159 2140 bus
182 2104 231 2140 et
255 2095 440 2152 pietate
464 2095 629 2140 ornati
652 2103 780 2140 sunt.
807 2093 1174 2151 Quamplurimi
1208 2093 1378 2149 magni
1412 2092 1623 2137 nominis
1657 2095 1706 2136 et

67 2172 378 2230 bonaefidez'
393 2172 615 2217 homines
638 2187 756 2217 suos
780 2171 904 2216 filios
928 2170 1175 2216 conuictui
1199 2179 1372 2216 nostro
1396 2169 1598 2215 tradere
1622 2184 1703 2214 cu-

67 2250 218 2306 piunt.
246 2250 460 2307 Quidam
483 2250 778 2307 praeclarus
802 2248 1040 2294 Poloniae
1065 2248 1249 2293 nobilis
1273 2263 1438 2293 comes
1472 2246 1703 2292 nuncium

66 2328 129 2372 ad
152 2344 241 2373 nos
266 2328 393 2373 misit
417 2343 529 2373 cum
555 2327 727 2385 literis,
754 2335 983 2372 amanter
1009 2341 1197 2382 rogans
1221 2335 1273 2370 ut
1298 2340 1414 2370 suos
1434 2324 1558 2369 filios
1578 2324 1700 2369 reci-

66 2420 314 2463 peremus,
342 2414 546 2462 propter
564 2405 658 2450 loci
682 2403 967 2461 angustiam
987 2404 1236 2461 repulsam
1258 2412 1332 2448 est
1352 2416 1544 2459 passus;
1566 2417 1700 2458 spem

66 2491 233 2528 tamen
271 2483 494 2529 dedimus
534 2483 799 2541 aliquando
838 2482 1061 2528 futurum
1101 2490 1152 2526 ut
1191 2481 1395 2538 petitum
1436 2480 1698 2526 obtineret.

68 2560 216 2606 Vnde
236 2561 474 2616 colligere
498 2576 758 2617 possumus
783 2559 976 2605 animos
996 2558 1299 2615 mu[l]torum
1320 2573 1444 2614 erga
1470 2572 1558 2602 nos
1578 2558 1701 2603 bene

66 2624 175 2683 esse
194 2643 487 2694 propensos
511 2644 545 2695 0,
573 2647 621 2683 et
645 2637 966 2683 humanitatis
990 2636 1134 2692 signa
1160 2636 1477 2680 ostenderent
1509 2634 1702 2679 maiora

65 2714 103 2759 si
128 2719 341 2772 propter
362 2714 380 2741 ‘¹
408 2715 658 2761 hominum
683 2715 992 2772 quorundam
1019 2712 1423 2758 maleuolentiam
1450 2712 1704 2757 striderent

112 2895 131 2914 ²²
174 2900 226 2933 et.
281 2895 347 2923 —b
380 2900 432 2933 et.
487 2902 549 2923 —C
581 2894 763 2932 affectos.
820 2893 884 2920 -d
930 2906 1015 2941 per.

114 3063 122 3080 ¹
174 3060 373 3098 Gradisca
392 3066 431 3096 et
450 3059 616 3096 Gorizia
635 3059 781 3106 oppida
801 3059 840 3094 in
860 3058 1005 3094 finibus
1028 3063 1267 3094 venetorum
1288 3062 1327 3093 et
1347 3070 1574 3103 carnorunn
1603 3058 1701 3095 Ter-

64 3126 179 3167 geste
202 3120 392 3164 (Trieste)
411 3133 500 3166 opp.
523 3120 563 3155 in
583 3119 758 3155 Histria.
