2051 3516
338 329 406 356 xm
807 319 1023 357 LITTERAE
1049 319 1140 366 Qun
1150 331 1402 358 DRIMEsrizEs

293 414 559 472 subjungit,
587 431 711 471 quae
737 425 783 460 et
808 416 1053 461 Polancus
1087 426 1135 462 et
1169 432 1256 461 nos
1291 433 1351 461 ex
1387 417 1468 462 illa
1498 417 1705 474 epistola
1730 433 1911 473 expun-

291 493 454 550 genda
493 492 736 537 duximus.
775 492 982 538 Cautior
1020 494 1305 539 Ludovicus
1344 492 1626 539 Santander
1666 494 1810 551 sigilli
1850 495 1910 539 le-

292 585 419 625 gem,
447 569 679 614 obcurius
704 569 984 625 indicatam,
1012 570 1250 615 observat
1269 570 1564 626 diligentius,
1586 570 1811 626 idemque
1835 585 1911 614 ar-

292 655 579 703 gumentum
613 646 903 691 brevissime
937 647 1165 691 absolvit:
1209 648 1336 691 «Los
1372 662 1521 703 pocos
1561 662 1654 704 que
1687 656 1911 703 estauan,

293 723 461 779 inquit,
562 722 885 767 confessaron
907 724 1110 768 muchas
1128 734 1318 780 gentes,
1343 724 1719 769 remediandose
1739 724 1913 781 almas,

294 801 352 845 de
378 815 471 857 que
496 801 538 844 el
564 798 740 855 Sefior,
768 815 900 855 creo,
929 800 990 845 ha
1024 801 1129 845 sido
1165 800 1270 846 bien
1308 800 1597 857 glorificado
1622 816 1763 845 como
1787 789 1846 845 El
1869 801 1914 845 lo

293 879 428 931 sabe,
454 894 484 934 y
509 894 572 933 yo
597 880 713 933 aqui
738 878 783 922 lo
807 878 952 931 callo,
980 894 1070 934 por
1095 893 1155 922 no
1190 878 1345 923 bauer
1380 878 1642 923 necesidad
1668 893 1725 922 en
1762 893 1931 937 seme-v

293 953 427 1011 jante
451 954 659 999 materia
684 954 1084 1009 particularizar›
1115 957 1144 999 ¹.

383 1031 547 1088 Aliqui
580 1047 702 1076 vero
737 1046 845 1076 cum
880 1032 942 1077 ab
977 1031 1066 1076 hac
1092 1032 1470 1087 prudentissima
1495 1032 1739 1085 cautione,
1768 1047 1861 1076 non
1887 1047 1916 1076 a

295 1109 455 1165 sigillo
489 1107 754 1163 servando,
788 1108 1051 1164 aliquando
1086 1109 1376 1153 recederent
1410 1118 1458 1153 et
1492 1109 1767 1164 singularia
1801 1123 1915 1153 non-

295 1186 427 1230 nulla
451 1196 729 1241 narrarent3
758 1185 923 1241 utique
948 1185 1245 1230 censendum
1271 1195 1344 1230 est
1369 1201 1469 1239 eos,
1499 1186 1764 1230 secundum
1785 1201 1914 1230 com-

295 1277 489 1307 munem
513 1277 572 1307 eo
596 1270 818 1317 tempore
843 1263 1100 1313 doctorum
1126 1263 1438 1319 sententiam,
1459 1261 1705 1319 judicasse
1731 1262 1912 1306 nullam

295 1339 404 1384 inde
428 1350 510 1383 aut
535 1338 892 1394 poenitentibus
912 1339 1186 1384 molestiam
1211 1349 1295 1384 aut
1320 1339 1406 1394 ipsi
1431 1348 1746 1384 sacramento
1772 1338 1917 1383 detri-

296 1424 512 1460 mentum
538 1415 671 1459 oriri.
700 1415 953 1460 Volebant
977 1415 1152 1472 quippe
1178 1399 1270 1460 Dei
1296 1415 1688 1460 misericordiam
1713 1415 1915 1460 extolle-

298 1508 369 1549 re,
396 1492 495 1537 vim
519 1502 567 1537 et
595 1491 944 1537 efficacitatem
979 1493 1278 1537 sacramenti
1312 1493 1590 1547 ostendere,
1620 1491 1914 1548 poenitentis

297 1570 445 1615 animi
479 1569 711 1626 gaudium
745 1585 1015 1625 pacemque
1050 1570 1111 1614 ob
1145 1570 1314 1614 oculos
1350 1583 1550 1624 ponere3
1588 1577 1635 1613 et
1669 1569 1916 1626 quoniam,

300 1656 349 1691 ut
383 1656 456 1692 est
491 1647 535 1691 in
571 1646 854 1702 proverbio,
883 1646 1050 1691 brevis
1088 1646 1167 1691 via
1202 1662 1287 1702 per
1323 1647 1565 1702 exempla,
1598 1646 1720 1691 haec
1755 1645 1918 1691 tacitis

298 1724 571 1768 nominibus
606 1724 976 1779 suppressisque
1011 1723 1066 1767 iis
1102 1739 1229 1779 quae
1265 1733 1580 1779 peccatorem
1604 1722 1734 1768 forte
1759 1722 1917 1778 prodi-

299 1801 496 1855 dissent,
525 1801 569 1844 in
594 1800 787 1856 scriptis
814 1800 1150 1856 proferebant.
1181 1800 1344 1845 Etiam
1370 1816 1497 1845 nunc
1521 1800 1632 1846 licet
1657 1800 1919 1845 conciona-

299 1878 487 1921 toribus
512 1877 578 1921 uti
603 1877 766 1933 aliquo
792 1878 934 1921 modo
954 1877 1125 1921 notitia
1152 1892 1315 1922 rerum
1342 1892 1430 1933 per
1455 1877 1816 1922 confessionem
1840 1891 1919 1921 ac-

300 1954 477 2009 quisita
501 1953 562 1998 ad
589 1953 837 2009 parandas
862 1964 975 2009 apte
999 1954 1277 2007 conciones,
1306 1954 1568 1999 dummodo
1594 1963 1758 1998 tamen
1783 1953 1829 1998 id
1853 1953 1922 1998 fa-

301 2031 432 2075 ciant
457 2045 550 2074 non
578 2030 722 2074 modo
748 2031 814 2075 ita
842 2040 919 2076 «ut
942 2031 1055 2075 nulli
1081 2031 1255 2076 exinde
1279 2031 1641 2075 incommodum
1666 2039 1920 2086 sequatur,

302 2122 459 2162 neque
483 2107 770 2151 scandalum
807 2108 1090 2163 pusillorum
1127 2108 1260 2164 sequi
1299 2108 1490 2152 valeat»
1518 2108 1532 2131 ‘2
1558 2107 1643 2152 sed
1668 2107 1734 2152 ita
1760 2116 1811 2151 ut
1840 2107 1922 2151 «de

301 2183 555 2229 submissis
593 2184 637 2227 in
679 2185 1028 2229 sacramentali
1063 2185 1375 2230 confessione
1410 2185 1623 2230 clavium
1663 2183 1921 2240 potestati»

303 2276 507 2317 prorsus
532 2270 747 2313 taceant,
776 2277 833 2306 ac
861 2277 945 2306 «ne
970 2261 1081 2317 quid
1109 2277 1378 2318 unquam...
1406 2262 1467 2306 ad
1493 2260 1815 2306 confessionis
1849 2276 1921 2304 sa-

303 2338 619 2382 cramentalis
643 2339 903 2383 materiam
930 2339 1234 2395 pertinens...
1258 2339 1504 2395 attingere
1530 2338 1769 2383 audeant»
1799 2340 1830 2382 ³.

393 2414 842 2469 Quadrimestrium
873 2431 989 2460 vero
1014 2416 1286 2471 scriptores
1311 2415 1458 2471 aliqui
1494 2415 1614 2460 satis
1650 2415 1925 2459 consultum

306 2506 416 2535 cum
456 2490 817 2546 poenitentibus
851 2501 953 2536 tum
987 2502 1307 2537 sacramento
1344 2493 1598 2548 putabant,
1636 2492 1794 2547 primo
1830 2491 1926 2547 qui-

308 2568 414 2612 dem
456 2569 582 2623 quod
622 2583 797 2613 nomen
839 2569 1127 2624 poenitentis
1167 2569 1428 2625 omniaque
1468 2584 1595 2626 quae
1634 2568 1928 2624 poenitentis

308 2659 568 2699 personam
604 2646 1059 2701 quomodocumque
1095 2646 1306 2701 prodere
1347 2646 1555 2702 quirent,
1592 2645 1782 2690 silentio
1823 2660 1925 2700 pre-

309 2722 521 2775 mebant,
544 2721 715 2766 deinde
734 2722 859 2777 quod
886 2723 1078 2767 litterae
1103 2723 1213 2767 illae
1233 2738 1390 2779 neque
1415 2722 1579 2767 statim
1606 2731 1713 2778 post
1738 2721 1926 2766 confesv

309 2798 486 2853 siones,
514 2813 670 2853 neque
700 2799 744 2842 in
782 2799 900 2843 locis
935 2799 1012 2843 ubi
1050 2815 1129 2843 res
1163 2799 1458 2844 accidissent
1493 2799 1732 2855 legendae
1767 2807 1925 2848 erant:

309 2889 464 2929 neque
489 2875 826 2919 saecularibus
850 2885 934 2920 aut
960 2875 1237 2920 rudioribus
1257 2875 1531 2920 hominibus
1553 2889 1752 2930 remque
1774 2875 1928 2918 minus

360 3001 367 3017 ¹
421 2998 541 3041 Infra,
564 3011 600 3034 n.
622 2998 678 3034 51.

358 3060 369 3076 '·'
420 3058 724 3099 REIFENsrUEL,
758 3058 978 3101 leealogsa
999 3059 1181 3094 moralis
1201 3059 1276 3101 (ed.
1301 3058 1498 3099 Mutinae,
1523 3058 1639 3101 1740),
1662 3070 1753 3103 pag.
1780 3059 1854 3093 1313.

359 3120 370 3136 ³
421 3117 634 3153 Instructio
655 3117 997 3162 Congregationis
1017 3117 1152 3153 Sancti
1176 3117 1320 3161 Officii,
1342 3117 1461 3163 paulo
1481 3117 1664 3163 superius
1684 3118 1822 3153 allata.
