2051 3516
374 376 444 413 660
837 375 1055 412 LITTERAE
1081 374 1433 420 QUADRIMESTRES

330 470 471 526 copia
500 471 511 494 ¹
538 471 582 515 in
617 485 706 515 sua
739 471 909 516 schola
944 470 1249 526 prelecturus
1283 479 1372 525 est,
1401 469 1664 514 admodum
1700 478 1748 514 et
1782 484 1948 525 gram-

330 547 560 591 maticam
585 546 673 591 sibi
699 546 807 591 dari
831 547 978 603 cupit.
1006 546 1073 591 At
1106 545 1250 591 finem
1285 545 1466 591 faciam
1489 546 1527 590 si
1553 546 1669 590 illud
1692 561 1841 591 unum
1867 546 1946 590 ad-

330 622 516 679 didero,
544 622 671 678 quod
696 622 924 668 iuuentus
946 631 1118 667 nostra
1141 622 1230 667 sibi
1257 621 1385 666 ultro
1409 622 1546 677 leges
1571 621 1879 678 praescribit,
1902 630 1950 667 et

331 715 360 744 a
383 699 522 744 nobis
546 699 667 755 petit
689 709 742 744 ut
766 701 1113 756 approbemus.

420 775 559 825 Oret.
587 777 812 835 obsecro,
846 777 912 822 V.
949 776 1029 832 R.,
1056 791 1165 820 cum
1200 775 1432 821 Patribus
1456 784 1504 821 et
1527 775 1767 821 fratribus
1801 776 1950 821 omni-

331 854 436 906 bus,
463 853 641 910 Deum,
677 862 728 898 vt
762 854 890 910 quod
926 852 1087 909 coepit
1121 851 1345 909 perficiat
1378 853 1438 897 ad
1475 852 1615 897 suam*
1650 852 1859 908 gloriam
1905 861 1953 897 et

331 945 599 986 oppressae
624 928 926 976 Germaniae
951 930 1308 975 liberationem.
1344 929 1485 974 Vale.
1514 929 1770 986 Coloniae,
1796 929 1952 986 pridie

332 1007 437 1052 idus
462 1007 594 1063 Maii,
622 1022 750 1052 anno
778 1007 905 1053 1558.

407 1083 759 1130 Committente
778 1084 837 1130 R.
860 1084 914 1130 P.
936 1083 1201 1128 Leonardo
1218 1082 1389 1128 Cessel
1412 1083 1517 1140 [sic]
1537 1084 1568 1139 2,
1591 1083 1784 1139 scripsit
1802 1083 1867 1128 V.
1890 1083 1950 1128 R.

332 1176 509 1207 seruus
533 1161 775 1218 minimus,

1215 1244 1445 1303 JOANNEs
1480 1243 1709 1289 RETHIUs
1743 1244 1774 1288 3.

422 1358 710 1414 Inscriptio.
751 1361 777 1409 †
815 1357 1115 1402 Reverendo
1154 1357 1200 1401 in
1241 1356 1440 1401 Christo
1486 1356 1620 1401 Patri
1659 1356 1722 1401 D.
1764 1356 1955 1416 jacobo

334 1434 602 1491 Laynezio,
630 1434 891 1479 Societatis
914 1433 1032 1492 Jesu
1056 1433 1277 1489 generali
1304 1433 1509 1479 vicario.

421 1511 540 1556 Alia
564 1525 741 1556 nmml.
770 1510 1006 1555 Mandata
1031 1526 1059 1554 a
1084 1510 1300 1566 Vienna,
1328 1510 1534 1555 Loreto.

423 1588 600 1646 Sigillz·
620 1588 915 1645 vestigizmz.

1102 1789 1195 1839 167

782 1906 839 1952 P.
876 1906 1239 1952 RAPHAEL
1274 1905 1514 1951 RIERA

870 2012 1064 2037 LAURETO
1094 2002 1136 2037 15
1162 2011 1255 2048 MAJI
1284 2002 1375 2038 1558
1400 2002 1426 2038 ⁴.

337 2086 368 2121 1.
388 2085 455 2121 De
471 2088 720 2121 nostrornm
736 2083 947 2129 profectu,
965 2086 1160 2120 maxime
1171 2087 1267 2129 post
1283 2085 1486 2121 exercitia
1504 2085 1759 2130 spiritualia
1775 2085 1829 2122 de
1844 2096 1962 2122 more

404 2143 687 2190 peracta.—-2.
711 2143 778 2180 De
792 2144 1069 2180 concionibus
1085 2146 1125 2179 et
1137 2143 1191 2180 de
1206 2143 1528 2189 confessionum
1545 2147 1584 2181 et
1598 2145 1960 2181 conmmm'onum

409 2203 840 2241 mullitudine.—3-5.
864 2203 1114 2240 Illustrz'mn
1134 2205 1331 2240 virorum
1350 2205 1633 2241 visitationes.

402 2294 440 2338 1.
507 2300 534 2348 †
565 2292 672 2337 Pax
704 2292 801 2346 Xi„
829 2302 920 2337 etc.
951 2291 1243 2337 Essendomi
1277 2301 1408 2337 stato
1443 2293 1654 2350 imposto
1689 2294 1750 2339 da
1785 2294 1831 2338 la
1865 2303 1958 2339 sta.

341 2371 598 2416 ubidienza
621 2370 745 2414 ch'io
770 2370 963 2415 douessi
988 2385 1017 2414 a
1040 2369 1183 2425 pieno
1208 2371 1541 2426 ragguagliar
1564 2372 1612 2416 la
1634 2371 1693 2416 R.
1723 2370 1789 2416 V.
1818 2370 1862 2415 di
1887 2371 1962 2416 cio

341 2450 430 2494 che
465 2464 552 2505 per
590 2449 658 2506 gli
692 2448 846 2493 nostri
881 2447 919 2493 si
955 2451 981 2493 e
1020 2456 1228 2504 operato
1264 2449 1309 2493 in
1344 2458 1516 2505 questo
1554 2465 1675 2494 smo.
1713 2449 1863 2505 luogo
1896 2449 1962 2505 gli

342 2536 541 2583 quattro
566 2525 794 2582 prossimi
818 2525 1002 2581 passati
1037 2526 1156 2571 mesi
1190 2541 1218 2570 a
1252 2527 1414 2582 gloria
1438 2526 1515 2571 del
1538 2526 1722 2582 Signor
1755 2525 1891 2571 Iddio
1915 2535 1963 2571 et

391 2695 399 2712 ¹
451 2693 631 2738 lntelligi
650 2692 810 2729 videtur
827 2692 931 2728 liber
952 2691 1037 2728 «De
1056 2697 1227 2738 utraque
1254 2693 1369 2739 copia
1396 2693 1610 2729 verborum
1630 2697 1669 2729 et
1687 2705 1823 2729 rerum
1852 2706 1966 2740 prae·

342 2757 477 2799 cepta»
564 2765 587 2788 a
605 2752 653 2788 P.
680 2752 823 2788 Frusio
842 2752 1027 2798 scriptus.
1896 2741 1902 2747 .

390 2813 403 2832 ²
455 2812 561 2849 Vide
581 2825 673 2859 pag.
695 2812 729 2857 4,
751 2817 889 2849 annot.
915 2812 950 2850 3.

389 2873 402 2891 ³
455 2871 521 2909 Cf.
547 2885 639 2919 pag.
660 2871 741 2914 237,
764 2877 900 2908 annot.
925 2873 956 2909 1.

391 2933 403 2950 ⁴
454 2932 515 2968 Ex
534 2931 721 2977 originali
742 2931 782 2967 in
801 2932 935 2968 codice
962 2931 1089 2968 Rom.
1111 2930 1194 2968 126
1211 2931 1259 2975 A,
1292 2930 1314 2966 2
1332 2930 1388 2975 ff„
1421 2943 1487 2967 nn.
1520 2930 1578 2968 56.
1610 2930 1669 2976 57;
1699 2931 1808 2978 prius
1829 2931 1883 2976 12,
1908 2931 1962 2968 13.

343 2991 556 3027 Praecedit
575 2992 804 3037 exemplum
824 2991 994 3027 latinum
1013 2991 1053 3027 in
1072 2989 1112 3027 ff.
1134 2990 1192 3036 54,
1212 2990 1271 3033 ὗῦς
1292 2990 1402 3037 prius
1427 2990 1485 3027 80.
1516 2990 1659 3027 Exstat
1687 2992 1965 3038 apographum

343 3051 510 3087 latinum
532 3052 571 3087 in
591 3051 754 3087 archivo
781 3051 999 3087 coloniensi
1027 3051 1132 3097 quod
1158 3049 1259 3086 falso
1290 3050 1435 3086 dicitur
1465 3051 1602 3087 datum
1630 3050 1760 3087 idibus
1782 3050 1966 3097 Januarii

346 3110 447 3146 1558.
470 3110 538 3146 Ad
557 3112 709 3147 calcem
730 3111 904 3157 exempli
925 3110 1135 3157 originalis
1160 3109 1275 3146 latini
1302 3109 1459 3146 dieitur:
1497 3109 1714 3146 «Mandata
1740 3123 1764 3146 a
1791 3110 1966 3153 Vienna,

344 3168 523 3216 Spagna,
544 3170 792 3216 Portogallo,
815 3170 1001 3213 Francia,
1024 3170 1213 3213 Fiandra,
1234 3169 1364 3214 Italia,
1387 3169 1534 3216 Napoli
1553 3176 1593 3207 et
1612 3169 1787 3207 Sicilia.»
