2051 3516
351 298 421 335 232
815 300 969 336 er'rfflx‘
977 311 1031 336 ΑΕ
1059 301 1210 344 Quam<
1218 310 1362 335 iiusss‘rie
1368 309 1412 334 Es

362 394 405 439 3.
474 393 705 450 Discipuli
732 394 922 450 quidem
958 394 1110 439 nostri
1147 408 1313 438 omnes
1339 393 1509 437 diebus
1532 393 1690 437 sacris
1714 402 1762 437 et
1784 392 1920 438 feriis

305 470 646 526 praecedaniis
681 471 992 526 explicationi
1027 469 1269 525 euangelii
1306 478 1353 513 ct
1387 468 1626 524 epistolae
1661 468 1916 526 intersunt,

305 545 513 591 diuersis
543 555 707 591 tamen
731 546 776 590 in
800 546 993 591 scholis.
1026 545 1216 590 Verum
1253 544 1543 588 dialecticae
1568 554 1616 588 et
1641 544 1920 590 rhetoricae

304 622 532 666 studiosis
567 622 630 666 M.
668 621 913 666 Hem-icus
951 621 1218 677 Dionysius
1252 620 1605 665 catechismum
1640 619 1709 674 D.»
1738 618 1920 665 Canisii

304 707 405 743 tam
430 698 571 743 docte
597 699 969 754 interpretatur,
998 707 1046 742 ut
1071 713 1162 741 non
1191 712 1333 741 raros
1370 696 1519 740 etiam
1553 696 1732 740 artium
1767 696 1920 752 magi—

303 784 432 819 stros
458 784 504 819 et
529 775 737 818 aliarum
762 775 1023 819 bursarum
1050 774 1275 818 alumnos
1294 773 1354 817 ad
1374 788 1513 816 suam
1535 772 1921 828 praelectionem

302 849 513 895 alliceat.
545 849 813 895 Caeterum
832 849 1147 906 grammatici
1166 850 1209 893 in
1232 864 1389 904 parua
1410 848 1633 893 doctrina
1652 848 1921 894 christiana

302 926 356 971 Ρ.
385 925 615 971 Gaudani
644 928 649 950 ¹
678 936 914 970 accurate
949 934 1258 971 exercentur.
1289 924 1425 969 Haec
1451 939 1561 968 cum
1585 925 1720 969 circa
1743 924 1921 970 festum

301 1002 515 1058 paschae
549 1018 578 1046 a
612 1002 751 1047 nobis
785 1003 1064 1058 aederetury
1099 1011 1199 1046 tam
1235 1001 1412 1045 multos
1446 1000 1704 1045 confestim
1738 1001 1921 1046 inuenit

302 1088 566 1133 emptores,
594 1087 645 1122 ut
677 1078 817 1122 unius
851 1078 1031 1122 mensis
1064 1077 1223 1133 spatio
1258 1092 1379 1132 pene
1413 1075 1499 1121 200
1533 1076 1637 1121 eius
1673 1076 1920 1122 diuendita

301 1153 395 1198 sint
420 1154 740 1208 exemplaria:
769 1162 816 1198 et
839 1153 1029 1209 quidem
1055 1168 1163 1197 cum
1190 1168 1373 1207 magna
1392 1152 1667 1196 animorum
1687 1152 1913 1207 utilitate,

300 1239 351 1275 ut
383 1230 636 1275 cuiusdam
670 1229 843 1274 summi
878 1229 1121 1274 senatoris
1155 1244 1282 1273 uxor
1316 1229 1541 1283 exemplo
1576 1243 1664 1273 suo
1699 1228 1917 1273 declara-

301 1305 385 1350 uit.
423 1305 563 1350 Haec
588 1305 874 1350 orthodoxis
898 1316 1162 1361 procreata
1188 1304 1488 1360 parentibus5
1517 1304 1605 1359 piis
1630 1314 1677 1349 et
1698 1304 1920 1350 catolicis

302 1382 670 1438 precationibus
709 1382 777 1426 uti
816 1391 1159 1435 consueuerat,
1198 1396 1320 1437 quas
1353 1390 1463 1436 post
1498 1381 1718 1434 seducta,
1754 1381 1919 1426 nescio

302 1473 456 1515 quare
487 1466 518 1511 ³,
547 1459 738 1512 abiecit,
776 1467 823 1503 et
857 1458 902 1503 in
937 1474 1107 1503 earum
1144 1459 1303 1502 locum
1340 1458 1528 1502 libellos
1562 1458 1808 1502 hereticos
1842 1473 1915 1502 as—

298 1536 517 1591 sumpsit.
546 1535 696 1580 Forte
721 1535 766 1579 in
791 1535 927 1579 istius
951 1550 1124 1579 manus
1149 1535 1372 1590 peruenit
1396 1534 1620 1579 doctrina
1645 1534 1914 1580 christiana

298 1611 360 1657 D.
383 1610 629 1667 Gaudani,
658 1627 801 1667 quam
825 1611 1178 1656 studiosissime
1202 1611 1263 1655 ad
1290 1610 1432 1655 finem
1459 1626 1609 1666 usque
1635 1612 1914 1667 perlegenS‚

297 1687 366 1733 ita
389 1696 693 1732 commutata
724 1697 813 1743 est,
841 1697 892 1732 ut
927 1687 1153 1743 antiquas
1188 1703 1303 1732 suas
1339 1702 1543 1742 praeces
1578 1696 1841 1743 repeteret,
1869 1693 1942 1733 et'

298 1779 455 1808 nouas
500 1776 645 1819 atque
688 1763 966 1808 haereticas
1009 1764 1263 1819 abiiceret‚
1306 1764 1545 1819 simulque
1589 1765 1912 1809 exclamaret:

300 1840 507 1885 Vtinam
532 1840 659 1885 hunc
685 1840 858 1884 librum
884 1840 1045 1885 cuncti
1072 1840 1307 1895 legerent!
1333 1839 1523 1885 Contra
1542 1841 1665 1885 haec
1689 1856 1778 1885 nos
1802 1857 1915 1897 quo-

298 1916 414 1961 tidie
440 1932 715 1972 peccamus,
742 1926 789 1961 et
812 1932 901 1961 nos
926 1932 1134 1972 peccare
1158 1917 1463 1973 ignoramus.
1488 1917 1791 1973 Multumque
1815 1918 1914 1962 ani-

297 2007 376 2036 mo
401 1991 608 2036 sollicito
634 1991 738 2046 fuit,
767 2008 978 2048 quonam
1014 2002 1160 2048 pacto
1195 1993 1507 2038 occasionem
1542 1994 1915 2039 nancisceretur

296 2068 478 2112 nostris
503 2077 709 2124 peccata
734 2068 1009 2113 confitendi.
1038 2068 1315 2114 Occasione
1339 2070 1537 2114 tandem
1563 2079 1780 2125 reperta,
1807 2086 1916 2126 pro—

296 2144 425 2189 misit
463 2160 515 2190 se
556 2146 922 2200 exomologesin
961 2156 1279 2201 peccatorum
1318 2161 1520 2191 suorum
1554 2146 1760 2202 singulis
1794 2162 1915 2202 pene

300 2220 549 2265 mensibus
574 2221 837 2274 facturam,
866 2221 1251 2278 idquefelicitez'
1272 2222 1316 2266 in
1345 2232 1630 2278 pentecoste
1664 2223 1915 2267 inchoatu-

296 2313 420 2341 ram.
452 2297 682 2342 Promisit
718 2307 980 2353 praeterea
1005 2314 1055 2343 se
1080 2299 1261 2343 nostris
1286 2299 1437 2343 libros
1461 2300 1742 2345 haereticos
1766 2300 1915 2345 tradi—

294 2384 473 2431 turam3
501 2389 590 2430 pro
615 2383 718 2418 tota
742 2375 856 2419 item
880 2374 1066 2419 familia
1086 2375 1362 2420 doctrinam
1387 2376 1705 2421 christianam
1729 2378 1914 2433 emptu-

296 2464 418 2505 ram,
447 2459 830 2505 curatur-amque
855 2466 948 2506 quo
974 2451 1099 2495 idem
1125 2467 1153 2495 a
1177 2452 1432 2496 sororibus
1456 2451 1555 2497 fiat.

353 2525 395 2569 4.
462 2524 544 2570 Sic
576 2525 622 2570 in
655 2525 758 2571 dies
791 2527 963 2571 melior
996 2526 1260 2572 Societatis
1294 2528 1417 2572 odor
1450 2543 1537 2583 per
1573 2528 1833 2573 Coloniam
1867 2538 1915 2574 et

296 2616 487 2645 omnem
524 2602 953 2648 circumiacentem
988 2603 1240 2659 regionem
1277 2605 1424 2660 longe
1459 2605 1654 2661 lateque
1689 2604 1914 2650 diffundi-

295 2686 390 2721 tur.
431 2673 580 2722 Nam
615 2683 669 2723 m‘
701 2693 801 2724 non
836 2693 1226 2725 commemorem
1260 2681 1616 2726 consiliarium
1655 2682 1915 2738 quendam

343 2830 359 2850 ³
404 2825 677 2870 quamobrem.

344 2954 354 2972 ¹
407 2954 516 2990 Haec
542 2955 742 2991 «doctrina
761 2957 997 2993 christiana»
1019 2957 1061 2993 P.
1083 2957 1238 2993 Nicolai
1259 2956 1448 2994 Gaudani
1470 2959 1584 3002 (alias
1604 2958 1805 3004 Goudani)
1827 2965 1913 2996 erat

295 3013 573 3057 compendium
593 3015 822 3050 catechismi
844 3015 888 3052 B.
911 3016 1020 3052 Petri
1042 3015 1208 3059 Canisii,
1231 3022 1273 3052 ut
1298 3017 1338 3052 in
1362 3017 1442 3053 suis
1471 3018 1794 3063 ephemeridibus
1820 3020 1912 3055 scri-

294 3070 350 3106 bit
371 3071 471 3107 idem
496 3073 677 3109 Rethius.
702 3072 764 3110 Cf.
787 3074 1141 3120 BRAUNSBERGER,
1166 3075 1332 3112 Cam'sii
1348 3076 1503 3122 Ept'st.,
1523 3076 1573 3121 ΙΙ,
1593 3076 1678 3113 890.
