2051 3516
398 330 466 366 484
872 330 1086 368 LITTERAE
1112 331 1463 376 QUADRIMESTRES

353 425 630 481 aliqnando
659 431 690 469 ³.
716 424 777 469 Et
801 436 952 484 certe,
976 425 1013 470 si
1040 425 1182 470 modo
1202 424 1396 470 domum
1416 425 1534 470 satis
1553 425 1770 470 multam
1788 425 1806 452 b
1821 426 1966 471 habe-

352 516 534 556 remus,
571 501 914 557 quamplurimi
949 517 1059 547 sese
1098 501 1344 546 conuictui
1383 512 1552 547 nostro
1592 501 1964 548 concrederent:

350 577 453 634 sed,
480 578 602 634 qnia
627 578 896 635 collegium
919 583 1003 624 sat
1023 579 1248 623 locorum
1274 592 1373 622 non
1398 578 1549 623 habet
1575 585 1605 631 ⁰,
1632 579 1875 624 bonorum
1900 579 1966 623 vi-

350 670 520 700 rorum
546 655 673 700 uotis
697 670 759 700 ex
782 670 941 711 aequo
967 655 1267 712 respondere.
1292 670 1387 700 non
1411 670 1685 711 possumus.

408 731 450 776 s).
518 731 661 787 Quod
693 731 753 776 ad
789 731 974 776 fratres
1006 741 1204 776 nostros
1238 740 1445 787 spectat,
1482 732 1792 777 uocationem
1828 748 1966 777 suam

350 808 504 862 probe
530 817 723 862 ornant,
762 808 913 853 literis
947 809 1207 864 diligenter
1241 807 1540 864 incumbunt,
1576 808 1743 864 pietati
1779 818 1826 854 et
1860 810 1966 854 reli-

352 885 456 939 quis
491 885 752 930 virtutibus
784 886 1003 930 sedulam
1037 900 1240 941 operam
1275 885 1573 940 impendunt,
1611 885 1847 941 proximis
1880 901 1968 930 suo

352 963 509 1006 bonae
542 962 935 1007 conuersationis
974 962 1198 1017 exemplo
1239 961 1543 1017 praelucent.
1588 961 1665 1006 Ad
1706 977 1832 1017 quae
1871 962 1967 1007 iam

351 1037 688 1083 uehementius
723 1038 914 1084 incitari
955 1049 1172 1094 possunt,
1209 1053 1319 1082 cum
1353 1037 1580 1082 nimirum
1615 1038 1775 1082 studia
1804 1038 1966 1083 litera-

350 1131 456 1159 rum
484 1115 826 1161 humaniorum
851 1116 910 1160 de
940 1116 1132 1171 integro
1169 1123 1411 1159 renouata
1445 1115 1538 1160 sint
1571 1124 1719 1171 atque
1754 1115 1966 1161 fratrum

349 1207 581 1236 numerus
605 1193 665 1236 ad
689 1191 747 1237 40
768 1193 874 1248 plus
899 1193 1055 1237 minus
1079 1191 1375 1236 excreuerit.
1404 1190 1715 1247 Suscepimus
1739 1192 1833 1237 hoc
1852 1208 1966 1249 qua-

349 1268 593 1313 drimestri
629 1269 751 1313 duos
785 1269 1140 1317 adolescentes,
1179 1268 1389 1312 alterum
1428 1267 1685 1324 hispanum
1724 1272 1963 1325 sutorem,

349 1346 557 1390 alterum
583 1361 874 1401 germanum
898 1351 1174 1395 sartorem&
1199 1360 1308 1400 spes
1339 1354 1412 1390 est
1436 1345 1542 1390 fore
1575 1354 1626 1390 ut
1660 1346 1705 1390 in
1740 1345 1966 1402 incoepto

348 1421 627 1478 persistant.
652 1421 840 1467 Nobilis
860 1423 1053 1478 quidam
1076 1422 1118 1466 in
1140 1423 1253 1466 aula
1273 1422 1615 1467 serenissimae
1636 1422 1839 1478 reginae
1859 1439 1966 1479 per-

347 1508 515 1543 taesus
539 1498 678 1544 huius
704 1500 881 1552 mundi,
910 1498 961 1543 et
981 1514 1183 1543 exosam
1212 1499 1396 1543 habens
1421 1499 1603 1543 saeculi
1628 1515 1871 1557 pompam,
1909 1500 1968 1545 de

349 1575 583 1620 faciendis
608 1575 856 1620 exercitiis
880 1585 926 1620 et
953 1575 1220 1619 mutatione
1249 1574 1377 1620 vitae
1402 1575 1605 1630 cogitat.
1635 1575 1770 1620 Deus
1789 1576 1966 1621 scintil-

348 1652 443 1696 lam
470 1662 758 1708 conceptam
784 1668 1011 1697 crescere
1035 1652 1115 1696 det
1136 1652 1178 1696 in
1200 1652 1380 1707 ignem.
1404 1651 1543 1696 Tuae
1568 1652 1628 1696 R.
1657 1651 1708 1697 P.
1736 1653 1967 1697 aliorum·
2016 1660 2019 1664 ‘

347 1744 438 1784 que
463 1729 667 1773 Patrum
687 1738 733 1773 et
752 1728 964 1774 fratrum
984 1728 1277 1773 charitatem
1298 1728 1476 1773 obnixe
1497 1744 1749 1785 rogamus,
1773 1739 1822 1773 ut
1842 1729 1966 1774 hanc

349 1806 540 1850 vineam
567 1806 744 1851 misere
767 1807 1109 1850 conculcatam
1135 1805 1324 1860 iuuare,
1352 1804 1545 1849 fructus
1569 1805 1687 1860 eius,
1710 1821 1832 1861 quos
1852 1821 1965 1861 pau-

347 1898 432 1927 cos
475 1899 582 1928 esse
627 1883 671 1928 in
713 1881 917 1927 CHRO.
960 1883 1194 1932 dolemus,
1238 1897 1444 1938 augere,
1481 1881 1669 1938 hocque
1708 1882 1966 1938 collegium

348 1960 610 2005 viennense
635 1960 732 2004 suis
758 1959 1063 2004 orationibus
1089 1973 1386 2015 promouere
1410 1973 1503 2002 non
1530 1958 1771 2004 desinant.

439 2036 661 2082 Viennae
685 2037 918 2082 Austriae
943 2036 968 2080 2
991 2035 1221 2090 Ianuarii,
1250 2051 1379 2080 anno
1404 2035 1709 2081 MDLVIII.

434 2114 573 2159 Tuae
601 2115 699 2159 ΗΒΕ
730 2115 780 2159 Ρ.
807 2114 1033 2169 indignus
1058 2113 1181 2158 filius
1206 2129 1264 2158 ac
1289 2128 1465 2158 seruus
1490 2113 1533 2157 in
1560 2111 1785 2171 CHRO.‚

1049 2207 1278 2265 JOANNEs
1314 2208 1538 2265 DIRsms,
1566 2206 1849 2253 Germanus
1874 2211 1903 2253 ¹.

434 2324 492 2368 ln
518 2323 774 2380 nmngive,
803 2323 908 2367 alla
932 2336 1092 2367 numm
1117 2321 1307 2377 spedita
1333 2337 1419 2377 per
1443 2330 1584 2367 tutto.

390 2500 406 2518 ³¹
451 2492 508 2527 eis
528 2491 680 2527 liceret.
738 2491 800 2516 ——b
828 2491 1017 2536 amplam.
1078 2496 1133 2516 >mc
1157 2494 1318 2535 propter
1337 2488 1498 2534 collegii
1521 2488 1746 2534 angustias.

392 2651 399 2668 ¹
454 2649 516 2684 De
538 2648 732 2694 epistolae
754 2652 916 2682 auctore
939 2645 1027 2681 vide
1049 2644 1183 2690 Epist.
1207 2644 1257 2681 P.
1281 2644 1442 2687 Nadal,
1465 2643 1513 2683 ΙΙ,
1534 2643 1616 2680 361.
