2051 3516
491 326 836 363 S.—V1NDOBONA
866 328 881 362 1
906 326 1109 373 JANUARII
1138 327 1227 363 1557
1589 329 1630 366 43

40 436 156 466 nam
182 432 285 466 tres
310 421 504 478 egregii
528 421 869 467 adolescentes
894 437 946 467 se
980 422 1070 467 sub
1103 422 1223 481 Jesu
1257 423 1441 468 vexillo
1476 424 1672 481 dedere,

40 512 248 553 quorum
272 497 368 542 duo
393 498 619 553 germani
644 507 772 554 sunt,
800 499 975 543 tertius
1000 514 1124 543 vero
1150 499 1309 544 italus.

96 574 138 618 4.
208 573 405 618 Addam
428 574 506 619 hic
530 575 642 630 duo,
669 584 843 620 notatu
866 574 1094 620 fortassis
1118 591 1214 620 non
1239 575 1458 632 indigna,
1496 591 1628 633 quae

37 650 130 696 Dei
154 651 369 707 gloriam
393 652 549 696 etiam
568 655 815 708 poterunt
831 657 1158 708 promouere.
1187 651 1330 697 Soliti
1350 652 1546 708 fuimus,
1570 662 1671 699 tam

36 727 225 772 Patres
242 727 261 754 b
286 743 432 784 quam
452 727 653 784 fratres,
676 727 896 773 infirmos
916 729 1161 774 interdum
1181 729 1396 774 w‘sz'tczre
1419 735 1450 786 0,
1473 730 1672 775 eosdem

36 804 285 849 consolari
329 820 389 849 ac
428 804 601 849 salutis
640 805 909 860 spiritualis
949 805 1206 861 palmlmtc
1244 805 1262 831 ‘¹
1295 805 1666 851 administrare.

34 880 369 927 Mercatorem
393 881 545 937 igitur
569 881 831 937 quendam,
859 882 1123 926 lutherana
1157 882 1354 927 haeresi
1390 882 1668 928 obstinatis—

33 957 224 1013 simum,
251 957 448 1014 saepius
472 957 725 1003 inuisimus
749 967 797 1003 et
820 959 883 1003 ad
907 959 1156 1003 saniorem
1175 968 1390 1004 mentem
1414 959 1666 1004 adhortati

33 1048 217 1079 sumuS.
244 1034 290 1079 Is
314 1049 425 1079 cum
450 1034 563 1079 nihil
589 1035 746 1080 minus
771 1050 823 1080 se
847 1034 1114 1091 facturum,
1144 1051 1289 1092 quam
1324 1036 1464 1081 nobis
1500 1036 1665 1082 crede-

32 1127 100 1163 re,
125 1111 413 1168 frequenter
437 1121 706 1170 assereret,
744 1113 944 1157 tandem
971 1111 1154 1158 Christi
1189 1113 1359 1169 gratia
1384 1114 1668 1160 induratum

31 1187 135 1232 eius
159 1188 393 1233 emolliuit
417 1189 633 1234 animum
657 1199 705 1234 et
739 1189 1055 1245 ignorantiae
1090 1205 1149 1235 ac
1184 1190 1404 1235 malitiae
1438 1191 1667 1236 velamen

31 1265 94 1309 ab
118 1265 272 1310 oculis
296 1265 460 1310 cordis
485 1266 588 1311 eius
613 1266 830 1322 abstulit,
859 1266 987 1311 adeo
1012 1270 1066 1311 vt
1087 1281 1151 1311 ex
1180 1269 1573 1313 conuersatione
1596 1269 1667 1313 ln-

26 1345 219 1396 porum
237 1355 291 1386 se
311 1342 362 1386 in
383 1342 567 1398 lupum
590 1343 823 1388 euasisse
836 1343 1078 1399 fateatur
1091 1344 1516 1400 rapacissimum,
1538 1346 1667 1402 quod

29 1432 149 1462 sane
173 1417 266 1463 Dei
291 1418 585 1464 miraculum
608 1419 766 1465 maius
790 1428 879 1471 est,
908 1435 1054 1476 quam
1079 1421 1119 1465 si
1143 1430 1394 1466 mortuum
1419 1423 1665 1478 quendam

31 1495 93 1539 ad
119 1495 272 1540 vitam
296 1505 603 1542 reuocasset.

86 1571 128 1616 5.
195 1571 419 1617 Honesta
443 1573 601 1618 eliam
626 1580 641 1599 e
668 1582 898 1619 matrona
933 1574 997 1619 ad
1030 1584 1242 1620 mortem
1278 1590 1433 1632 vsque
1467 1575 1662 1621 decum-

28 1649 166 1704 bens,
194 1664 305 1694 cum
336 1651 469 1695 nulla
502 1661 669 1706 posset
702 1661 810 1696 arte
847 1651 1036 1696 medica
1071 1652 1250 1706 iuuari,
1279 1666 1310 1696 cz
1334 1653 1520 1697 nostris
1543 1654 1658 1699 visi-

28 1725 174 1771 tasczf
207 1727 369 1772 subito
405 1728 605 1772 sanitati
640 1738 714 1773 est
747 1728 992 1773 restituta.
1021 1728 1228 1773 Vtinam
1265 1739 1313 1774 et
1347 1730 1557 1774 aliorum
1591 1745 1662 1775 se-

28 1803 301 1848 ctariorum
332 1813 560 1849 mortuae
595 1804 791 1850 animae
826 1806 1022 1852 vestris.
1060 1805 1184 1850 Rde.
1222 1805 1390 1861 Pater,
1431 1807 1662 1862 precibus

30 1879 168 1924 breui
192 1881 536 1926 restituantur.
565 1881 687 1937 Quis
712 1882 840 1926 enim
875 1883 967 1927 scit
1000 1882 1038 1927 si
1073 1882 1211 1927 Deus
1246 1884 1545 1929 misereatur
1579 1900 1660 1929 no-

28 1965 162 2001 strae
197 1958 447 2013 pereuntis
482 1965 501 1992 g
531 1956 850 2015 Germaniae,
887 1968 935 2004 et
970 1959 1213 2015 relinquat
1248 1969 1357 2016 post
1391 1976 1442 2006 se
1468 1962 1660 2006 benedi-

24 2033 258 2079 ctionem?
282 2034 391 2080 Non
415 2046 489 2080 est
512 2036 651 2081 nobis
675 2036 1039 2093 desperandum
1060 2037 1106 2082 in
1125 2037 1274 2082 tantis
1293 2038 1510 2097 alioquin
1529 2040 1658 2084 cala-

26 2110 292 2168 mitatibus,
335 2127 445 2157 cum
480 2113 735 2169 aptissima
767 2114 929 2159 media
964 2114 1240 2170 suppeditet
1275 2114 1521 2161 Christus.
1565 2115 1657 2161 Ca-

25 2187 259 2233 tholicam
299 2189 425 2234 enim
470 2191 731 2236 veritatem
773 2191 926 2236 variis
960 2191 1006 2236 in
1041 2191 1161 2237 locis
1201 2192 1277 2236 hic
1312 2207 1373 2237 ex
1412 2203 1657 2250 suggestu

24 2275 310 2311 constanter
333 2267 632 2324 spargimus,
659 2283 817 2324 neque
842 2268 1017 2314 desunt
1035 2269 1116 2325 qui
1135 2269 1296 2323 auide,
1319 2279 1383 2323 et,
1411 2279 1464 2314 vt
1487 2285 1654 2326 spera-

28 2356 151 2398 mus,
179 2357 288 2387 cum
314 2343 497 2399 fructu,
525 2344 817 2400 percipiant.

81 2418 124 2464 6.
190 2418 405 2465 Iniunxit
429 2421 642 2478 collegio
666 2431 839 2466 nostro
874 2432 990 2467 ante
1024 2438 1165 2467 suum
1200 2423 1263 2468 ad
1298 2424 1498 2468 comitia
1523 2425 1536 2447 ¹
1563 2424 1654 2468 dis-

23 2509 217 2540 cessum
251 2497 594 2542 serenissimus
628 2513 947 2544 romanorum
984 2515 1075 2544 rex
1106 2499 1467 2556 Ferdinandus,
1496 2509 1548 2544 vt
1571 2516 1654 2545 no-

22 2581 179 2617 strum
219 2574 482 2630 quispiam
516 2574 534 2600 ¹³
569 2575 616 2620 in
655 2576 929 2620 cathedrali
969 2577 1180 2621 ecclesia
1220 2577 1443 2621 omnibus
1482 2576 1654 2622 diebus

21 2648 162 2695 festis
199 2651 538 2707 concionetur,
581 2652 709 2709 quod
748 2653 895 2698 etiam
937 2652 1107 2710 (Chro.
1150 2654 1257 2698 laus
1297 2663 1345 2698 et
1382 2654 1565 2711 gloria)
1600 2653 1652 2700 fit

1652 577 1674 598 a

68 2846 85 2866 ἃ
118 2840 179 2876 ad.
234 2840 299 2867 —b
320 2841 632 2878 sacerdotes.—c
658 2842 848 2878 inuisere.
904 2842 969 2868 ——d
991 2842 1134 2878 cibum.
1179 2849 1240 2869 ——e
1261 2841 1454 2879 Alterum
1471 2849 1530 2880 est
1545 2846 1650 2891 quod

21 2898 189 2935 honesta
212 2899 423 2945 quaedam.
486 2900 534 2927 -f
560 2913 651 2937 cum
679 2901 803 2937 nostri
831 2914 921 2938 eam
952 2902 1188 2937 inuiserent.
1243 2909 1308 2935 -g
1339 2902 1535 2948 periuntis
1567 2914 1646 2942 ms.

25 2958 88 2984 —h
121 2958 279 3004 aliquis.

73 3136 79 3153 ¹
134 3134 309 3172 Comitia
327 3136 487 3182 imperii
506 3136 643 3173 habita
662 3144 753 3173 sunt
773 3149 877 3173 anno
901 3136 1101 3173 1556-1557
1120 3138 1383 3176 Ratisbonae.
