2051 3516
581 268 869 307 132.—GENUA
893 271 916 306 7
937 269 1138 317 JANUARII
1170 271 1261 307 1558
1618 270 1685 308 501

106 362 252 408 facile
295 374 368 408 est
412 363 700 409 coniectura
744 364 941 421 assequi
985 374 1223 421 quantum
1267 365 1370 411 eius
1415 365 1643 411 doctrina
1686 373 1735 411 et

105 440 383 485 authoritas
407 440 536 496 apud
561 456 733 486 omnes
756 442 941 486 valeat.

161 516 204 562 6.
270 516 365 562 Die
399 517 660 573 dominiCO,
698 518 778 574 qui
811 518 902 564 fuit
926 512 1170 575 ¹septimus
1204 519 1384 564 mensis
1417 519 1732 576 Nouembris,

103 593 501 639 adolescentulus
526 595 722 651 quidam
746 595 938 651 nobilis,
961 595 1040 651 qui
1058 595 1149 640 sub
1168 605 1340 641 nostra
1359 596 1613 653 disciplina
1632 596 1734 642 lite-

104 670 171 715 ris
195 685 398 726 operam
424 671 589 723 dabat.
616 672 787 717 habuit
811 672 1111 718 luculentam
1135 673 1414 718 orationem
1446 674 1503 718 de
1523 673 1735 730 republi-

103 762 162 792 ca
187 747 462 792 ordinanda
485 748 548 792 ad
572 748 955 794 illustrissimum
980 749 1155 794 ducem
1190 759 1238 794 et
1272 758 1530 795 senatores
1564 764 1735 795 omnes

102 824 485 882 vniuersamque
510 825 761 871 ciuitatem
787 827 832 872 in
857 826 1040 882 templo
1065 826 1164 872 diui
1187 826 1460 872 Laurentii.
1494 825 1734 872 Carmina

103 901 276 946 deinde
300 917 330 946 a
354 917 509 958 puero
534 918 631 947 non
657 905 847 948 maiore
877 919 1022 959 quam
1057 913 1245 959 septem
1280 918 1523 948 annorum
1558 903 1734 948 decan-

103 987 207 1023 tata
241 987 369 1035 sunt,
407 988 547 1024 tanta
590 980 728 1025 vocis
761 981 1023 1036 suauitate,
1067 990 1116 1025 et
1154 989 1418 1026 venustate
1452 990 1641 1038 gestus,
1683 990 1735 1026 ut

101 1066 206 1100 tota
245 1056 423 1101 ciuitas
461 1057 746 1112 miraretur,
789 1073 1010 1114 praeque
1044 1058 1229 1115 gaudio
1264 1058 1490 1114 gestiret.
1534 1058 1627 1103 Die
1661 1073 1733 1103 se-

101 1134 267 1189 quenti
292 1146 577 1179 nostrorum
602 1136 878 1180 studiorum
914 1135 1217 1180 restauratio
1253 1145 1368 1180 acta
1402 1144 1490 1192 est,
1529 1135 1734 1180 solemni

101 1225 247 1255 sacro
273 1220 491 1268 cantato,
519 1222 566 1256 et
591 1212 817 1257 oratione
842 1213 902 1257 de
926 1212 1153 1257 laudibus
1177 1212 1453 1257 studiorum
1487 1212 1621 1269 prius
1651 1212 1733 1257 ha-

101 1287 202 1332 bita.
236 1288 282 1332 in
317 1289 499 1344 templo
533 1288 723 1334 Beatae
758 1289 966 1335 Mariae.
1005 1289 1334 1345 Preceptores
1368 1289 1541 1335 deinde
1577 1304 1734 1334 nouas

100 1365 331 1421 aggressi
357 1365 608 1417 lectiones,
637 1376 777 1411 tanto
802 1366 963 1411 studio
988 1376 1036 1412 et
1066 1367 1320 1422 diligentia
1355 1367 1398 1411 in
1437 1366 1733 1411 erudiendos

100 1441 365 1497 discipulos
404 1442 707 1496 incumbunt,
746 1453 796 1488 ut
830 1443 875 1488 in
912 1444 1003 1488 illis
1043 1443 1163 1489 satis
1202 1459 1449 1500 superque
1488 1453 1733 1500 appareat

99 1527 352 1563 tantorum
376 1519 602 1564 laborum
628 1519 835 1566 fructus.
864 1520 1112 1566 Numerus
1137 1521 1490 1577 discipulorum
1525 1530 1600 1566 est
1629 1520 1731 1578 236,

100 1604 148 1640 et
171 1596 329 1641 maior
353 1596 545 1653 quidem
569 1597 783 1654 futurus,
811 1599 849 1643 si
874 1598 1040 1655 plures
1074 1599 1261 1644 classes
1295 1614 1477 1654 capere
1511 1608 1731 1655 possent.

100 1672 189 1718 His
213 1673 379 1729 itaque
404 1683 455 1719 ut
479 1690 589 1719 cum
614 1675 768 1720 literis
792 1676 1026 1731 pietatem
1052 1676 1373 1733 coniungant,
1406 1676 1610 1732 singulis
1635 1676 1733 1721 die-

100 1751 190 1795 bus
216 1751 413 1796 veneris
437 1758 454 1778 ³
482 1752 742 1797 lectionem
767 1753 1024 1798 doctrinae
1049 1753 1279 1810 xpianae.
1308 1754 1615 1799 reuerendus
1649 1770 1729 1799 no-

98 1839 202 1873 ster
226 1827 378 1873 Pater
400 1830 629 1887 perlegit,
658 1830 733 1875 cui
759 1831 908 1875 etiam
933 1840 981 1876 et
1004 1831 1084 1876 alii
1119 1831 1361 1876 intersunt
1395 1832 1616 1887 plerique
1650 1832 1730 1876 ho-

99 1905 268 1963 mines;
296 1906 486 1952 decimo
511 1922 704 1964 quoque
729 1908 894 1965 quinto
918 1908 994 1953 die
1018 1909 1189 1954 eodem
1209 1909 1319 1954 loco
1338 1909 1551 1954 habetur
1570 1909 1730 1954 oratio

98 1983 162 2028 ab
186 1999 283 2027 vno
308 2000 370 2029 ex
394 1984 642 2041 discipulis
667 2001 755 2030 suo
780 1986 928 2042 ipsius
959 1996 1120 2031 marte
1155 1987 1447 2043 composita,
1486 1996 1537 2031 ut
1571 1995 1729 2032 coete-

99 2076 269 2105 rorum
295 2061 487 2106 animos
511 2062 573 2107 ad
598 2062 644 2107 id
673 2062 830 2119 ipsum
866 2064 1113 2119 agendum
1150 2064 1408 2109 accendat.
1448 2063 1592 2121 ,Quod
1624 2064 1729 2120 qni-

98 2138 308 2195 demfit.
337 2138 461 2184 Sunt
485 2140 663 2185 etenim
689 2141 847 2185 laudis
871 2141 1032 2197 cupidi
1055 2141 1087 2186 ὓ.

157 2215 200 2261 7.
266 2215 377 2261 Hoc
402 2232 496 2261 non
522 2217 713 2262 silentio
747 2219 1167 2274 praetereundum
1202 2219 1335 2276 duxi,
1372 2228 1510 2264 tanto
1545 2217 1729 2274 corripi

99 2293 370 2350 plerunque
394 2294 571 2340 timore
597 2295 789 2340 lusores
823 2311 933 2340 cum
969 2295 1183 2352 aliquem
1217 2312 1279 2341 ex
1313 2295 1494 2341 nostris
1529 2311 1727 2352 prospe-

99 2370 277 2426 xerint‚
304 2380 357 2416 ut
380 2386 489 2416 sese
513 2372 558 2416 in
583 2372 734 2428 pedes
754 2383 990 2428 quantum
1011 2383 1208 2429 queant,
1231 2374 1352 2418 dare
1372 2389 1466 2418 non
1487 2373 1725 2430 dubitent3

96 2447 194 2492 imo
219 2448 400 2504 optime
424 2464 591 2493 secum
615 2449 697 2506 agi
722 2450 1018 2506 existiment,
1054 2450 1093 2495 si
1128 2451 1266 2496 locus
1299 2450 1451 2507 fugae
1484 2450 1727 2507 relinqua-

99 2536 195 2570 tur.
234 2525 462 2571 Nonnulli
499 2542 622 2571 vero
657 2527 860 2572 chartas
884 2527 1097 2572 lusorias
1119 2534 1136 2555 0
1166 2538 1483 2584 tesserasque
1507 2528 1728 2573 celantes

98 2617 220 2658 prae
246 2603 562 2658 verecundia,
589 2614 875 2649 nostrorum
900 2604 1113 2650 fratrum
1138 2605 1405 2650 aduentum
1429 2604 1623 2650 facilius
1656 2614 1727 2650 to-

99 2680 274 2724 lerant.
303 2679 477 2726 Edocti
503 2681 710 2737 denique
731 2681 924 2737 quantis
947 2673 1057 2727 sese
1081 2682 1410 2738 implicuerint
1434 2682 1592 2739 malis,
1614 2698 1727 2728 con-

97 2757 401 2814 scientiaque
425 2758 638 2804 conuicti
673 2759 874 2804 chartas
909 2760 955 2804 in
990 2760 1201 2804 medium
1235 2760 1530 2805 lacerandas
1564 2760 1726 2816 profe<

97 2845 227 2891 runt)
252 2834 563 2892 fratrumque
587 2836 838 2881 admonitu
862 2837 1060 2881 domum
1083 2846 1306 2881 nostram
1331 2837 1501 2882 venire
1525 2853 1620 2883 non
1645 2838 1725 2883 du-

100 2910 273 2967 bitant,
301 2911 381 2957 ubi
405 2912 604 2957 sarcina
628 2922 951 2968 peccatorum
986 2914 1051 2969 (et
1075 2928 1171 2957 non
1204 2913 1308 2958 sine
1342 2914 1593 2960 lachrimis
1627 2917 1727 2971 plo-

156 3083 174 3103 a
235 3077 387 3113 vtalibi
403 3077 646 3124 scripsimus.
698 3080 762 3103 -νὺ
811 3079 1026 3125 percupidi.
1081 3085 1142 3106 -c
1180 3079 1315 3117 Prius
1332 3080 1472 3127 pictas.
