2051 3516
359 305 425 344 180
816 303 1030 343 er'ri-zmic
1058 307 1412 351 QUADRIMESTRES

310 403 421 460 quid
446 403 491 448 in
515 402 732 449 futurum
755 404 1052 461 portendens
1082 409 1121 447 ³.
1150 401 1360 458 Quando
1384 409 1597 446 vocatur
1629 416 1658 446 a
1681 398 1922 447 nobilibus

309 491 356 525 et
379 482 442 525 ab
461 480 701 537 episcopis
724 481 948 535 ihesusta,
972 480 1247 535 respondet:
1277 494 1371 522 non
1395 493 1502 522 sum
1526 478 1686 522 adhuc
1703 478 1822 523 satis
1840 479 1919 524 bo-

309 572 414 602 nus:
445 558 619 602 vellem
643 573 717 602 me
743 557 953 609 tandem,
982 556 1146 612 inquit,
1173 556 1390 600 futurum
1416 553 1435 581 b
1460 553 1702 600 idoneum.

398 635 470 679 En
496 635 641 679 etiam
676 634 864 679 litteras
889 634 1053 689 magni
1090 632 1270 687 balliui,
1298 632 1389 676 hoc
1425 639 1499 676 est
1532 631 1740 687 presidis
1773 631 1922 676 totius

309 711 560 766 prouincie
594 710 914 765 tornacensis,
943 710 1021 765 qui
1056 709 1168 753 mihi
1203 707 1424 764 promisit
1459 707 1686 763 quicquid
1720 707 1917 764 poterit3

308 788 386 843 qui
411 788 556 832 etiam
581 787 711 843 cupit
734 788 899 842 plures
923 786 1300 838 concionatores
1324 784 1383 829 de
1407 783 1589 829 nostris
1612 783 1659 828 in
1682 799 1823 829 suam
1846 793 1918 829 tu-

308 865 455 909 telam
479 864 744 920 suscipere.
772 863 868 908 Vir
891 863 1039 908 etiam
1075 863 1277 907 multum
1312 860 1501 917 nobilis,
1529 861 1615 906 sed
1639 869 1687 906 et
1710 868 1725 888 0
1761 861 1921 917 magis

309 940 432 996 pius.

394 1017 514 1061 Item
538 1016 728 1061 litteras
759 1015 936 1060 domini
972 1016 1031 1060 D.
1061 1014 1231 1071 Croix,
1259 1014 1339 1070 qui
1364 1013 1513 1058 filium
1547 1029 1688 1059 suurn
1723 1013 1921 1059 vnicum

306 1094 485 1137 nostris
512 1094 613 1138 vult
637 1093 833 1137 tradere
857 1092 1193 1137 erudiendum.
1221 1090 1454 1136 Similiter
1478 1091 1701 1136 dominus
1735 1089 1917 1136 officia-

307 1169 363 1214 lis
387 1169 778 1214 reuerendissimi
814 1168 984 1225 nostri,
1012 1169 1179 1213 habita
1214 1168 1600 1225 opportunitate,
1628 1168 1818 1213 litteras
1842 1182 1918 1213 su-

306 1261 392 1301 per
417 1246 508 1290 hoc
531 1246 731 1302 negotio
756 1246 903 1291 etiam
929 1245 1085 1290 mittet
1110 1247 1140 1290 ¹.
1183 1244 1281 1289 Sed
1306 1244 1419 1301 quid
1442 1243 1664 1290 efficiunt
1687 1253 1823 1290 tante
1846 1244 1917 1289 lit-

305 1322 430 1367 tere?
456 1322 627 1367 Posset
652 1321 755 1366 fieri
780 1323 906 1377 quod
931 1321 995 1366 V.
1022 1322 1079 1366 R.
1110 1321 1247 1378 parui
1273 1320 1424 1366 faciet
1448 1322 1606 1366 verba
1638 1322 1806 1378 multa,
1835 1321 1914 1366 vbi

306 1399 466 1443 nullus
506 1398 716 1442 effectus
753 1406 975 1454 apparet,
1022 1397 1098 1442 vbi
1133 1413 1226 1442 non
1262 1406 1373 1442 sunt
1406 1396 1548 1443 firma
1580 1396 1917 1452 fundamenta;

308 1484 496 1518 certum
531 1485 619 1531 est3
658 1474 741 1518 sed
777 1474 938 1518 omnia
974 1473 1195 1530 perfecta
1230 1474 1506 1519 habuerunt
1539 1473 1776 1530 principia
1804 1473 1838 1518 d.
1865 1473 1918 1518 In

309 1551 533 1595 omnibus
557 1553 679 1595 bene
702 1565 864 1607 spero3
892 1552 987 1595 imo
1014 1551 1172 1606 magis
1196 1567 1342 1606 quam
1362 1551 1737 1607 promissiones
1760 1566 1823 1596 ex
1846 1550 1917 1596 lit-

305 1627 428 1671 teris
462 1626 624 1683 colligi
654 1637 828 1683 potest.
856 1627 1027 1672 Faciet
1052 1628 1290 1672 Dominus
1317 1629 1621 1673 voluntatem
1645 1627 1915 1673 timentium

309 1712 356 1748 et
380 1704 695 1748 clamantium
730 1704 788 1748 ad
825 1719 892 1756 se;
920 1704 999 1760 qui
1035 1705 1163 1748 dedit
1199 1704 1286 1748 biis
1320 1704 1542 1750 omnibus
1574 1705 1701 1750 velle
1726 1714 1773 1750 et
1797 1704 1917 1750 desi-

309 1780 505 1837 derare,
532 1780 666 1824 dabit
690 1781 832 1825 etiam
860 1781 1124 1836 impetrare
1150 1792 1195 1826 et
1221 1781 1459 1837 perficere
1484 1783 1516 1826 2.

364 1857 405 1901 7.
472 1856 722 1912 Quantum
768 1859 827 1902 ad
872 1874 1126 1903 numerum
1174 1859 1517 1904 mittendorum
1562 1859 1780 1916 Patrum‚
1824 1859 1914 1904 hoc

303 1932 481 1977 iudicio
511 1934 570 1978 V.
599 1934 653 1978 R.
677 1935 1010 1979 committitur.
1034 1934 1311 1991 Supradicti
1332 1936 1512 1981 domini
1531 1946 1769 1993 cuperent
1788 1952 1915 1982 com-

305 2010 487 2065 pletum
512 2026 766 2055 numerum
793 2027 880 2067 pro
918 2028 1011 2056 vno
1037 2013 1246 2069 collegio
1328 2012 1649 2058 Habebamus
1672 2013 1718 2058 in
1743 2023 1915 2059 nostra

303 2087 639 2143 instructisme,
667 2103 776 2132 cum
806 2088 960 2133 Roma
988 2090 1361 2134 reum-tebamur
1388 2090 1432 2134 in
1458 2090 1762 2147 Flandriam,
1784 2090 1913 2147 quod

351 2248 367 2268 ²³
408 2241 590 2278 Emend.
630 2254 678 2278 m·
715 2244 1033 2288 portendentem.
1097 2244 1153 2271 vb
1182 2244 1278 2281 [ore.
1334 2253 1394 2273 —c
1439 2246 1533 2282 IIoc
1568 2258 1607 2282 v.
1640 2251 1778 2292 supra
1808 2257 1916 2283 vers.

305 2301 458 2337 eadem
480 2312 630 2338 anana.
686 2302 749 2328 fid
787 2315 856 2339 sua
880 2304 1085 2349 principia.

351 2445 356 2462 ¹
410 2443 615 2489 Epistolae
646 2445 786 2480 ballivi
824 2448 1070 2482 tornacensis
1103 2452 1141 2482 et
1177 2448 1324 2483 domini
1358 2448 1406 2484 de
1440 2448 1564 2485 Croix
1595 2449 1726 2485 editae
1757 2454 1848 2485 sunt
1879 2448 1919 2484 in

302 2503 454 2539 Lm'm't‘
470 2504 679 2547 illomme„
700 2504 748 2545 H,
769 2504 838 2539 233
856 2518 940 2551 sqq.
965 2505 1093 2541 Lainii
1116 2519 1307 2553 responsa
1325 2508 1587 2544 inveniuntur
1605 2508 1714 2554 ibid.‚
1734 2508 1801 2545 361
1831 2521 1916 2555 sqq.

307 2561 382 2598 Eas
410 2563 517 2608 prius
545 2564 724 2599 ediderat
751 2564 984 2600 DELPLACE
1011 2566 1047 2600 in
1073 2578 1192 2611 opere
1216 2567 1276 2602 Le
1298 2570 1655 2612 protestantz'sme
1681 2571 1720 2605 et
1738 2569 1781 2605 la
1804 2568 1919 2605 Com-

299 2624 459 2666 pagnie
477 2622 530 2658 de
541 2622 676 2668 jesus
694 2633 719 2659 a
746 2623 938 2660 Toltrnaz'
955 2635 1012 2660 an
1033 2624 1157 2661 XVJe
1182 2627 1318 2672 siecle,
1346 2626 1387 2662 61
1415 2639 1500 2674 sqq.
1529 2627 1592 2664 De
1621 2627 1780 2664 officiali
1808 2632 1918 2664 reve*-

302 2681 525 2717 rendissimi
545 2683 791 2718 tornacensis
810 2683 916 2719 addit
932 2684 988 2719 B:
1009 2685 1153 2720 «voluit
1170 2698 1240 2721 nos
1255 2686 1367 2723 alere
1381 2686 1422 2722 in
1438 2687 1553 2723 domo
1568 2699 1653 2728 sua.
1672 2687 1741 2724 sed
1756 2692 1919 2734 propter

300 2738 529 2776 libertatem
549 2741 586 2776 in
608 2741 807 2778 exercitiis
826 2742 982 2788 nostris,
1005 2744 1126 2779 nolui:
1148 2744 1213 2779 vix
1234 2749 1293 2781 est
1312 2745 1416 2782 alius
1435 2746 1498 2782 cui
1518 2746 1684 2793 negotia
1710 2746 1835 2783 nostri
1862 2747 1918 2782 ita

302 2799 379 2834 sint
397 2800 503 2835 cordi
523 2800 623 2835 sicut
642 2801 750 2847 ipsi.»

349 2858 360 2876 ²
412 2857 474 2894 Cf.
496 2858 560 2894 Ps.
585 2858 774 2902 CXLIV,
801 2861 854 2907 19,
878 2866 916 2897 et
935 2861 1127 2905 P111L1PP.‚
1149 2863 1196 2908 ΙΙ,
1222 2864 1275 2899 13.

348 2918 359 2934 ²⁴
413 2917 636 2961 «Quantum
656 2919 704 2954 ad
724 2932 934 2957 numerum
955 2921 1238 2959 mittendorum
1264 2924 1451 2970 rescripsi
1482 2925 1584 2961 Rdo.
1606 2924 1728 2961 Petro
1754 2925 1916 2961 Ribadi-

302 2976 413 3011 neira
432 2977 535 3021 quod
554 2978 694 3014 sentio:
716 2984 908 3025 cuperent
927 2993 1065 3017 omnes
1084 2981 1200 3017 amici
1220 2982 1298 3019 iam
1317 2984 1561 3030 completum
1581 2984 1815 3031 collegium.
1835 2983 1918 3020 Re-

301 3035 437 3079 scripsi
459 3036 581 3080 igitur
600 3038 776 3082 predicto
794 3039 905 3075 Patri
924 3040 971 3076 de
991 3040 1089 3079 istis.
1111 3041 1276 3084 seilicet,
1298 3043 1347 3079 de
1366 3043 1608 3090 prouisione,
1638 3044 1686 3080 de
1705 3043 1916 3080 habitatio-

301 3106 365 3137 ne,
387 3095 433 3129 de
456 3095 609 3131 viatico.
631 3096 673 3131 In
694 3097 889 3133 similibus
909 3100 1021 3135 nulla
1040 3100 1115 3136 crit
1134 3099 1385 3138 difficultas.»
1410 3103 1460 3139 Β.
