2051 3516
548 283 873 320 204.-B1LL0210
903 284 944 320 1¹2
972 284 1181 322 Oc‘rossms
1211 285 1300 322 1558
1623 285 1684 320 831

111 378 436 432 confessario,
473 379 693 424 eandem
728 381 965 425 accersiri
1001 381 1154 438 iussit,
1192 381 1340 426 cuins
1365 381 1386 402 ’ά
1411 381 1640 437 precibus
1685 396 1737 425 se

111 456 465 502 commendans
490 455 669 514 effecit
692 456 710 482 ¹³
737 465 788 501 ut
813 467 1009 503 mortua
1035 474 1129 503 non
1156 459 1218 504 ab
1243 458 1340 504 alio
1364 474 1511 516 quam
1537 474 1566 503 a
1590 458 1739 503 Patre

110 542 282 579 nostro
316 533 361 578 in
396 533 659 590 sepulchro
694 533 1009 580 conderetur.
1040 534 1192 581 Cuius
1228 545 1455 581 mortuae
1491 535 1647 592 pietas
1679 551 1737 580 ac

111 610 284 668 religio
309 610 391 656 uix
415 610 509 655 dici
534 618 695 667 potest
729 620 1037 667 quantopere
1072 613 1201 668 apud
1237 629 1406 658 omnes
1432 612 1738 658 commende-

110 701 205 732 tur.
243 685 328 732 Sic
366 702 485 733 uero
532 696 818 733 nostrorum
859 687 1062 734 Pati-um
1096 689 1416 735 concionibus
1457 688 1741 735 afficiuntur

110 779 296 820 omnes,
326 773 376 809 ut
398 763 489 821 piis
513 779 684 809 eorum
711 763 835 809 uotis
860 779 919 809 ac
945 765 1198 810 desideriis
1223 766 1519 812 satisfacere
1554 766 1739 811 difficil-

112 841 275 885 limum
311 841 385 885 sit.
414 839 560 897 Quod
594 840 705 886 hinc
739 852 972 886 constare
1009 842 1129 887 satis
1165 852 1341 899 potest,
1375 843 1503 899 quod
1539 843 1742 888 alterius

111 917 351 963 dioecesis
376 917 667 964 briodenses
691 917 756 962 M.
784 917 1059 963 Robertum
1096 917 1442 975 Clayssonium
1474 919 1570 965 iam
1595 920 1742 965 tertio

110 1010 240 1040 anno
276 994 554 1051 sollicitent,
582 1004 634 1041 ut
658 986 903 1041 aduentus
938 1005 985 1040 et
1020 997 1405 1054 quadragenarii
1434 997 1593 1042 ieiunii
1625 1008 1742 1043 tem-

110 1088 232 1129 pore
257 1079 271 1099 ς
300 1072 639 1118 concionetur.
676 1072 899 1119 Eundem
936 1089 1130 1130 quoque
1166 1074 1571 1120 Montisferrandi
1609 1074 1742 1120 ciues

111 1150 206 1196 iam
245 1150 463 1195 secundo
503 1150 798 1207 efflagitant.
842 1150 1037 1196 Verum
1078 1150 1138 1196 R.
1177 1151 1435 1208 episcopus
1475 1166 1744 1197 mecoenas

110 1241 157 1272 n.
191 1226 210 1254 ‘¹
234 1236 307 1272 est
331 1227 436 1273 eius
460 1227 624 1284 animi,
651 1227 688 1273 si
715 1244 802 1284 per
827 1228 1161 1274 ualetudinem
1189 1227 1349 1285 liceat,
1372 1244 1431 1273 ne
1457 1228 1570 1273 alibi
1596 1244 1741 1285 quam

112 1303 353 1350 Marlinch
398 1316 499 1350 tum
540 1306 777 1362 temporis
818 1306 1156 1359 concionetur,
1199 1322 1294 1363 quo
1324 1312 1339 1332 Ε
1371 1306 1609 1351 zizaniam
1650 1306 1744 1351 illic

109 1382 446 1439 pullulantem,
474 1382 688 1428 Domino
724 1393 1047 1441 cooperante,
1077 1383 1333 1440 extirpare
1369 1384 1537 1439 possit.
1576 1383 1743 1429 Taceo

110 1474 306 1505 sacram
342 1460 695 1506 eucharistiam
730 1460 935 1518 singulis
972 1460 1228 1507 dominicis
1253 1461 1425 1506 diebus
1450 1461 1743 1506 sumentium

111 1537 403 1595 profectum,
440 1554 501 1584 ne
537 1538 663 1584 idem
701 1555 896 1596 semper
931 1539 1151 1585 scribere
1187 1539 1462 1585 uideamur.
1493 1538 1566 1584 Eo
1602 1538 1744 1595 siqui—

111 1616 219 1660 dem
243 1616 457 1661 crebrae
482 1616 535 1661 P.
564 1624 849 1662 nostrorum
886 1617 1154 1662 conciones
1190 1616 1496 1674 potissimum
1522 1616 1741 1664 tendunt.

111 1709 170 1738 ne
193 1693 370 1739 horum
404 1693 578 1739 feruor
613 1694 932 1747 diminuatur,
961 1704 1144 1751 tanque
1180 1694 1296 1740 utile
1333 1709 1391 1739 ac
1426 1695 1646 1739 salutare
1674 1709 1744 1738 re—

112 1769 321 1815 medium
357 1781 706 1828 aspernentur,
748 1770 860 1828 quin
897 1771 1060 1828 potius
1094 1771 1290 1817 illorum
1332 1771 1558 1827 exemplo
1598 1780 1745 1826 atque

111 1848 312 1893 hortatu
346 1847 511 1904 plures
546 1849 591 1893 in
627 1848 731 1894 dies
766 1849 1062 1895 excitentur.
1091 1848 1238 1906 Quod
1274 1864 1418 1905 quam
1453 1847 1651 1893 difficile
1675 1847 1744 1892 fa-

113 1936 193 1970 ctu
229 1925 306 1979 sit,
335 1926 440 1971 iam
470 1927 686 1983 Saepius
720 1942 865 1972 nemo
901 1937 973 1973 est
1009 1939 1230 1973 nostrum
1267 1927 1346 1983 qui
1382 1942 1475 1971 non
1512 1934 1745 1982 expertus

112 2002 187 2059 sit;
217 2018 387 2048 omnes
419 2003 545 2049 enim
570 2003 615 2048 id
640 2020 821 2050 nouum
857 2014 905 2050 et
940 2005 1084 2061 plane
1116 2004 1400 2050 inusitatum
1428 2015 1539 2048 ante
1565 2003 1744 2048 aduen-

113 2089 212 2124 tum
238 2090 462 2126 nostrum
487 2081 810 2127 clamitabant
845 2081 1012 2128 fuisse.
1041 2082 1203 2127 Fas-it
1239 2082 1380 2126 Deus
1416 2086 1470 2125 nt
1501 2080 1648 2125 toties
1683 2082 1746 2125 ad

111 2161 351 2203 sanctam
375 2172 589 2203 coenam
613 2159 838 2216 inuitati,
868 2160 1026 2205 latins
1049 2160 1219 2204 serm's
1256 2158 1537 2216 aliquando
1562 2158 1744 2203 obtem-

111 2239 326 2290 perasse
355 2235 621 2281 nobiscum
650 2237 943 2294 gaudeant,
972 2241 1065 2282 ant
1095 2237 1143 2282 si
1175 2251 1259 2282 eos
1295 2236 1479 2281 andire
1505 2249 1746 2281 recusare

111 2316 356 2369 pergant,
384 2313 515 2358 alios
534 2318 633 2370 per
661 2315 904 2371 compita,
934 2314 1143 2371 plateas
1168 2319 1215 2359 μί’
1249 2314 1404 2359 uillas
1438 2314 1749 2359 adnocatmfi

113 2389 207 2434 alii
243 2391 519 2436 mittantur
558 2393 586 2445 ¹,
625 2406 843 2449 qaorum
885 2397 933 2436 et
966 2407 1058 2437 llos
1083 2393 1306 2450 ‚feruore
1347 2392 1576 2448 (zllzplt‘ns
1615 2391 1745 2436 exci-

115 2471 298 2512 lemur.

164 2543 204 2589 2.
262 2544 305 2590 N
311 2560 404 2590 unc
428 2554 480 2591 ut
500 2545 559 2591 de
579 2546 760 2592 scholis
779 2547 961 2593 nostris
980 2547 1163 2604 aliquid
1184 2547 1422 2602 dicamus,
1443 2547 1744 2603 propositas

114 2636 145 2666 a
170 2622 315 2668 nobis
332 2623 457 2669 ordo
477 2629 776 2670 commonet.
801 2624 921 2683 Qua
945 2626 997 2670 2'12
1023 2640 1077 2669 re
1096 2625 1301 2681 prolixe
1325 2624 1456 2669 milei
1478 2624 1744 2681 agendmm

113 2701 326 2745 treinz'me
351 2701 588 2758 arbitror,
615 2702 754 2759 quod
765 2702 1007 2758 pluribus
1026 2703 1098 2747 (ια’
1116 2716 1208 2746 ems
1226 2702 1388 2746 lz'feris
1412 2702 1601 2746 harum
1622 2701 1745 2746 ordo

160 2882 179 2899 ⁵²
229 2895 348 2928 aquo
368 2882 506 2919 adiuta
521 2883 702 2931 eiusque.
757 2884 823 2911 ⁷—b
857 2884 1040 2920 obtinuit.
1099 2891 1156 2910 „c
1191 2884 1295 2930 apud
1315 2896 1372 2920 se.
1426 2884 1493 2911 —d
1525 2885 1746 2921 claromon-

114 2947 244 2978 tanus.
300 2949 362 2970 -Ε
396 2942 681 2980 hereticorum.

164 3106 171 3122 ¹
226 3103 289 3141 Cf.
312 3104 497 3143 MATTH..
520 3104 654 3150 XXII,
681 3106 693 3141 l
717 3119 804 3152 sqq.
