2051 3516
349 297 419 334 698
814 302 1034 340 er’sEizAss
1061 305 1415 350 QUADRIMESTRES

304 392 459 438 lastici
486 410 639 450 vsque
664 396 823 442 adhuc
850 399 921 443 bis
946 399 987 443 in
1016 400 1091 444 die
1116 401 1175 445 de
1200 402 1488 458 lectionibus
1512 406 1690 452 auditis
1719 408 1781 453 ad
1805 409 1919 454 inui-

300 485 406 514 cem
430 470 698 529 disputare3
726 474 812 518 sed
837 490 964 519 nunc
989 486 1192 532 propter
1216 480 1453 535 temporis
1477 480 1815 538 intemperiem
1849 501 1918 530 se-

300 547 392 590 mel
418 556 606 592 tantum
632 549 677 593 in
704 549 780 595 die
805 551 1071 608 disputant.
1100 553 1418 601 Consueuere
1442 557 1487 601 in
1514 559 1718 614 publicis
1741 561 1920 607 scholis

299 637 531 679 arguere,
559 634 606 670 et
631 626 860 684 deinceps
885 629 1031 684 (Xpo.
1071 631 1359 689 auxiliante)
1394 633 1521 678 idem
1558 637 1771 682 muneris
1805 654 1915 684 exe-

299 709 526 755 quentur.

354 777 395 821 4.
463 776 763 826 Sacerdotes
802 792 968 828 autem
1008 784 1053 828 in
1089 785 1244 830 solitis
1278 788 1683 843 occupationibus
1720 807 1917 838 versan-

296 862 390 909 tur;
428 855 631 901 audiunt
665 858 790 903 enim
831 860 1168 905 confessiones
1197 862 1461 909 multorum
1490 866 1914 922 scholasticorum,

294 931 619 990 collegarum,
649 936 1002 992 magistrorum
1028 948 1074 982 et
1099 938 1372 994 aliquorum
1392 935 1625 987 nobilium
1645 943 1784 989 huius
1804 945 1915 991 ciui-

293 1007 422 1053 tatis.
452 1009 648 1056 Adsunt
674 1028 870 1070 quoque
893 1013 1181 1070 frequenter
1204 1015 1249 1060 in
1275 1026 1502 1063 extremo
1527 1035 1689 1076 agone
1715 1037 1916 1068 versan-

291 1083 435 1130 tibus.
464 1085 626 1142 Quam
651 1089 845 1144 quidem
871 1090 932 1134 ad
959 1106 1060 1134 rem
1080 1091 1226 1136 toties
1251 1094 1543 1152 expetimur‚
1566 1104 1619 1141 vt
1638 1112 1787 1154 saepe
1811 1114 1914 1144 sae-

293 1160 398 1215 pius
422 1163 644 1209 omnibus
669 1165 897 1211 satisfieri
928 1183 1022 1212 non
1057 1168 1225 1223 possit.
1264 1169 1315 1214 In
1350 1171 1764 1229 quadragessima
1798 1192 1914 1221 nun·

290 1253 437 1294 quam
462 1240 587 1285 domi
612 1241 816 1288 defuere
840 1245 1103 1289 conciones
1136 1245 1181 1290 in
1216 1246 1387 1292 diebus
1422 1248 1707 1315 dominicisj
1735 1252 1780 1297 in
1814 1254 1912 1310 qui-

289 1315 378 1360 bus
401 1316 528 1362 alter
551 1317 597 1362 in
622 1320 832 1364 ecclesia
857 1321 1069 1376 quadam
1097 1323 1386 1379 parochiali,
1409 1325 1534 1371 alius
1554 1342 1676 1372 vero
1696 1328 1742 1373 in
1762 1331 1912 1385 publi-

289 1406 347 1436 co
381 1408 605 1451 carcere,
643 1396 839 1452 quidam
876 1397 919 1441 in
955 1398 1053 1443 alia
1088 1400 1298 1445 ecclesia
1333 1402 1614 1448 monialium
1648 1406 1912 1452 conciona-

288 1469 482 1515 bantur.
512 1470 743 1527 Quotidie
768 1473 915 1519 etiam
942 1484 1043 1520 tres
1066 1475 1250 1521 fratres
1271 1477 1315 1522 in
1335 1478 1492 1524 tribus
1511 1481 1732 1527 ecclesiis
1751 1483 1911 1529 huius-

287 1560 343 1589 ce
368 1546 581 1592 ciuitatis
603 1554 621 1574 ³
647 1548 925 1595 doctrinam
950 1552 1269 1598 christianam
1296 1570 1475 1611 pueros
1499 1556 1760 1604 docebant.
1795 1559 1911 1617 Qui-

287 1622 376 1666 bus
400 1632 537 1668 certe
562 1625 801 1682 omnibus,
831 1627 918 1672 nisi
944 1644 1019 1672 me
1044 1629 1235 1674 animus
1261 1630 1399 1688 fallit,
1421 1648 1517 1677 non
1538 1649 1712 1689 parum
1732 1636 1910 1682 Vtilita-

284 1698 344 1742 tis
371 1699 598 1756 vtrinque
623 1702 913 1759 decerptum
939 1714 1029 1759 est;
1057 1722 1215 1762 neque
1249 1707 1409 1754 adhuc
1443 1718 1608 1756 tamen
1644 1728 1910 1769 cessauere

285 1775 563 1833 conciones,
602 1794 714 1823 nam
749 1796 842 1825 non
884 1782 1049 1827 multis
1083 1784 1261 1830 abhinc
1301 1785 1471 1831 diebus
1510 1789 1673 1845 coepit
1712 1791 1907 1847 quidam

284 1866 345 1896 ex
370 1854 551 1899 nostris
577 1855 782 1912 singulis
806 1858 1077 1916 quibusque
1102 1860 1357 1907 dominicis
1380 1865 1681 1919 concionari,
1707 1868 1835 1923 quod
1861 1878 1910 1914 et

282 1928 327 1972 in
353 1932 671 1985 sequentibus
696 1933 844 1979 etiam
869 1951 964 1980 non
990 1936 1197 1994 omittet;
1226 1939 1320 1983 erit
1349 1940 1475 1985 enim
1511 1941 1584 1998 (vt
1617 1942 1662 1987 in
1695 1943 1906 1990 Domino

282 2008 558 2065 speramus)
584 2009 726 2055 labor
750 2028 844 2056 non
870 2013 973 2057 sine
998 2013 1164 2059 fructu
1190 2015 1224 2060 ἱ).

338 2082 380 2128 5.
448 2084 657 2131 Accedit
683 2087 828 2133 etiam
855 2090 984 2145 quod
1012 2089 1160 2136 Pater
1185 2102 1352 2137 rector
1383 2096 1391 2119 ¹
1426 2094 1558 2140 hisce
1593 2096 1763 2143 diebus
1796 2114 1905 2155 pro-

280 2158 411 2204 xime
435 2161 616 2217 elapsis
641 2163 761 2208 abiit
785 2180 895 2209 cum
921 2166 1152 2223 episcopo
1177 2169 1544 2216 salmanticensi
1569 2173 1583 2196 ‘³
1608 2174 1670 2218 ad
1707 2175 1904 2220 visitan-

280 2235 393 2280 dum
418 2252 646 2294 gregem,
674 2249 723 2284 et
747 2241 952 2298 singulis
976 2242 1082 2288 fere
1108 2245 1280 2300 quibus
1305 2246 1476 2292 diebus
1510 2250 1905 2297 concionabatur

279 2327 388 2357 cum
414 2314 630 2360 maxima
656 2326 756 2361 tum
783 2320 997 2374 pastoris
1021 2329 1122 2365 tum
1146 2323 1318 2378 gregis
1353 2325 1706 2384 consolatione3
1744 2327 1904 2374 frater

280 2405 416 2447 vero,
444 2392 523 2447 qui
548 2392 680 2438 illum
707 2396 1057 2453 comitabatur,
1085 2399 1129 2443 in
1154 2400 1378 2446 doctrina
1412 2402 1682 2449 christiana
1723 2421 1902 2461 pueros

278 2466 567 2515 instruebat.
596 2471 660 2515 Et
685 2479 699 2498 ⁰
732 2473 957 2528 profecto
982 2485 1192 2531 apparet
1211 2488 1446 2534 quantum
1466 2481 1725 2538 episcopus
1744 2483 1789 2528 in
1809 2484 1901 2529 hoc

278 2543 453 2590 itinere
489 2562 599 2592 cum
634 2548 784 2595 Patre
819 2552 1135 2610 processerit,
1173 2555 1409 2611 siquidem
1445 2558 1683 2604 maiorem
1718 2560 1764 2605 in
1798 2561 1901 2606 dies

278 2636 449 2667 curam
475 2639 679 2670 suarum
708 2627 873 2672 ouium
898 2629 1092 2674 videtur
1116 2630 1133 2656 ‘¹
1158 2631 1361 2678 habere.

320 2842 336 2862 ³
369 2836 601 2875 ciuitatibus
625 2850 704 2876 ms.
768 2841 833 2867 ——b
854 2840 1007 2878 fructus
1026 2852 1105 2879 ms.
1168 2851 1227 2871 -c
1261 2857 1281 2880 e
1309 2856 1387 2882 ms.
1442 2847 1507 2874 —d
1541 2848 1578 2884 vi
1595 2853 1674 2894 pro
1696 2862 1752 2885 vr.
1775 2851 1892 2887 ‚⁹ms.

321 3032 330 3051 ¹
382 3032 427 3068 P.
450 3032 789 3072 Bartholomaeus
813 3037 1066 3074 Hernandez.

318 3091 330 3109 ²
384 3091 628 3130 Franciseus
648 3094 864 3142 Manrique
884 3096 932 3133 de
952 3096 1074 3134 Lara.
1099 3097 1160 3135 Cf.
1185 3099 1224 3135 S.
1244 3099 1506 3138 Frcmciscus
1524 3101 1784 3148 Borgz·a,111‚
1804 3103 1889 3140 369.
