2051 3516
531 306 830 350 l-lae—-Coiloxm
859 307 1125 359 13JAxmm1
1157 309 1245 349 1557
1607 310 1648 349 (51

133 407 174 456 2.
242 408 478 456 Facultas
502 410 684 456 artium
708 410 858 456 etiam
882 417 1082 455 nostros
1112 397 1325 463 admisitss
1363 417 1416 455 vt
1446 408 1700 466 gaudeant

74 487 345 546 priuilegiis
378 488 735 544 vniuersitatis‚
776 497 830 533 vt
863 488 943 533 alii
984 488 1211 544 magistri
1251 497 1299 533 et
1338 498 1570 544 regentes
1605 488 1697 533 col-

72 566 316 624 legiorum
340 567 513 625 solent,
546 567 733 613 scilicet
766 582 862 623 quo
897 565 959 611 ad
994 565 1334 622 promotiones
1366 565 1700 611 studiosorum

72 642 326 689 faciendas
361 645 439 690 vel
474 644 728 690 habendas
762 643 808 688 in
843 644 936 688 hoc
969 643 1183 700 collegio
1218 653 1408 699 nostro,
1440 652 1488 688 et
1518 659 1614 702 quo
1639 647 1700 690 ad

71 721 168 766 alia
191 721 469 779 priuilegia.
503 721 677 778 Quare
710 721 846 766 ciues
879 720 1187 766 colonienses
1217 728 1265 765 et
1299 720 1503 765 studiosi
1538 721 1699 767 adole-

71 807 266 844 scentes
290 800 496 844 multum
519 799 937 856 congratulantur
960 797 1118 854 nobis;
1145 796 1385 854 singulari
1405 798 1533 843 enim
1558 799 1701 844 bene-

70 876 288 922 uolentia
311 892 437 934 erga
460 886 660 922 nostros
684 875 855 922 affecti
882 885 1010 933 sunt,
1038 883 1091 921 vt
1126 875 1412 932 quotidiana
1447 877 1700 932 experien-

70 951 139 1000 tia
162 954 414 1001 docemur.

127 1032 171 1079 3.
238 1031 535 1078 Confratres
559 1031 715 1078 nostri
739 1031 1003 1089 aliquando
1027 1031 1219 1088 publice
1243 1031 1422 1077 latinas
1451 1032 1703 1079 orationes

69 1109 266 1155 habent.
290 1110 355 1155 M.
377 1109 630 1169 Johannes
645 1109 777 1155 Redt
793 1109 1069 1155 orationem
1086 1108 1481 1166 qzcotlztbeticczm
1502 1111 1514 1133 ¹
1535 1109 1704 1155 habuit

69 1187 115 1232 in
140 1188 311 1233 schola
338 1194 355 1215 ⁸
378 1187 559 1234 artium
589 1188 648 1233 de
681 1187 926 1233 charitate
960 1203 1071 1233 cum
1104 1186 1320 1232 omnium
1355 1187 1700 1233 admiratione.

68 1264 132 1310 M.
161 1263 463 1311 Franciscus
487 1264 728 1311 Costerus
752 1265 1040 1310 orationem
1064 1264 1245 1309 habuit
1267 1264 1285 1292 b
1320 1265 1366 1310 in
1401 1264 1572 1322 vigilia
1606 1265 1702 1312 Na-

66 1341 178 1388 talis
218 1341 414 1388 Domini
454 1342 501 1387 in
544 1343 717 1388 schola
760 1342 1133 1399 theologorum,
1183 1351 1394 1399 rogatus
1437 1358 1467 1387 a
1511 1342 1702 1388 decano

9 1407 13 1411 ‚
66 1418 117 1465 S.
145 1420 394 1478 theologie
417 1420 688 1466 facultatis.
716 1418 953 1466 Similiter
983 1429 1032 1465 et
1061 1419 1127 1465 M.
1164 1419 1412 1466 Heni-icus
1446 1419 1699 1466 Dionisius

66 1498 113 1543 in
136 1498 309 1555 vigilia
335 1498 642 1556 Epiphaniae
666 1497 882 1543 Domini.
910 1497 963 1543 In
982 1497 1156 1543 eadem
1175 1498 1346 1544 schola
1365 1497 1431 1543 M.
1454 1497 1702 1544 Henricus

67 1575 318 1621 Dionisius
350 1576 436 1634 2³,
471 1576 559 1634 3s‘1,
594 1577 667 1621 4.st
699 1575 853 1631 feriis,
890 1575 1016 1621 hora
1039 1574 1065 1619 2
1088 1585 1199 1632 post
1223 1567 1481 1621 meridiem
1505 1576 1626 1633 legit
1649 1576 1699 1621 li-

64 1653 208 1699 brum
249 1653 576 1700 psalmorum.
627 1652 817 1699 Eadem
861 1653 1002 1711 hora,
1050 1653 1321 1709 eodemque
1366 1652 1412 1698 in
1456 1653 1565 1698 loco
1608 1652 1697 1710 5²²,

63 1731 135 1777 6.st
151 1732 317 1790 feriis
350 1739 368 1760 0
398 1741 446 1777 et
469 1732 680 1777 sabbato
704 1731 769 1776 M.
798 1730 1100 1776 Franciscus
1125 1729 1368 1776 Costerus
1393 1730 1514 1787 legit
1537 1729 1698 1776 Gene-

64 1808 155 1854 sim
179 1818 318 1855 tanta
341 1824 452 1855 cum
476 1808 660 1867 gratia,
691 1818 741 1854 vt
765 1809 991 1855 omnibus
1014 1808 1076 1854 sit
1110 1808 1443 1854 admirationi.
1482 1808 1703 1854 Domini-

65 1888 132 1933 cis
149 1887 319 1933 diebus
337 1897 562 1934 nostrum
581 1887 712 1934 alius
731 1886 749 1914 0¹
768 1887 1096 1933 concionatur
1115 1886 1402 1944 germanice
1422 1886 1469 1931 in
1485 1887 1700 1944 quadam

64 1965 292 2010 ecclesia.
320 1965 490 2011 Taceo
525 1965 585 2011 de
618 1964 784 2010 fructu
818 1964 1157 2011 confitentium
1191 1973 1239 2010 et
1273 1979 1466 2019 eorum,
1504 1965 1584 2022 qui
1619 1980 1699 2010 no-

63 2051 196 2088 stros
219 2043 465 2088 accedunt
487 2043 773 2089 consulendi
798 2043 982 2100 gratia.

120 2121 164 2165 4.
231 2120 383 2166 Pauci
407 2120 485 2166 hic
508 2130 651 2168 erant
674 2120 880 2166 studiosi
905 2120 956 2166 S.
984 2121 1290 2180 theologiae,
1317 2122 1404 2168 sed
1429 2122 1573 2167 modo
1598 2121 1698 2178 plu-

64 2197 171 2243 rimi
206 2198 422 2244 animum
457 2198 519 2244 ad
553 2199 647 2245 hoc
670 2195 896 2244 ‘studium
930 2199 1229 2257 applicuere.
1274 2200 1514 2246 Fructum
1553 2214 1698 2255 quem

63 2275 157 2321 hae
190 2275 427 2322 lectiones
450 2276 753 2333 germinant,
780 2276 926 2322 facile
951 2276 1118 2334 colligi
1142 2286 1304 2334 potest
1329 2293 1392 2323 ex
1416 2276 1697 2322 auditorum

60 2352 357 2409 frequentia,
385 2369 512 2410 quae
535 2362 676 2400 tanta
699 2363 789 2409 est,
818 2363 871 2399 vt
895 2369 924 2399 a
950 2355 1114 2400 multis
1137 2355 1278 2401 annis
1311 2370 1407 2400 non
1442 2355 1504 2399 sit
1540 2354 1698 2399 visum

62 2429 220 2476 simile
248 2437 280 2477 ⁸.

119 2509 163 2554 5.
230 2508 444 2565 Quidam
467 2509 671 2554 studiosi
696 2509 1041 2556 adolescentes
1076 2510 1211 2556 hisce
1245 2511 1494 2556 mensibus
1529 2525 1580 2555 se
1614 2508 1700 2555 So-

62 2585 228 2631 cietati
253 2585 511 2644 dederunt,
539 2601 748 2643 quorum
774 2602 900 2632 vnus
926 2596 1000 2632 est
1018 2587 1375 2643 dionantensis,
1403 2588 1498 2633 iam
1520 2587 1699 2633 artium

63 2662 304 2720 magister
322 2663 537 2721 futurus,
559 2664 611 2709 21
638 2679 897 2721 annorum,
919 2665 1233 2711 naturalibus
1257 2665 1268 2692 f
1302 2667 1426 2711 bene
1446 2665 1646 2711 dotatus
1666 2666 1698 2722 '23

108 2820 128 2839 a
178 2820 269 2868 Seq.
291 2821 385 2858 theo
403 2821 521 2859 oblz't.
585 2822 642 2849 —b
663 2822 802 2860 aliam.
862 2831 923 2852 *C
956 2824 1016 2861 §.a
1037 2829 1076 2861 et
1093 2823 1155 2860 §.²¹
1175 2823 1288 2860 feria.
1343 2822 1410 2850 —d
1430 2823 1589 2870 aliquis.

64 2887 126 2908 —e
146 2881 240 2927 quid
261 2882 406 2919 simile.
459 2881 518 2908 -f
544 2884 798 2921 naturalibus
817 2884 972 2931 gratiis.

112 3027 121 3045 ¹
175 3025 238 3064 Cf.
260 3028 446 3074 superius
465 3041 558 3076 pag.
579 3028 637 3071 46,
660 3034 796 3065 annot.
822 3029 852 3066 1.

109 3086 122 3105 ²
171 3085 400 3134 Gregorius
427 3090 659 3136 appellatur
684 3089 724 3125 in
752 3089 854 3125 Lz'tt.
884 3088 1139 3134 Quadrima,
1166 3087 1241 3134 IV,
1270 3088 1352 3133 614;
1388 3093 1440 3131 et,
1476 3094 1518 3125 ut
1550 3088 1698 3124 ibidem

62 3150 289 3192 annotatur,
311 3147 473 3185 videtur
492 3161 581 3185 esse
601 3147 829 3195 Gregorius
850 3147 1002 3184 Fabius
1024 3147 1303 3185 Dionatensis.
