2051 3516
616 275 885 313 5O.—B1JRG15
911 276 932 310 4
960 274 1067 321 MAJI
1097 275 1187 310 1557
1602 275 1672 311 207

83 382 134 416 ta
158 382 259 415 tam
284 370 330 415 in
362 386 415 414 re
448 370 622 424 latina,
659 386 804 427 quam
840 369 1107 425 rethorica,
1146 384 1291 425 quam
1326 369 1476 414 etiam
1510 385 1720 425 graeca,

84 463 236 505 opere
269 447 428 503 pretia
466 446 596 503 liant,
635 448 714 492 uel
748 462 920 492 eorum
957 446 1279 502 orationibuS,
1318 445 1537 501 epistolis
1572 456 1719 504 atque

83 525 358 570 huiusmodi
382 524 491 569 aliis
517 523 956 570 exercitationibus
980 523 1127 568 facile
1158 522 1325 579 liquet,
1361 533 1408 567 et
1442 522 1548 578 ipso
1584 539 1719 579 pere·-

83 603 344 659 grinorum
369 602 786 646 scholasticorum
810 599 1076 656 suffragio.

173 678 419 723 Proximis
444 678 615 723 diebus
639 678 735 723 duo
759 676 1011 734 peregrini
1035 675 1334 732 scholastici,
1357 691 1567 732 quorum
1593 676 1720 721 alter

81 757 144 801 ab
178 757 339 801 altero
379 755 506 800 fuste
546 755 714 801 fuerat
750 755 989 812 pulsatus,
1033 769 1188 809 opera
1227 752 1392 798 Patris
1432 752 1510 809 qui
1549 753 1719 798 studiis

81 841 263 888 preest,
290 832 336 876 in
363 843 586 876 mutuam
611 832 803 877 rediere
828 830 1060 887 gratiam.

140 916 181 953 (i.
250 908 303 953 In
328 908 510 953 nostris
534 918 701 954 autem
726 908 875 965 (quod
899 907 1095 964 plurimi
1130 906 1410 951 faciendum
1447 907 1711 963 existimo),

81 994 295 1042 quatuor
319 993 404 1029 aut
429 985 642 1042 quinque
667 985 730 1030 ad
754 984 1108 1029 monachatum
1139 984 1380 1040 aspirant,
1419 983 1549 1040 quod
1583 984 1645 1028 ad
1670 983 1715 1028 fi-

77 1077 189 1107 nem
208 1071 260 1107 ut
282 1062 602 1119 perducatur,
627 1070 847 1119 praestet
866 1061 1033 1106 diuina
1052 1060 1412 1115 misericordia,
1435 1069 1551 1106 ante
1570 1076 1716 1117 quam

78 1138 274 1184 fallacis
298 1139 439 1184 huius
466 1139 633 1184 mundi
663 1139 908 1185 blanditiis
942 1138 1089 1183 illecti
1125 1153 1154 1183 a
1188 1137 1444 1194 proposito
1478 1137 1719 1183 desistere

80 1227 346 1273 cogantur.

138 1295 179 1338 7.
249 1293 652 1340 Obtrectantium
677 1294 892 1339 latratus
922 1309 1017 1338 non
1052 1292 1245 1348 desunt,
1284 1292 1369 1337 sed
1404 1292 1642 1338 eiusmodi
1666 1304 1715 1337 ut

78 1372 141 1417 ad
164 1387 360 1417 morsus
384 1388 626 1428 nusquam
652 1372 986 1428 peruenerint.
1014 1370 1195 1415 Nescio
1220 1370 1334 1427 quid
1369 1371 1427 1415 de
1462 1368 1717 1416 Societate

78 1449 394 1494 insusurrant
415 1456 447 1505 ὃς
475 1450 561 1494 sed
584 1449 630 1494 id
656 1464 800 1494 omne
824 1449 954 1494 intra
979 1448 1202 1505 priuatos
1222 1447 1456 1504 parietes;
1478 1462 1569 1492 nec
1588 1448 1715 1492 enim

78 1542 293 1583 unquam
319 1527 452 1572 caesi
477 1516 688 1572 fustibus
713 1527 912 1571 saxisue
937 1525 1160 1582 impetiti,
1187 1534 1274 1570 aut
1297 1525 1343 1569 in
1378 1540 1433 1570 os
1467 1536 1714 1570 contume-

79 1603 212 1649 liosis
237 1604 404 1649 uerbis
428 1604 659 1648 lacessiti.
688 1603 832 1648 Talia
857 1603 1038 1648 etenim
1061 1619 1151 1659 pro
1176 1604 1374 1649 nomine
1398 1601 1518 1660 Jesu
1544 1618 1714 1659 perpe-

79 1681 130 1736 ti,
157 1697 253 1726 non
289 1681 679 1738 quibuscunque,
716 1681 801 1726 sed
836 1681 1016 1726 intimis
1051 1681 1143 1726 Dei
1178 1672 1508 1726 familiaribus
1548 1681 1710 1725 datur.

79 1759 350 1804 Nobiscum
376 1774 497 1804 uero
522 1760 647 1805 bene
671 1759 856 1815 agitur,
884 1759 922 1803 si
949 1768 1053 1804 tota
1078 1759 1209 1803 intra
1234 1759 1447 1804 latratus
1467 1758 1577 1802 rixa
1601 1773 1712 1802 con-

76 1837 237 1882 sistat.
265 1836 415 1882 Nouit
439 1837 566 1882 enim
591 1837 772 1893 optime
807 1837 903 1893 ille,
939 1836 1015 1882 cui
1051 1852 1219 1881 omnes
1251 1851 1481 1881 recessus
1515 1835 1712 1881 humani

76 1914 242 1960 cordis
266 1923 452 1971 patent,
481 1914 593 1971 quid
618 1915 773 1959 nostri
800 1915 999 1959 ualeant
1024 1914 1232 1967 humeri,
1261 1914 1375 1970 quid
1413 1913 1549 1958 ferre
1574 1928 1713 1958 recu-

75 2001 184 2037 sent
209 1993 239 2036 1.
267 1991 446 2036 Paucis
471 2002 637 2037 tamen
663 1992 841 2037 abhinc
865 1991 1037 2036 diebus
1062 1991 1276 2047 quidam,
1315 1991 1623 2042 doctoratus,
1662 2000 1713 2035 ut

75 2068 212 2114 fama
236 2078 325 2125 est,
355 2069 529 2114 laurea
552 2068 831 2126 insignitus,
859 2070 923 2113 ob
945 2084 1036 2113 sua
1060 2068 1251 2124 flagitia
1276 2068 1454 2112 missus
1476 2068 1520 2112 in
1542 2083 1711 2113 carce-

74 2161 198 2203 rem,
226 2155 402 2191 nostra
426 2145 472 2190 id
496 2145 784 2191 existimans
808 2146 997 2191 factum
1020 2161 1192 2203 opera,
1221 2160 1395 2190 coram
1430 2144 1580 2189 Patre
1615 2144 1711 2189 fra-

75 2234 249 2280 treque
298 2232 470 2268 nostro
515 2223 912 2280 indignabundus
959 2222 1354 2275 uociferabatur,
1404 2237 1711 2278 conquerens

78 2300 455 2357 phariseismum
480 2301 610 2346 hunc
633 2301 801 2346 tandiu
827 2301 1029 2357 durare,
1056 2317 1150 2346 non
1184 2301 1242 2345 de
1276 2312 1415 2345 terra
1450 2299 1708 2355 extirpari,

76 2387 124 2423 et
147 2378 244 2423 alia
268 2379 424 2423 multa
448 2393 574 2434 quae
600 2379 840 2424 memoria
865 2378 1080 2423 retinere
1105 2394 1199 2423 non
1222 2378 1370 2423 valui.
1393 2376 1507 2434 Sed,
1530 2377 1595 2420 uti
1615 2376 1711 2420 iam

76 2455 190 2520 dixi,
219 2456 384 2500 omnia
404 2456 450 2501 in
474 2471 668 2501 summa
690 2456 865 2501 herent
890 2467 1017 2512 cute,
1046 2471 1105 2500 ac
1129 2455 1246 2500 nihil
1270 2467 1341 2500 est
1367 2456 1493 2511 quod
1513 2453 1575 2498 ad
1594 2453 1710 2498 inte-

78 2533 215 2578 riora
238 2542 480 2591 penetret,
507 2549 593 2579 seu
617 2534 798 2590 uiuum,
821 2534 949 2590 quod
970 2533 1122 2586 aiunt,
1145 2542 1337 2589 tangat.
1361 2531 1712 2588 [Desc'dem'mn

71 2611 411 2668 perfectionis
434 2611 683 2667 exprimit
700 2616 982 2668 precesque
1002 2609 1268 2667 postulat]

164 2688 364 2745 Burgis,
408 2698 588 2744 quarto
622 2704 779 2745 nonas
814 2688 972 2733 maias
1012 2703 1141 2733 anno
1181 2703 1210 2731 a
1249 2685 1443 2730 Domini
1484 2685 1709 2730 natiuita-

75 2773 124 2809 te
151 2765 279 2810 1557.

121 2939 140 2960 fl
206 2932 411 2968 insurrant
431 2944 512 2971 φης.

123 3087 130 3104 ¹
185 3085 404 3122 HORATIUS
431 3086 638 3128 FLACCUS,
662 3087 799 3132 Epist.
822 3087 883 3124 ad
901 3087 1097 3128 Pisones,
1119 3099 1183 3123 vv.
1205 3086 1327 3122 39-40.
