2051 3516
787 309 1021 336 PRAEFATIO
1643 309 1682 333 lx

103 399 354 456 Georgius
379 399 620 451 Mercato‚
650 397 724 442 die
749 397 805 442 25
828 394 1064 441 Octobris
1088 394 1201 439 anni
1230 394 1342 438 1555
1365 410 1390 438 e
1415 393 1625 449 collegio
1653 410 1729 449 pa-

102 477 381 523 normitano
406 475 617 532 scripsit3
641 489 750 520 eam
770 482 935 519 tamen
956 480 1267 529 amputatam
1287 486 1315 516 a
1335 470 1475 515 nobis
1495 470 1729 515 invenies.

191 554 259 599 At
304 569 427 598 vero
472 562 610 598 estne
655 549 1090 608 quadrimestrium
1135 547 1461 605 scriptoribus
1504 556 1645 592 tanta
1689 548 1732 592 in

103 631 334 688 augendo
359 630 580 685 libertas,
608 638 660 674 ut
683 627 803 673 fides
827 626 1063 672 historica
1083 625 1156 671 his
1174 624 1503 670 monumentis
1522 624 1734 680 denega-

105 710 144 754 ri
179 709 360 754 debeat
395 716 479 753 aut
513 707 688 752 saltem
730 705 904 762 possit?
941 704 1187 749 Neutrum
1226 711 1474 759 putamus.
1517 701 1736 746 Primum

105 786 297 844 quidem
323 785 437 842 quia
461 785 506 830 in
531 783 695 829 multis
720 782 938 839 epistolis
962 781 1147 827 nullum
1181 780 1307 825 illius
1342 778 1738 836 amplificationis

105 863 361 909 oratoriae
386 861 650 918 vestigium
675 870 901 917 apparet3
929 859 1103 904 confer
1128 874 1174 903 v.
1208 873 1270 914 c.‚
1307 857 1617 902 colonienses
1642 856 1737 912 epi-

104 943 259 987 stolas
279 939 506 996 Kesselii‚
530 938 742 992 Costeri,
765 937 944 990 Rethii;
967 937 1356 982 barcinonenses
1374 934 1579 994 Joannis
1598 933 1739 980 Gesti

106 1019 333 1075 rectoris,
375 1019 663 1063 lauretanas
702 1015 909 1061 Oliverii
949 1014 1190 1069 Manarei,
1234 1012 1567 1058 sardiniense-s
1607 1013 1741 1058 Petri

106 1096 262 1153 Spiga
287 1093 599 1149 missionarii‚
626 1102 675 1139 et
698 1092 936 1149 plurimas
961 1091 1101 1137 alias
1130 1090 1322 1136 Deinde
1353 1089 1465 1146 quia
1500 1105 1580 1134 res
1605 1089 1740 1146 ipsae

107 1190 200 1219 non
228 1189 345 1219 raro
369 1171 803 1229 amplificationem
830 1169 913 1214 vix
942 1169 1125 1224 ferunt,
1163 1185 1209 1214 v.
1247 1184 1297 1224 g.
1335 1183 1446 1212 cum
1481 1167 1650 1224 agitur
1684 1167 1742 1212 de

107 1261 391 1297 nostrorum
416 1264 639 1303 numero,
667 1247 726 1293 de
750 1246 1075 1303 scriptoribus
1105 1246 1151 1290 in
1175 1245 1347 1290 schola
1380 1244 1657 1302 explicatis,
1684 1244 1743 1290 de

109 1329 303 1386 collegii
338 1326 782 1382 aedificationibus,
819 1325 877 1370 de
911 1324 1019 1369 aliis
1053 1323 1233 1369 multis.
1271 1323 1444 1368 Tertio
1479 1323 1592 1379 quia
1631 1338 1742 1379 pru-

108 1408 228 1453 dens
252 1406 409 1452 lector
432 1404 579 1450 facile
604 1419 684 1450 res
708 1403 840 1460 ipsas
864 1418 894 1447 a
917 1401 1108 1448 dicendi
1134 1400 1279 1446 modo
1303 1410 1547 1446 secernet.

199 1484 409 1541 Quarto,
437 1492 486 1529 et
509 1483 634 1527 haec
657 1482 852 1537 quidem
878 1479 1078 1525 maximi
1102 1478 1335 1524 momenti
1363 1478 1490 1523 ratio
1515 1487 1604 1532 est,
1633 1478 1745 1533 quia

112 1564 248 1610 testis
273 1563 351 1608 ille
376 1562 632 1607 habendus
655 1569 730 1605 est
753 1558 846 1604 fide
871 1558 1064 1615 dignus,
1093 1557 1173 1614 qui
1199 1572 1303 1602 ren]
1329 1556 1388 1602 de
1413 1572 1511 1612 qua
1531 1555 1747 1612 loquitur

111 1643 234 1686 bene
259 1640 411 1693 novit,
440 1654 598 1696 neque
633 1637 912 1683 auditorem
951 1635 1029 1680 vel
1064 1635 1301 1679 lectorem
1340 1633 1572 1689 decipere
1597 1633 1746 1678 inten-

111 1720 195 1764 dit.
218 1718 369 1774 Atqui
395 1715 829 1774 quadrimestrium
851 1713 1122 1769 scriptores
1141 1712 1351 1768 primum
1372 1711 1567 1767 quidem
1595 1710 1654 1755 de
1676 1726 1745 1754 re-

113 1799 204 1843 bus
228 1798 509 1852 loquuntur,
539 1793 713 1851 quibus
738 1791 1023 1848 saepissime
1054 1789 1143 1846 ipsi
1178 1788 1530 1844 interfuerunt,
1567 1797 1652 1832 aut
1686 1788 1749 1832 ab

114 1874 419 1931 aequalibus,
447 1872 648 1918 easdem
668 1868 1100 1926 cognoscentibus,
1129 1867 1408 1912 audierunt.
1432 1865 1563 1923 Quin
1583 1874 1749 1911 autem

113 1953 253 2010 probi
283 1950 462 1997 fuerint
496 1949 641 1995 iidem
677 1947 787 2005 viri,
823 1947 1000 2003 quique
1035 1945 1240 2002 proinde
1274 1945 1486 1990 lectores
1520 1943 1749 1999 decipere

116 2029 379 2083 noluerint,
406 2026 584 2073 nemini
609 2025 712 2071 sine
737 2040 891 2070 causa
917 2024 961 2068 in
987 2023 1187 2068 dubium
1223 2037 1409 2066 vocare
1445 2021 1572 2066 licet.
1612 2020 1751 2076 Quas

116 2108 310 2166 quidem
335 2106 533 2151 testium
559 2104 653 2149 fide
677 2103 938 2159 dignorum
958 2101 1265 2146 conditiones
1285 2100 1424 2153 duas,
1446 2115 1505 2145 eo
1526 2099 1685 2154 magis
1706 2099 1750 2143 in

117 2181 550 2241 quadrimestrium
578 2181 856 2226 litterarum
882 2178 1173 2224 auctoribus
1197 2176 1531 2234 agnoscimus,
1569 2176 1681 2232 quia
1707 2175 1751 2219 hi

117 2272 203 2308 aut
229 2261 318 2307 viri
344 2268 488 2306 erant
511 2267 677 2305 aetate
702 2267 749 2303 et
767 2256 1055 2302 muneribus
1074 2271 1278 2312 graves,
1302 2255 1579 2299 authorum
1600 2252 1750 2298 nomi-

119 2356 178 2386 ne
204 2340 492 2396 plerumque
517 2337 817 2382 scribebant.

210 2417 353 2462 Adde
378 2416 508 2472 quod
541 2415 634 2460 hae
672 2414 884 2461 litterae,
923 2412 969 2456 vi
1001 2413 1163 2467 legum
1199 2419 1485 2455 nostrarum
1519 2408 1753 2465 jussuque

121 2496 494 2541 moderatorum
534 2492 766 2548 scriptae,
810 2491 1000 2535 Romae
1041 2506 1069 2534 a
1114 2489 1332 2533 Polanco
1378 2485 1753 2531 accuratissime

123 2572 417 2619 emendatae
442 2580 489 2616 et
513 2570 558 2615 in
584 2585 754 2615 omnes
779 2567 1045 2614 Societatis
1068 2566 1353 2623 provincias
1377 2565 1573 2618 missae,
1611 2579 1639 2608 a
1673 2579 1753 2607 no-

125 2651 240 2696 stris
263 2649 488 2695 omnibus
511 2657 559 2693 et
583 2649 647 2693 ab
671 2646 891 2692 externis
916 2644 1160 2690 nonnullis
1191 2643 1251 2688 ad
1289 2658 1461 2687 veram
1496 2641 1555 2686 de
1590 2639 1754 2685 Socie-

124 2729 238 2774 tatis
278 2727 426 2772 rebus
465 2741 525 2771 ac
564 2724 789 2782 personis
826 2723 1049 2768 notitiam
1090 2720 1404 2767 obtinendam
1440 2718 1752 2775 legebantur.

124 2804 379 2862 Ejusmodi
404 2804 701 2848 documenta
725 2801 906 2857 omnia,
934 2801 1012 2844 vel
1038 2799 1198 2855 potius
1223 2812 1381 2853 genus
1415 2796 1588 2852 ipsum,
1626 2794 1755 2840 falsi-

126 2882 239 2928 tatis
264 2881 565 2935 insimulare,
594 2895 709 2924 num
734 2877 913 2924 rationi
938 2886 1326 2922 consentaneum
1352 2873 1556 2918 dixeris?

213 2959 385 3016 Itaque
429 2958 626 3004 litterae
676 2956 1065 3013 quadrimestres
1111 2952 1262 2997 veluti
1305 2951 1467 2996 fontes
1512 2966 1537 2996 e
1582 2950 1759 3007 quibus

129 3052 250 3082 vera
272 3036 479 3081 historia
502 3050 565 3080 ex
598 3044 742 3091 parte
776 3033 879 3078 fluit
913 3048 942 3077 a
975 3029 1287 3088 gravissimis
1322 3028 1612 3074 auctoribus
1646 3043 1756 3072 cum

127 3113 338 3170 antiquis
372 3122 475 3158 tum
511 3110 874 3157 recentioribus
910 3118 1177 3164 usurpatae
1212 3115 1340 3152 sunt.
1383 3105 1425 3151 E
1463 3105 1630 3162 primis
1670 3104 1760 3149 illis
