2051 3516
396 305 465 340 500
861 305 1016 342 Lirim<
1025 318 1045 341 A
1054 318 1078 342 E
1105 306 1140 351 Q
1147 317 1196 342 UA
1205 317 1460 342 ommes‘rmss

347 410 512 444 tamen
537 415 599 444 ex
622 400 695 444 his
718 400 797 456 qui
822 411 1145 456 perseuerent
1164 401 1339 455 adhue,
1362 411 1409 447 et
1427 402 1473 446 in
1493 399 1796 447 Societatem
1816 402 1966 458 recipi

349 476 661 521 contendant.

404 553 446 598 4.
512 552 635 597 Illud
659 552 804 597 etiam
831 554 1082 609 addidero,
1109 569 1205 598 non
1228 569 1404 609 parum
1429 554 1652 599 utilitatis
1676 555 1838 599 multis
1862 564 1965 599 atu-

348 629 461 674 lisse
485 629 715 683 libellum,
744 644 886 685 quem
912 629 1060 674 Pater
1084 638 1251 674 rector
1275 645 1429 685 nuper
1453 630 1499 674 in
1524 631 1682 675 lucem
1716 630 1896 675 aedidit
1934 632 1964 675 ¹.

347 704 483 749 Inter
517 719 638 760 quos
673 705 915 760 quendam
955 706 1164 750 nobilem
1204 705 1381 759 ciuem,
1418 705 1614 761 iamque
1647 705 1967 762 grandiorem

348 791 465 827 natu
491 781 753 837 plurimum
772 781 974 838 adiuuit;
998 782 1078 838 qui
1097 797 1205 826 cum
1223 781 1358 826 illum
1378 791 1568 827 attenta
1587 782 1732 827 animi
1752 782 1968 827 conside-

348 859 539 904 ratione
563 859 872 914 perlegisset,
900 859 1219 903 vehementer
1243 867 1519 903 commotus
1543 868 1633 909 est,
1666 874 1872 914 seseque
1907 859 1968 903 ad

348 935 548 980 Patrem
574 935 773 990 recepit,
801 936 954 980 multa
972 945 1143 980 errata
1164 935 1290 979 velle
1308 934 1584 991 corrigere,
1606 935 1666 979 ad
1691 935 1969 991 bonamque

347 1012 544 1068 frugem
563 1027 615 1056 se
636 1011 860 1067 recipere
879 1012 1156 1056 ostendens.
1180 1011 1288 1056 Deo
1305 1008 1507 1067 optimo,
1529 1012 1761 1066 maximo,
1783 1012 1844 1056 sit
1863 1012 1970 1056 laus

349 1098 398 1133 et
420 1088 598 1145 gloria.

405 1165 448 1210 5.
515 1165 616 1210 Res
634 1164 891 1209 familiaris
911 1164 1051 1209 huius
1071 1163 1266 1219 collegii
1286 1180 1524 1220 prospere
1544 1180 1652 1209 sese
1671 1165 1835 1217 habet,
1858 1165 1969 1209 etin

311 1232 313 1234 ¹
348 1241 450 1286 dies
475 1241 650 1297 augeri
674 1241 885 1285 videtur.
913 1240 1096 1296 Quanti
1122 1255 1241 1284 uero
1265 1255 1354 1284 nos
1377 1249 1482 1285 tota
1507 1241 1681 1285 ciuitas
1716 1241 1870 1286 faciat
1893 1245 1973 1297 (ut

348 1318 512 1363 multa
537 1318 643 1362 alia
666 1318 923 1369 omittam)
946 1318 1036 1362 hoc
1061 1317 1121 1361 sit
1155 1326 1451 1372 argumento
1485 1317 1801 1362 Patemc‘tatz‘
1832 1322 1967 1373 tuae,

350 1395 480 1451 quod
513 1394 576 1439 ad
610 1409 695 1438 eas
730 1394 1112 1439 deliberationes
1147 1408 1269 1449 quas
1308 1393 1367 1437 de
1407 1394 1659 1449 republica
1698 1394 1970 1439 ordinanda

348 1471 591 1527 primores
615 1470 830 1515 ciuitatis
853 1471 1050 1525 habent,
1078 1470 1278 1514 Patrem
1302 1478 1525 1514 nostrum
1561 1479 1804 1514 rectorem
1839 1470 1969 1514 adhi-

353 1549 472 1592 bere
496 1548 767 1603 plerunque
790 1547 965 1591 solent.
993 1545 1090 1590 Sed
1121 1546 1165 1590 in
1200 1545 1367 1601 primis
1402 1546 1841 1590 reuerendissimus
1875 1546 1969 1602 epi-

351 1639 528 1680 scopus
562 1624 594 1679 2,
631 1623 708 1679 qui
746 1639 839 1667 non
874 1625 1031 1668 solum
1062 1622 1224 1668 Patris
1256 1623 1510 1668 consilium
1535 1623 1746 1679 benigne
1771 1623 1970 1679 suscipit
2012 1648 2015 1653 -

351 1710 499 1756 atque
524 1700 749 1754 miratur,
776 1700 861 1744 sed
891 1710 938 1744 et
964 1710 1134 1744 nostra
1160 1700 1356 1744 minima
1386 1700 1626 1745 exercitia
1656 1700 1820 1744 intimo
1855 1715 1969 1756 quo-

351 1778 463 1821 dam
488 1787 535 1821 et
558 1776 906 1821 ardentissimo
932 1792 1101 1821 amore
1126 1777 1454 1832 prosequitur,
1482 1777 1724 1832 facileque
1749 1786 1796 1822 ct
1817 1778 1970 1822 verbo

350 1863 398 1898 et
416 1868 567 1909 opere
591 1852 774 1898 indicat
798 1853 990 1908 qualem
1010 1852 1069 1896 de
1094 1853 1231 1897 nobis
1252 1853 1497 1897 imbiberit
1517 1853 1808 1909 opinionem,
1830 1853 1970 1910 quid-

352 1944 414 1974 ue
436 1930 640 1974 sentiat.
668 1929 811 1974 Adde
834 1937 848 1955 ³¹
878 1939 1082 1973 sanctae
1117 1929 1438 1984 inquisitionis
1472 1930 1857 1986 magistratzmz,
1893 1930 1974 1974 vel

352 2011 406 2052 ut
427 2007 483 2051 lzz'
503 2007 693 2061 dicmzt,
722 2005 953 2061 officium,
975 2006 1086 2050 nihil
1108 2007 1396 2061 plerumque
1421 2021 1592 2063 agere,
1618 2006 1733 2050 nihil
1756 2007 1966 2057 sancire,

350 2083 396 2127 in
438 2084 584 2127 rebus
618 2082 910 2138 praesertim
949 2082 1132 2129 arduis,
1170 2082 1278 2138 quin
1321 2082 1477 2126 nostri
1517 2081 1679 2127 Patris
1718 2082 1969 2126 consilium

350 2160 688 2215 sententiaque
713 2159 997 2211 accesserit;
1026 2169 1073 2202 et
1098 2159 1226 2213 quod
1250 2175 1345 2202 non
1382 2159 1582 2203 minoris
1616 2158 1844 2215 ponderis
1878 2168 1967 2213 est,

352 2236 816 2282 reuerendissimum
852 2235 1133 2291 episcopum
1170 2247 1215 2280 et
1250 2236 1404 2291 ipsum
1430 2236 1765 2292 inquisitorem
1788 2236 1849 2280 ad
1883 2251 1970 2280 nos

352 2313 599 2357 ventitare
623 2312 836 2368 domum,
864 2322 911 2356 et
934 2312 1121 2356 visendi
1146 2327 1233 2356 nos
1263 2327 1430 2365 causa,
1459 2322 1522 2368 et,
1549 2323 1601 2356 ut
1624 2327 1683 2356 ea
1707 2313 1765 2356 de
1798 2311 1971 2367 quibus

350 2389 625 2445 ambigunt,
662 2404 772 2433 cum
808 2388 956 2432 Patre
991 2388 1266 2443 conferant;
1304 2398 1355 2433 ut
1390 2388 1608 2433 omittam
1645 2403 1791 2445 quam
1826 2388 1970 2444 pluri-

353 2480 458 2510 mos
482 2466 544 2510 ad
567 2466 724 2522 ipsum
749 2464 931 2509 deferri
956 2464 1123 2520 libros,
1158 2475 1208 2509 ut
1231 2465 1475 2520 perlectis,
1513 2466 1641 2521 quod
1674 2464 1852 2509 falsum
1885 2473 1971 2509 aut

354 2558 620 2587 erroneum
646 2541 904 2595 videbitur,
933 2550 1066 2585 notet
1090 2550 1138 2585 et
1162 2542 1403 2597 corrigat.
1431 2541 1510 2586 Ex
1533 2557 1644 2598 quo,
1671 2541 1777 2586 R.de
1801 2541 1967 2597 Pater,

399 2722 416 2741 ³
469 2715 675 2760 Sequitur
691 2716 713 2750 I
733 2726 768 2750 v.
791 2714 923 2750 oblitt.

401 2859 411 2877 ¹
465 2856 570 2893 Vide
591 2857 788 2903 superius,
810 2870 902 2904 pag.
923 2856 1004 2900 366,
1027 2862 1160 2893 annot.
1181 2856 1215 2892 3.

400 2915 413 2935 ²
464 2915 770 2962 Archiepiscopi
790 2916 1022 2962 genuensis,
1044 2915 1282 2962 Hieronymi
1301 2915 1348 2950 de
1370 2913 1519 2957 Saulis,
1537 2914 1807 2961 legationibus
1826 2927 1850 2950 a
1863 2927 1971 2951 sum-

354 2987 417 3010 mo
438 2974 622 3020 pontifice
643 2975 838 3021 occupati,
863 2974 1034 3011 vicarius
1053 2980 1141 3011 erat
1159 2973 1332 3011 Genuae
1352 2987 1455 3010 anno
1478 2975 1577 3015 1553,
1596 2973 1797 3020 Aegidius
1812 2973 1970 3010 Falcet-

353 3039 407 3076 ta,
430 3034 637 3080 episcopus
652 3035 895 3081 caprulanus
911 3033 1106 3078 (Caorle),
1124 3034 1171 3069 de
1190 3046 1268 3080 quo
1287 3033 1420 3069 forsan
1441 3033 1502 3069 hic
1520 3033 1667 3079 agitur.
1691 3032 1753 3070 Cf.
1776 3033 1967 3069 Monam.
2014 3052 2016 3055 v

356 3092 513 3138 Ignat„
536 3104 614 3129 ser.
639 3094 706 3136 La,
728 3093 801 3138 VI,
822 3093 880 3138 52,
900 3094 959 3130 54.
