2051 3516
451 273 861 311 154—1NGOLSTAD10
886 273 933 310 26
960 272 1134 310 APRILIS
1167 273 1256 310 1558
1557 272 1626 309 <207

43 369 89 413 in
113 379 341 424 promptu
376 369 609 425 habeant,
644 369 705 414 ad
743 369 940 414 ordines
976 383 1150 413 sacros
1185 368 1465 414 admittere.
1503 368 1673 425 Itaque

43 444 135 490 Dei
170 445 482 502 prouidentia
515 446 585 492 sic
619 446 923 502 disponente,
966 446 1235 491 retinemus
1274 445 1599 503 Tarquinium
1640 448 1670 500 ¹,

44 520 107 566 M.
146 521 463 567 XVilhelmum
500 523 531 578 2,
570 520 853 568 Gerardum
888 522 1199 579 Lapidanum
1234 522 1487 579 diaconos,
1529 521 1673 578 idque

41 597 244 643 consilio
269 597 329 643 R.
358 598 411 644 P.
439 598 643 655 Canisii,
671 599 868 646 tametsi
903 599 963 645 de
997 599 1089 644 illis
1121 600 1205 644 4⁰¹
1229 599 1335 657 [sic]
1372 599 1388 624 ⁵
1423 614 1672 655 nunquam

41 675 283 721 dubitauit
321 677 479 722 bonus
518 677 794 734 episcopus,
832 677 1037 735 tulitque
1071 677 1357 734 aegerrime
1397 676 1526 734 quod
1561 685 1675 721 ante

42 754 326 810 passchales
350 753 502 799 ferias
532 770 626 799 non
663 755 1008 801 accessissent.
1048 754 1128 799 Pr.
1169 753 1400 799 Canisius
1434 754 1545 800 hinc
1584 753 1674 799 dis—

41 832 188 876 cessit
211 831 267 876 24
290 831 492 887 Aprilis.
520 831 662 877 Haec
686 843 815 889 sunt,
843 832 968 877 Rde.
997 831 1098 887 Pr„
1127 847 1254 888 quae
1272 832 1385 876 mihi
1406 846 1673 888 properan-

41 907 73 952 ti
98 922 227 953 nunc
250 917 537 961 occurrunt.
565 909 838 954 obsecrans
864 919 915 953 vt
939 908 1066 954 Rda.
1096 907 1204 953 Pat.
1233 918 1318 953 tua
1354 909 1447 954 mei
1488 923 1675 954 memor

39 1000 148 1030 esse
173 986 291 1030 velit
314 985 361 1030 in
385 985 484 1030 suis
508 986 835 1032 sanctissimis
859 985 1183 1031 orationibus,
1213 984 1372 1043 Cupio
1397 1001 1507 1031 esse
1543 1001 1673 1031 com-

42 1062 438 1108 mendatissimus
476 1062 604 1107 Rdo.
650 1062 784 1109 Patri
825 1064 949 1109 Mro.
998 1063 1057 1108 D.
1100 1062 1336 1118 Polanco,
1374 1063 1676 1108 charissimis

42 1139 273 1184 Patribus
297 1155 356 1185 ac
381 1140 622 1186 fratribus
646 1140 691 1185 in
732 1140 935 1186 Christo
970 1140 1096 1186 Iesu.
1132 1141 1262 1186 Dum
1298 1141 1393 1186 huc
1427 1141 1673 1197 peruenis—

41 1231 144 1261 sem
169 1217 446 1272 scribendo,
477 1218 610 1263 venit
634 1233 698 1264 ex
722 1218 943 1264 Eistadio
967 1218 1191 1275 nuncius,
1219 1219 1382 1264 attulit
1405 1218 1519 1263 mihi
1554 1218 1674 1264 litte-

40 1308 124 1339 ras
147 1292 299 1339 Ionae
324 1294 385 1339 ad
416 1294 476 1339 R.
516 1294 622 1340 Pat.
661 1304 798 1340 tuam
832 1296 1061 1352 scriptas,
1099 1311 1221 1352 quas
1258 1296 1395 1341 mitto
1433 1311 1529 1341 vna
1564 1311 1675 1341 cum

41 1369 176 1427 meis,
204 1379 298 1418 etc.
328 1370 476 1416 Vale.
503 1370 796 1428 Ingolstadii
821 1371 877 1418 26
895 1372 1098 1429 Aprilis.

128 1446 287 1493 Rdae.
316 1446 424 1494 Pat.
453 1448 511 1494 T.
537 1448 767 1506 indignus
791 1448 935 1506 filius,

1213 1565 1429 1611 THoMAs
1461 1567 1493 1610 ⁴.

128 1670 417 1728 Inscriptio.
446 1675 471 1724 †
495 1670 621 1717 Rdo.
650 1672 695 1717 in
721 1673 922 1718 Christo
954 1672 1091 1722 Patri
1127 1672 1188 1718 D.
1228 1674 1291 1718 M
1330 1674 1552 1730 Laynez5
1586 1672 1672 1718 So—

40 1748 234 1794 cietatis
256 1748 368 1794 Iesu
392 1748 582 1795 vicario
606 1749 850 1807 generali,
877 1750 1086 1796 Romae.

129 1843 248 1889 Alia
271 1858 433 1889 manu
462 1844 629 1890 1558...
656 1843 772 1890 Rta.
801 1860 830 1889 a
854 1844 908 1890 27
933 1845 978 1889 di
1004 1844 1229 1903 Maggio.

129 1920 306 1979 Sigz'llz'
326 1922 623 1979 vestztgz'um.

89 2128 97 2145 ¹
150 2126 397 2173 Tarquinius
417 2127 671 2174 Reynaldus,
689 2127 738 2164 de
754 2140 832 2175 quo
851 2128 1051 2175 superius,
1073 2141 1165 2175 pag.
1185 2128 1268 2174 575,
1290 2134 1427 2164 annot.
1448 2127 1482 2165 2.

88 2187 99 2204 ²
150 2185 384 2224 Guilelmus
402 2186 682 2234 Limburgius.

87 2247 99 2266 ³
151 2245 255 2284 Tres
272 2252 431 2284 tantum
450 2246 597 2285 fratres
615 2254 804 2285 numerat
824 2248 867 2285 P.
892 2248 1082 2286 Canisius
1100 2250 1141 2285 in
1161 2249 1331 2295 epistola
1350 2250 1485 2286 citata.

87 2308 100 2325 ⁴
149 2305 194 2343 P.
216 2306 394 2344 Thomas
413 2307 630 2349 Lentulus,
652 2308 817 2355 collegii
836 2314 983 2346 rector.
