2051 3516
396 335 466 370 548
861 334 1046 371 LITTERA
1055 346 1078 371 E
1106 335 1357 379 QUADRIMEs
1368 346 1460 371 rREs

346 429 445 486 riis,
474 430 731 482 monacho,
758 430 1014 485 canonico,
1036 430 1402 486 jurisconsulto,
1426 430 1631 485 medico,
1653 430 1816 486 nobili,
1840 446 1963 475 mer·

345 515 535 561 catore,
563 506 803 562 agricola.
840 506 999 551 Feriis
1034 507 1094 551 D.
1124 505 1428 550 Catharinae
1463 521 1521 550 ac
1557 506 1618 550 D.
1646 505 1853 551 Nicolao
1887 522 1965 551 sa-

345 582 514 637 cratis,
548 582 811 627 admodum
846 583 1256 627 scholasticorum
1292 582 1628 627 obseruationi
1664 582 1960 633 solennibus,

347 659 460 703 olim
485 659 694 711 choreis,
721 659 922 715 poculis,
950 660 1150 710 lusibuS,
1178 658 1388 715 profane
1412 659 1693 709 celebratis
1721 659 1963 714 superiori

344 751 469 780 vero
493 745 642 792 atque
666 737 912 792 praesenti
937 753 1065 782 anno
1102 737 1176 792 pie
1210 737 1538 792 religioseque
1573 736 1867 792 obseruatis;
1893 735 1964 792 ju-

344 823 520 858 uentus
562 823 611 857 vt
650 829 678 857 a
719 813 940 869 profanis
978 813 1189 870 negotiis
1223 824 1498 863 arceretur,
1535 813 1691 857 sacris
1724 828 1785 858 ac
1822 813 1964 858 seriis

346 890 681 935 huiuscemodi
706 890 829 935 ludis
853 891 1143 946 occupanda
1168 890 1306 934 nobis
1330 890 1611 934 videbatur.
1633 889 1805 945 Itaque
1830 889 1964 934 feriis

343 967 403 1011 D.
429 966 734 1012 Catharinae
759 968 919 1012 oratio
944 976 1245 1023 peruenusta
1270 967 1314 1011 in
1339 975 1543 1011 sanctae
1567 966 1803 1022 martyris
1822 981 1966 1011 enco-

344 1043 508 1096 mium,
537 1059 663 1099 quae
698 1054 745 1089 et
779 1045 1081 1101 panegyrica
1119 1055 1227 1088 erat
1260 1043 1322 1088 ad
1357 1043 1754 1098 persuadendum
1794 1044 1964 1088 alacre

345 1120 601 1165 literarum
625 1121 855 1172 studium,
884 1122 1051 1166 habita
1076 1133 1164 1176 est3
1188 1135 1333 1175 quam
1359 1121 1624 1164 subsecuta
1649 1128 1722 1164 est
1746 1119 1965 1165 eiusdem

343 1198 623 1253 argumenti
663 1198 919 1243 comoedia
958 1198 1127 1254 latina,
1165 1196 1598 1242 interlocutoribus
1641 1196 1863 1252 Eupethe
1902 1196 1965 1241 ad

344 1273 527 1319 Christi
553 1276 839 1331 obsequium
866 1275 943 1331 pia
968 1275 1288 1330 persuasione
1312 1283 1571 1329 reuocato,
1599 1283 1646 1318 et
1675 1272 1964 1328 Theophilo,

342 1350 436 1396 Dei
470 1352 826 1405 amantissimo;
854 1352 933 1407 qui
968 1352 1161 1407 quidem
1196 1350 1439 1406 dialogus,
1466 1349 1573 1405 pius
1603 1349 1739 1394 iuxta
1771 1365 1830 1394 ac
1855 1365 1963 1394 eru-

342 1427 471 1472 ditus
495 1439 583 1473 est.
613 1428 762 1473 Festo
788 1428 1101 1485 postmodum
1137 1426 1226 1472 Sti.
1254 1426 1446 1471 Nicolai
1471 1436 1585 1471 acta
1610 1436 1684 1471 est
1707 1427 1962 1472 comoedia

344 1506 510 1559 latina,
549 1521 674 1561 quae
708 1505 990 1550 inscribitur
1032 1504 1414 1559 «Nicophorus»,
1452 1519 1609 1559 agens
1643 1504 1871 1548 nimirum
1905 1503 1964 1548 de

342 1582 595 1627 christiani
621 1582 784 1626 militis
819 1581 1031 1626 victoria
1065 1590 1241 1625 contra
1277 1580 1610 1635 aduersarios,
1639 1595 1785 1635 quam
1821 1579 1961 1624 Nico-

344 1659 529 1715 phorus
554 1658 742 1703 obtinet
765 1659 829 1702 ab
853 1659 1033 1713 angelo
1058 1658 1119 1701 ad
1144 1657 1458 1701 sacerdotem
1478 1656 1669 1708 missus,
1697 1672 1725 1700 a
1750 1671 1845 1711 quo
1871 1656 1962 1711 pri-

343 1750 476 1779 mum
501 1743 725 1778 armatus
750 1734 904 1778 lorica
928 1733 1160 1789 justitiae,
1188 1733 1362 1788 caligis
1387 1743 1534 1789 atque
1566 1733 1762 1786 calceis,
1790 1732 1963 1789 quibus

343 1811 406 1856 ad
441 1826 582 1855 omne
616 1826 738 1867 opus
772 1811 954 1855 bonum
989 1810 1038 1854 fit
1073 1810 1269 1866 agilior,
1297 1819 1569 1863 contectus,
1608 1810 1755 1865 galea
1789 1809 1963 1853 salutis

342 1898 483 1951 scuto
528 1886 660 1943 fidei,
703 1888 909 1944 denique
948 1887 1114 1943 gladio
1154 1887 1352 1942 spiritus
1392 1886 1620 1939 munitus,
1663 1885 1826 1930 omnia
1866 1886 1964 1930 tela

343 1965 490 2020 ignea
528 1964 740 2008 hostium
780 1963 996 2008 retundit
1034 1963 1310 2018 irritatque.
1356 1961 1482 2007 Cum
1513 1962 1795 2018 Nicophoro
1836 1961 1963 2006 enim

342 2050 537 2087 certant
574 2041 673 2086 bini
706 2041 947 2086 teterrimi
982 2041 1262 2090 daemones,
1291 2040 1560 2085 Misotheus
1584 2049 1632 2084 et
1656 2039 1963 2093 Psicharpax

342 2119 625 2175 nuncupati,
667 2133 790 2174 quos
830 2117 1105 2162 animorum
1152 2118 1403 2161 helluones
1442 2116 1573 2160 fame
1612 2115 1850 2160 furientes
1890 2130 1963 2159 re·

344 2195 489 2240 mittit
512 2195 591 2239 ille
616 2195 826 2239 delusos.

400 2272 443 2317 8.
511 2270 671 2316 Feriis
706 2272 767 2316 D.
811 2270 1049 2327 Stephani
1088 2281 1202 2316 acta
1241 2281 1314 2315 est
1354 2271 1560 2315 historia
1599 2270 1703 2314 eius
1737 2268 1962 2325 martyrii

344 2350 574 2405 rhythmo
608 2348 806 2405 gallico,
833 2348 1270 2393 interlocutoribus
1304 2345 1715 2398 christifidelibus,
1742 2346 1962 2390 incredu-

341 2426 399 2471 lis
429 2425 637 2483 judaeis,
663 2424 723 2469 D.
752 2423 1022 2480 Stephano,
1058 2423 1233 2481 judice,
1273 2424 1492 2468 testibus.
1531 2423 1737 2468 Latinas
1770 2437 1961 2467 comoe-

343 2503 449 2547 dias
473 2511 733 2547 exametro
767 2501 986 2546 carmine
1021 2501 1281 2545 vniuersas
1314 2500 1553 2556 magister
1576 2499 1858 2544 Ludouicus
1882 2514 1962 2544 ae-

342 2579 477 2633 didit;
504 2579 712 2634 gallicas
736 2593 857 2623 vero
881 2577 1157 2634 rhythmico
1182 2593 1368 2632 genere
1400 2592 1568 2621 omnes
1602 2576 1842 2632 magister
1865 2575 1961 2620 Ro-

344 2658 513 2701 bertus
537 2657 740 2712 Lanoys
763 2654 1071 2710 conscripsit.
1094 2653 1304 2709 Quoque
1323 2670 1451 2698 anno
1471 2653 1782 2698 decreuimus
1801 2652 1962 2697 huius-

344 2733 473 2776 modi
497 2732 793 2788 spectaculis
817 2747 877 2776 ac
900 2731 1024 2776 ludis
1057 2740 1105 2775 et
1139 2730 1401 2785 discipulos
1436 2740 1633 2775 nostros
1657 2739 1704 2774 et
1728 2730 1860 2774 ciues
1890 2719 1961 2773 se-

344 2809 439 2853 mel
476 2809 652 2853 saltem
697 2817 844 2864 atque
887 2808 1064 2853 iterum
1109 2806 1292 2852 Christi
1337 2806 1512 2851 fauore
1555 2803 1806 2862 recreare,
1849 2805 1961 2860 quin

343 2885 490 2929 etiam
509 2884 781 2941 instituere3
808 2900 905 2929 non
930 2884 1054 2928 enim
1078 2884 1202 2928 haec
1225 2892 1444 2938 aguntur
1467 2883 1652 2939 absque
1682 2883 1961 2927 animorum

342 2961 671 3005 commotione
696 2970 744 3005 et
767 2961 975 3017 spiritali
998 2960 1179 3016 fructu,
1206 2959 1451 3004 interdum
1475 2959 1605 3004 haud
1637 2959 1812 3014 impari
1851 2973 1961 3003 con-

343 3037 497 3081 cionis
521 3037 797 3092 prouentui.
826 3037 1004 3081 Mirum
1038 3035 1187 3081 etiam
1222 3045 1296 3080 est
1330 3050 1477 3091 quam
1501 3035 1634 3080 hisce
1658 3035 1789 3080 sacri
1814 3050 1961 3090 argu-

344 3114 493 3158 menti
517 3113 643 3158 ludis
665 3112 930 3158 Societatis
964 3127 1141 3158 nomen
1165 3112 1227 3156 ad
1253 3110 1437 3156 Christi
1471 3112 1711 3156 honorem
1746 3110 1961 3166 diuulge-

2044 82 2051 138 ,Α
