2051 3516
376 323 424 360 88
843 324 1063 361 LITTERAE
1089 325 1445 370 QUADRIMESTRES

324 428 401 464 ter
423 418 510 463 hos
535 418 724 475 aliquos
749 434 857 464 esse
880 418 1068 476 judeos,
1096 419 1174 476 qui
1199 419 1410 464 fratrum
1435 420 1599 465 multis
1628 419 1806 464 auditis
1837 434 1947 464 con-

326 495 562 552 cionibus,
589 504 699 541 cum
723 496 906 541 nostris
930 497 1291 553 colloquuntur,
1319 496 1497 552 quique
1528 497 1742 553 pastoris
1767 495 1951 541 Christi

325 586 499 617 uocem
523 563 695 617 audire
719 573 843 617 uelle
867 572 1111 617 uidentur:
1141 582 1191 617 ut
1224 588 1497 628 speramus.
1535 573 1749 629 aliquam
1784 587 1846 617 ex
1879 572 1951 617 his
2020 615 2051 637 ..-

326 647 603 693 referemus
626 648 901 693 utilitatem.

384 723 427 770 2.
492 723 627 770 Idem
662 725 770 770 dico
804 724 864 770 de
902 725 1238 781 xenodochiis,
1282 740 1408 781 quae
1449 726 1699 782 (quoniam
1739 725 1819 781 qui
1857 725 1952 770 illic

325 809 481 855 agunt
514 809 563 846 et
595 800 893 846 decumbunt
926 801 1219 857 capaciores
1252 810 1365 846 sunt
1398 801 1683 847 eruditionis
1718 811 1866 857 atque
1890 816 1950 846 eo

325 875 597 933 digniores)
621 876 927 933 frequentius
950 877 1242 923 inuisuntur.

382 954 426 999 3.
493 953 662 999 Taceo
706 953 1011 999 innumeram
1058 954 1412 999 multitudinem
1462 954 1814 1010 poenitentium
1859 954 1951 999 hoc

324 1030 549 1076 natalitio
572 1030 786 1087 Domini,
815 1030 892 1075 cui
916 1040 1201 1076 accesserat
1220 1031 1430 1076 alterum
1450 1030 1754 1086 beneficium,
1776 1046 1949 1086 nempe

325 1105 559 1163 jubileum
582 1109 617 1151 a:
645 1122 771 1163 quae
794 1116 933 1152 tanta
956 1107 1046 1152 fuit
1070 1116 1121 1152 ut
1146 1108 1230 1152 uel
1250 1107 1461 1165 quinque
1486 1107 1661 1152 Patres
1685 1106 1704 1133 ¹³
1728 1123 1825 1151 non
1855 1106 1951 1151 suf-

324 1181 544 1228 ficerent.
587 1182 729 1239 Quid
758 1183 820 1227 de
853 1183 1329 1228 commzmionibus?
1361 1190 1376 1209 0
1415 1183 1603 1228 Plures
1634 1197 1762 1228 sane
1795 1197 1951 1240 quam

328 1260 693 1317 confessiones.

413 1335 745 1393 [Exemplum
770 1350 933 1381 unum
956 1335 1278 1394 omittimus]

382 1414 426 1458 4.
493 1413 590 1458 Alii
615 1428 644 1457 a
669 1412 895 1457 nefandis
918 1423 966 1457 et
990 1413 1194 1458 auribus
1217 1413 1469 1458 christiani
1499 1412 1706 1457 hominis
1741 1412 1950 1468 indignis

325 1489 523 1546 flagitiis
546 1491 766 1535 reuocati
792 1500 917 1545 sunt,
945 1504 1077 1547 quae
1101 1490 1235 1534 inter
1256 1504 1317 1535 ea
1346 1494 1789 1534 connumerantur
1820 1503 1952 1546 quae

327 1567 590 1622 apostolus
611 1566 809 1612 scribit:
832 1581 922 1611 nec
945 1567 1278 1612 nominentur
1298 1567 1351 1612 in
1376 1566 1536 1611 uobis.
1567 1566 1607 1611 O
1624 1579 1782 1623 quam
1804 1565 1949 1610 obsti-

326 1648 447 1688 nato
478 1644 652 1689 animo
683 1644 848 1689 uitam
882 1643 1073 1699 agebat
1104 1658 1220 1688 cum
1254 1656 1448 1700 magno
1483 1643 1649 1688 animi
1679 1642 1950 1698 dispendio

325 1720 422 1772 ille,
459 1721 548 1777 qui
574 1726 672 1776 pro
706 1720 912 1765 inimico
936 1720 1161 1777 quodam
1183 1733 1276 1765 suo
1297 1725 1478 1776 preces
1486 1719 1722 1777 fundere
1744 1719 1952 1775 penitus

325 1796 639 1853 denegabat:
662 1801 710 1841 et
737 1800 903 1841 tamen
938 1796 1129 1841 blanda
1162 1796 1251 1841 illa
1284 1796 1464 1841 Patris
1497 1796 1654 1840 unius
1686 1794 1845 1840 uerba
1878 1795 1954 1840 illi

324 1876 526 1917 tantam
549 1873 718 1917 cordis
741 1873 1000 1917 duriciam
1024 1886 1125 1917 non
1149 1886 1297 1917 secus
1321 1876 1472 1929 atque
1490 1871 1704 1917 molaris
1726 1871 1951 1916 triticum

326 1954 626 2007 caeteraque
651 1950 920 2007 legumina
944 1950 1246 1995 comminuit
1269 1953 1420 2006 atque
1443 1949 1697 1994 contriuit.

382 2025 424 2071 5.
494 2025 658 2082 Virgo
684 2027 925 2083 quaedam
957 2026 1252 2071 necessitate
1281 2035 1461 2071 coacta
1495 2026 1680 2081 aliquot
1713 2039 1869 2069 annos
1904 2024 1950 2069 in

325 2101 538 2158 quadam
574 2101 834 2158 judeorum
869 2102 1013 2147 domo
1052 2112 1387 2158 transegerat.
1430 2099 1618 2157 Spiritu
1655 2111 1828 2146 sancto
1863 2100 1948 2146 ad-

325 2178 490 2234 ducta,
516 2178 579 2223 ab
604 2179 673 2224 eis
697 2178 892 2234 aufugit
915 2187 964 2224 et
986 2180 1048 2223 ad
1073 2188 1271 2223 nostros
1289 2178 1530 2235 confugit,
1552 2187 1600 2222 et
1618 2176 1864 2234 confessa,
1887 2177 1949 2222 ad

325 2255 577 2299 meliorem
601 2255 799 2311 frugem
825 2255 983 2312 rediit,
1010 2270 1101 2299 nec
1126 2255 1251 2300 inter
1275 2270 1361 2299 eos
1385 2254 1593 2310 amplius
1618 2262 1865 2299 uersatur.

381 2330 423 2375 6.
491 2330 630 2376 Multi
656 2347 751 2376 non
776 2332 886 2376 lotis
916 2331 1157 2388 manibuS‚
1190 2340 1238 2376 et
1271 2347 1357 2376 ore
1392 2331 1610 2388 peccatis
1643 2330 1949 2387 grauissimis

325 2408 604 2463 deturpato,
631 2407 693 2452 ad
717 2423 915 2471 sacram
941 2406 1125 2452 Christi
1150 2423 1368 2452 mensam
1392 2418 1727 2453 accesserant.
1753 2407 1949 2452 Verum

324 2484 419 2528 iam
444 2484 625 2528 nostris
648 2499 771 2539 pure
795 2484 1086 2540 integreque
1110 2483 1338 2539 confessi,
1361 2484 1659 2529 sanctiorem
1678 2483 1832 2528 uitam
1850 2492 1947 2528 tra-

325 2560 505 2604 ducere
530 2569 910 2616 proposuerunt.
939 2559 1114 2605 Mulier
1137 2576 1166 2604 a
1186 2560 1426 2605 daemone
1450 2559 1657 2617 agitata,
1685 2559 1849 2605 multis
1873 2575 1949 2604 co-

326 2635 496 2679 mitata
522 2636 824 2692 mulieribus,
856 2637 983 2681 stola
1017 2637 1144 2680 collo
1178 2636 1281 2680 eius
1314 2651 1548 2692 appensa,
1586 2635 1948 2680 confessionem

324 2711 370 2755 in
405 2721 575 2757 nostro
609 2712 790 2769 templo
824 2712 956 2768 fecit3
993 2712 1217 2757 similiter
1250 2721 1298 2757 et
1328 2713 1546 2768 reliquae
1570 2712 1799 2757 mulieres
1823 2727 1949 2768 quae
1998 2770 2001 2776 .

325 2802 435 2832 cum
459 2803 518 2832 ea
548 2798 705 2834 erant.
746 2789 934 2834 Deinde
970 2789 1095 2833 mira
1130 2789 1466 2845 tranquilitate
1500 2803 1559 2833 ac
1594 2789 1835 2833 modestia
1869 2789 1948 2833 do-

325 2879 455 2908 mum
479 2865 722 2919 repetiuit:
752 2865 861 2910 vide
885 2865 998 2922 quid
1022 2865 1175 2910 faciat
1198 2865 1460 2909 confessio

371 3052 390 3070 a
439 3052 628 3099 J'ubileus.
696 3053 761 3079 ——b
790 3053 933 3089 Patres
963 3053 1031 3099 qui
1061 3052 1124 3089 hic
1155 3058 1259 3088 sunt.
1327 3059 1387 3079 -C
1421 3051 1536 3096 Quod
1568 3052 1618 3087 ad
1648 3051 1947 3088 communiones

325 3110 484 3147 attinet.
512 3110 595 3154 Sic,
618 3113 876 3148 correctione
895 3112 1174 3157 incompleta.
