2051 3516
357 322 398 348 v]
825 312 1040 348 er’rfflmss
1067 310 1418 355 QUADfflMEsTREs

308 406 485 464 Ignatii
510 408 702 452 nominc
726 408 961 464 scribens,
990 406 1195 462 primum
1227 421 1288 450 ex
1318 406 1592 451 litterarum
1626 407 1922 452 commercio

306 484 668 529 adolescentem
704 484 917 528 fructum
947 483 1081 539 ponit
1107 482 1180 537 «la
1203 482 1350 526 union
1375 482 1434 527 de
1459 483 1505 527 la
1529 482 1806 540 Compafii'a
1831 500 1922 539 que

305 561 434 606 anda
477 564 634 617 segun
678 576 730 605 su
777 559 1027 616 profesion
1072 558 1300 615 sparzida
1344 574 1402 603 en
1442 559 1612 604 varias
1650 569 1845 616 partes»
1890 562 1917 605 ¹.

305 635 354 681 S.
384 636 684 682 Franciscus
708 635 959 681 Xaverius
982 644 1030 680 et
1053 634 1108 679 B.
1132 634 1309 680 Petrus
1339 634 1520 691 Faber,
1558 636 1696 691 primi
1729 636 1921 692 Ignatio

304 713 349 758 in
388 712 636 759 Societate
670 712 924 758 condenda
962 711 1230 769 adjutores,
1269 720 1317 757 et
1350 712 1411 756 ad
1446 712 1607 757 socios
1642 712 1920 758 fidelissime

304 789 586 835 scribebant
609 799 657 835 et
680 790 743 834 ab
768 789 858 833 illis
892 788 1082 833 litteras
1117 788 1436 833 vehementer
1470 789 1708 844 optabant
1741 790 1772 834 2.
1810 789 1920 834 Lai-

302 866 409 910 nius
443 882 552 911 cum
576 865 675 923 jam
700 867 745 910 in
771 864 1020 910 Societate
1046 864 1265 921 regenda
1289 864 1482 921 Ignatio
1507 864 1745 909 suffectus
1769 875 1917 922 essct,

304 943 545 988 lusitanae
570 943 855 1001 provinciae
882 941 1199 998 moderatori,
1225 941 1349 987 haec
1371 942 1497 986 inter
1527 941 1623 986 alia
1654 943 1916 987 scribebat:

305 1018 376 1062 «Y
408 1021 481 1064 asi
515 1018 707 1076 [litteris
746 1017 1191 1074 quadrimestribus
1229 1017 1515 1074 scribendis]
1559 1033 1610 1062 se
1650 1018 1775 1063 dara
1815 1029 1920 1064 esta

303 1095 617 1140 consolacion
642 1111 671 1140 a
696 1095 917 1150 aquellos
942 1102 1168 1138 nuestros
1194 1093 1458 1138 hermanos
1482 1094 1540 1138 de
1565 1094 1611 1139 la
1635 1094 1770 1139 India
1793 1112 1823 1150 y
1844 1095 1917 1139 del

302 1171 479 1228 Brasil‚
506 1187 598 1227 que
623 1186 675 1216 es
700 1174 852 1215 razon
876 1170 1074 1215 darsela
1097 1185 1220 1226 para
1244 1170 1395 1225 algun
1429 1170 1577 1214 alivio
1613 1171 1670 1215 de
1710 1171 1782 1215 los
1818 1187 1915 1215 mu-

303 1248 419 1293 chos
453 1246 678 1304 trabajos
712 1263 803 1304 que
839 1247 1081 1303 padecen»
1119 1247 1150 1291 3.
1186 1246 1246 1291 Et
1277 1245 1477 1302 Gaspar
1500 1247 1559 1292 de
1583 1246 1807 1304 Salazar,
1837 1265 1916 1293 no-

303 1325 428 1369 mine
467 1324 676 1370 rectoris
715 1323 1080 1380 complutensis,
1121 1323 1294 1368 Lainio
1333 1323 1401 1368 ita
1440 1324 1622 1369 scribit:
1666 1323 1915 1370 «Grande-

301 1410 463 1446 mente
486 1417 538 1446 se
562 1402 827 1447 consuelan
853 1402 925 1446 los
945 1416 1037 1457 que
1061 1403 1176 1457 aqui
1198 1404 1337 1447 estan
1360 1418 1391 1458 y
1415 1401 1488 1446 los
1508 1401 1565 1446 de
1584 1401 1727 1446 fuera
1746 1418 1797 1446 se
1818 1402 1913 1447 edi-

302 1476 427 1521 fican
451 1494 481 1533 y
506 1493 713 1522 mueven
738 1493 829 1522 con
855 1477 927 1522 las
952 1492 1096 1522 cosas
1120 1492 1211 1533 que
1234 1492 1287 1522 se
1311 1477 1503 1522 scriben
1526 1494 1556 1533 y
1580 1493 1672 1534 que
1697 1494 1785 1533 por
1816 1480 1914 1524 alla

299 1554 423 1598 obra
446 1554 566 1599 Nro.
593 1553 703 1599 Sor.
728 1570 817 1610 por
842 1553 999 1599 medio
1024 1553 1082 1598 de
1108 1554 1179 1599 los
1203 1554 1261 1599 de
1284 1554 1330 1599 la
1350 1552 1641 1609 Compafiia.
1670 1554 1728 1599 El
1753 1555 1915 1601 Padre

300 1638 465 1674 rector
489 1630 674 1686 suplica
699 1646 727 1674 a
752 1630 818 1675 V.
846 1630 935 1675 R?
959 1645 1048 1686 por
1072 1645 1213 1675 amor
1237 1630 1313 1674 del
1336 1628 1495 1675 Sefior
1528 1630 1704 1675 mande
1736 1647 1828 1688 que
1863 1648 1915 1677 se

299 1706 489 1751 embien
522 1706 730 1762 algunas
764 1707 1151 1763 quadrimestres
1184 1706 1243 1751 de
1272 1707 1345 1751 las
1375 1722 1468 1763 que
1491 1721 1581 1762 por
1606 1722 1718 1752 esas
1742 1718 1912 1764 partes

301 1782 496 1827 scriben
522 1799 550 1827 a
575 1782 640 1827 V.
673 1783 781 1828 Rfl»
810 1784 841 1827 4.

387 1858 512 1904 Cum
534 1858 773 1916 ejusmodi
797 1860 1118 1916 epistolarum
1143 1859 1577 1916 quadrimestrium
1608 1862 1668 1906 sit
1704 1862 1914 1907 materia

299 1946 345 1981 et
379 1935 499 1993 finis,
537 1937 678 1992 plena
712 1953 772 1982 ex
812 1937 902 1982 illis
941 1953 1107 1982 rerum
1145 1946 1426 1982 nostrarum
1467 1938 1673 1983 historia
1709 1954 1801 1983 non
1842 1949 1916 1984 est

298 2013 607 2068 postulanda.
634 2013 877 2058 Polancus
901 2014 1044 2070 enim,
1072 2014 1249 2071 Ignatii
1269 2014 1477 2070 nomine,
1500 2016 1757 2072 complura
1777 2026 1915 2062 notat

299 2104 424 2145 quae
451 2089 494 2133 in
520 2090 692 2135 litteris
717 2090 807 2135 illis
831 2106 925 2135 non
950 2100 1061 2136 sunt
1085 2090 1362 2147 scribenda,
1389 2090 1435 2135 in
1460 2091 1631 2148 quibus
1658 2108 1751 2137 non
1784 2094 1914 2138 mala

299 2166 454 2210 solum
490 2175 575 2211 aut
610 2167 765 2212 minus
800 2167 928 2212 bona
962 2176 1046 2213 aut
1080 2167 1275 2212 occulta
1308 2167 1526 2223 consilia,
1562 2168 1647 2213 sed
1681 2170 1914 2215 nonnulla

297 2242 442 2287 etiam
465 2243 562 2287 alia
587 2253 924 2300 numerantur,
952 2259 1077 2300 quae
1101 2245 1233 2289 nulla
1258 2260 1320 2289 ex
1345 2254 1484 2300 parte
1518 2244 1611 2289 sint
1650 2246 1911 2301 reprehen-

296 2317 470 2363 denda:
501 2318 600 2363 «Lo
624 2335 715 2375 que
740 2320 801 2365 ha
825 2320 883 2365 de
911 2321 1049 2365 venir
1073 2336 1132 2365 en
1157 2319 1378 2378 hijuelaS,
1406 2320 1450 2364 id
1475 2330 1565 2377 est,
1593 2322 1637 2366 lo
1658 2337 1750 2377 que
1775 2338 1835 2366 no
1861 2338 1913 2367 es

297 2409 421 2449 para
455 2404 687 2460 mostrar‚
723 2411 884 2451 agora
918 2412 1004 2442 sea
1039 2395 1318 2442 edificativo
1353 2412 1512 2453 agora
1546 2413 1625 2454 no,
1658 2413 1798 2442 como
1823 2410 1923 2443 son*

297 2470 370 2514 los
393 2469 614 2515 defectos
644 2473 842 2528 propios
875 2491 904 2530 y
942 2474 999 2518 de
1034 2484 1186 2530 otros‚
1222 2490 1254 2530 y
1287 2474 1497 2530 algunas
1529 2489 1673 2519 cosas
1708 2475 1908 2530 loablcs‚

296 2561 414 2601 pero
440 2562 501 2591 no
527 2563 648 2603 para
672 2549 840 2594 todos»
869 2551 898 2593 ⁵.

386 2622 576 2669 Verum
601 2626 689 2670 etsi
715 2626 759 2670 in
786 2627 1224 2682 quadrimestribus
1248 2627 1423 2673 litteris
1449 2628 1600 2681 multa
1625 2627 1909 2672 omitteban-

295 2708 389 2756 tur,
417 2699 527 2745 falsi
558 2710 722 2747 tamen
756 2703 1017 2760 quidquam
1053 2704 1280 2761 proferre
1313 2705 1454 2750 nefas
1487 2714 1610 2750 erat.
1648 2704 1818 2761 Itaque
1852 2705 1910 2750 de

346 2865 355 2883 ¹
408 2864 599 2900 Mommz.
624 2865 779 2910 Remu„
802 2879 879 2904 ser.
905 2868 972 2909 La.
994 2869 1023 2910 Ι,
1045 2869 1124 2905 537.

342 2923 355 2942 ²
406 2923 598 2960 Monuni.
621 2924 792 2971 Xaver„
813 2926 844 2967 Ι,
865 2926 946 2972 237,
967 2927 1048 2972 250,
1071 2933 1161 2970 etc.;
1185 2928 1318 2965 Fabri
1336 2927 1542 2971 Monmn„
1564 2927 1620 2964 21.

343 2982 356 3001 ³
407 2981 451 3018 In
470 2982 604 3018 codice
625 2983 766 3020 Instit.
790 2985 887 3029 206,
910 2986 975 3023 fol.
996 2986 1081 3023 Sssv.

341 3040 354 3059 4
404 3040 448 3076 In
468 3041 612 3076 litteris
631 3042 694 3077 dic
714 3043 759 3078 530
778 3042 962 3080 Octobris
984 3045 1073 3081 1558
1091 3046 1206 3088 datis;
1229 3059 1297 3082 eas
1318 3046 1406 3082 vide
1427 3045 1529 3081 infra
1547 3057 1618 3081 suo
1638 3046 1735 3082 loco.

342 3098 354 3117 ⁵
405 3098 598 3137 Monam.
623 3099 780 3146 Igtmt.‚
802 3114 880 3138 ser.
906 3104 972 3146 La,
993 3103 1022 3148 Ι,
1043 3104 1124 3141 547.
