2051 3516
307 301 378 338 256
772 302 898 338 er'rb:
907 314 926 337 κ
935 312 988 337 ΑΕ
1017 301 1369 346 QUADfflMEs'mEs

263 396 397 441 velut
421 396 500 452 qui
524 396 604 441 diu
629 396 970 442 delitescentes
995 396 1040 441 in
1071 404 1233 449 antro,
1260 393 1459 439 tandem
1489 394 1628 438 clara
1658 394 1766 438 luce
1801 410 1889 449 po-

261 471 350 527 titi,
386 473 489 518 sine
523 473 695 518 labore
729 473 1092 529 amplectuntur
1126 472 1363 526 laborem3
1401 469 1471 514 sic
1505 469 1647 514 labor
1686 481 1882 525 optatus

258 547 502 594 fratribus
526 557 657 594 esset
681 549 832 605 quies.

320 624 362 669 3.
430 624 534 669 Nec
557 623 750 669 interim
774 623 863 669 sibi
888 624 1060 669 desunt
1085 623 1129 668 in
1160 621 1462 678 expoliendis
1496 621 1730 676 moribus,
1768 637 1881 667 nam

261 715 353 756 pro
377 700 505 745 virili
530 700 794 745 virtutibus
818 701 1104 745 incumbunt
1127 714 1189 743 ex
1223 697 1385 742 animo
1411 712 1498 742 sue
1533 697 1670 742 carni
1706 698 1882 742 aduer-

263 784 449 832 santes;
491 775 559 820 ita
603 784 656 820 vt
700 775 835 820 multi
880 776 1013 820 ciues
1052 774 1288 819 mirentur
1332 773 1525 817 illorum
1570 772 1879 819 modestiam.

261 851 439 896 Adhuc
462 850 729 896 nouissime
753 851 945 907 quidam
971 851 1098 896 haud
1125 848 1350 905 vulgaris
1374 848 1666 894 conditionis
1685 849 1766 894 diu
1784 858 1879 894 ste-

259 928 316 973 tit
339 943 429 984 pro
454 926 643 972 foribus
666 927 806 972 huius
832 927 1004 986 domus
1028 942 1138 971 cum
1163 925 1454 982 quibusdam
1479 925 1587 970 aliis
1605 926 1880 970 obseruans

260 1004 459 1049 domum
482 1003 833 1060 ingredientes:
861 1004 939 1059 ah,
966 1003 1134 1059 inquit,
1162 1001 1493 1046 lubentissime
1517 1001 1729 1058 suspicio
1749 1001 1881 1046 illam

259 1079 561 1125 iuuentutem
585 1080 709 1124 adeo
735 1079 1024 1133 modestam,
1059 1089 1109 1123 vt
1133 1078 1248 1123 nihil
1272 1093 1382 1122 cum
1417 1077 1598 1122 mundo
1623 1093 1881 1123 commune

260 1155 492 1201 videatur
516 1155 717 1200 habere.

319 1233 361 1278 4.
427 1231 506 1276 Ad
537 1232 726 1287 reliqua
760 1232 857 1277 iam
890 1231 1144 1287 accingor.
1182 1230 1462 1275 Paternitas
1496 1240 1581 1274 tua
1614 1230 1705 1275 scit
1737 1230 1877 1274 nobis

262 1323 371 1354 esse
396 1309 802 1354 consuetudinem
826 1308 996 1353 audire
1021 1307 1357 1353 confessiones
1382 1307 1545 1352 multis
1568 1307 1613 1351 in
1634 1306 1769 1364 locis;
1791 1307 1878 1352 sed

260 1384 374 1441 quia
397 1385 531 1429 solus
554 1400 659 1429 sum
685 1384 919 1430 sacerdos
951 1383 1283 1440 (preterquam
1320 1383 1448 1439 quod
1482 1382 1745 1439 aliquando
1780 1383 1878 1439 qui-

261 1460 373 1504 dam
413 1460 520 1516 pius
552 1460 788 1505 sacerdos
812 1459 1195 1505 studiosissimus
1220 1458 1372 1503 nostri
1397 1459 1631 1504 auxilium
1656 1469 1880 1516 praestat

260 1536 391 1592 apud
416 1535 651 1581 Sanctum
677 1535 981 1582 Germanum
1006 1552 1068 1581 ex
1092 1536 1411 1581 concessione
1436 1536 1495 1580 R.
1524 1535 1573 1580 P.
1599 1536 1660 1581 D.
1699 1535 1876 1581 Pasca-

261 1611 317 1657 sii
345 1612 391 1668 ¹),
419 1612 714 1657 satisfacere
739 1613 964 1657 omnibus
990 1627 1082 1656 non
1107 1612 1269 1656 valeO.

317 1688 359 1733 5.
430 1689 472 1732 A
497 1688 667 1745 paucis
691 1688 859 1734 diebus
882 1688 1031 1733 multe
1065 1688 1369 1743 meretriceS,
1408 1687 1570 1733 diuina
1605 1688 1877 1745 opitulante

259 1763 535 1821 clementia,
583 1765 735 1809 vitam
780 1773 1048 1819 mutarunt,
1096 1764 1232 1808 cuius
1270 1763 1602 1809 testimonium
1646 1764 1878 1810 ferebant

260 1840 507 1885 vberrime
529 1841 799 1897 lachryme3
828 1850 875 1885 et
894 1840 1134 1896 deplorati
1160 1855 1219 1884 ac
1244 1840 1568 1896 flagitiossimi
1592 1841 1727 1886 multi
1753 1841 1873 1886 reci-

256 1916 394 1972 piunt
417 1931 469 1961 se
493 1916 555 1961 ad
580 1917 792 1973 frugem.
821 1917 883 1961 Et
907 1916 1169 1961 nouissime
1194 1917 1340 1962 homo
1366 1917 1563 1973 quidam
1582 1917 1710 1962 inter
1728 1917 1876 1962 confi-

256 1992 457 2038 tendum
482 1993 674 2038 dicebat
707 2009 759 2038 se
794 1993 962 2038 videre
997 1993 1244 2049 ingentem
1278 1993 1475 2038 turbam
1509 1994 1784 2049 demonum,
1827 2004 1876 2040 et

256 2069 339 2114 vix
359 2085 502 2125 posse
521 2085 573 2115 se
593 2070 844 2115 continere
865 2070 975 2126 quin
996 2071 1098 2114 alta
1118 2085 1243 2114 voce
1263 2070 1520 2126 clamaret,
1544 2071 1764 2127 quamuis
1784 2071 1875 2116 cir-

258 2155 512 2191 cunstaret
536 2146 897 2202 copiosissimus
922 2155 1093 2191 coetus
1116 2145 1296 2202 populi,
1324 2155 1372 2191 et
1395 2147 1651 2203 tantisper,
1673 2147 1787 2192 dum
1805 2148 1875 2192 sic

256 2222 560 2279 agitabatur,
584 2223 861 2268 conabatur
892 2238 943 2268 se
976 2223 1212 2279 paulatim
1248 2238 1276 2266 a
1311 2238 1387 2267 me
1421 2225 1733 2279 submouere3
1771 2233 1875 2269 tan-

258 2299 367 2343 dem
392 2298 497 2354 pius
521 2309 567 2343 et
592 2299 872 2344 misericors
898 2299 1140 2343 Dominus
1164 2298 1394 2343 misertus
1419 2309 1493 2345 est
1517 2300 1643 2345 illius
1678 2310 1724 2346 et
1758 2301 1870 2355 mei,

257 2385 304 2419 et
337 2385 439 2419 tum
474 2375 664 2430 quietus
698 2375 946 2420 remansit.
990 2374 1183 2420 Obnixe
1217 2390 1307 2419 oro
1341 2374 1697 2422 paternitatem
1737 2386 1873 2422 tuam-

255 2451 469 2507 precari,
496 2462 737 2508 quatenus
766 2451 996 2508 dignetur
1030 2452 1270 2496 Dominus
1304 2466 1607 2499 conseruare
1642 2453 1706 2498 illi
1741 2470 1869 2499 men-

255 2536 353 2573 tem
377 2529 574 2572 bonam.

313 2603 355 2647 6.
422 2603 510 2648 His
544 2603 677 2648 feriis
711 2604 1062 2649 Penthecostes
1098 2605 1185 2650 fuit
1210 2607 1370 2651 maior
1404 2605 1734 2652 confitentium
1759 2621 1872 2651 con-
1905 2620 1913 2627 ⁶

257 2693 429 2723 cursus
454 2695 599 2735 quam
622 2689 769 2725 antea
788 2680 918 2736 apud
938 2678 1174 2726 Sanctum
1194 2681 1444 2738 Cosmam3
1468 2682 1732 2738 praecipue
1752 2682 1871 2727 mul--

257 2763 305 2798 te
329 2756 531 2811 egregie
556 2755 763 2812 domine,
789 2771 972 2802 vxores
995 2756 1186 2801 illorum
1211 2758 1289 2813 qui
1314 2758 1359 2802 in
1385 2767 1526 2814 parte
1552 2758 1871 2803 moderantur

258 2831 627 2888 rempublicam,
656 2832 922 2889 affuerunt,
951 2848 1042 2889 que
1067 2842 1181 2878 ante
1207 2834 1501 2880 videbantur
1534 2849 1622 2879 nos
1656 2843 1869 2880 contem-

302 3013 312 3032 ¹
367 3012 406 3048 P.
429 3012 668 3049 Paschasius
687 3012 810 3049 Broet
832 3014 899 3060 qui
920 3015 1040 3061 paulo
1059 3020 1152 3051 ante
1171 3016 1343 3051 Romam
1368 3015 1417 3051 ad
1442 3016 1680 3062 generalem
1700 3029 1879 3053 conven-

256 3076 340 3108 tum
359 3071 506 3107 ordinis
526 3071 727 3117 profectus
746 3071 891 3110 fuerat.
