2051 3516
444 311 784 349 21.-FERRA1x1A
811 320 992 347 ιΝΕυΝΤΕ
1018 319 1124 346 ANNO
1154 310 1243 345 1557
1572 308 1618 345 89

85 409 127 455 7.
194 407 334 453 Multi
358 416 559 452 nostros
583 406 642 452 de
668 407 815 452 rebus
840 404 1151 450 iudicialibus
1175 404 1453 449 consulunt:
1480 404 1665 460 optime

25 485 199 532 deinde
222 484 452 530 instructi
477 484 673 540 gratias
696 497 917 527 summas
951 480 1145 538 agu[nt]
1186 486 1220 535 ³,
1262 479 1344 525 alii
1379 480 1507 537 quod
1548 496 1661 525 cau-

26 579 132 609 sam
166 562 484 614 obtinuerint,
522 561 604 606 alii
638 559 768 617 quod
802 559 860 604 lis
895 575 1007 604 cum
1037 557 1345 604 aduersariis
1381 557 1442 602 sit
1467 572 1661 613 compo-

24 641 136 696 sita,
161 639 241 685 alii
266 638 395 695 quod
420 655 445 684 e
470 638 678 684 uinculis
702 651 820 682 suos
844 636 1122 692 eduxerint,
1156 635 1237 680 alii
1264 643 1518 691 postremo
1559 634 1663 691 (rni-

25 733 133 764 rum
156 716 308 773 dictu)
344 715 473 773 quod
510 723 720 760 mortem
761 713 919 771 ipsam
957 712 1297 769 turpissimam
1322 711 1661 767 eculeumque,

25 795 229 840 Patrum
254 802 539 838 nostrorum
564 791 796 847 consilio‚.
815 790 1103 846 effugerint.

82 874 125 917 ὃ.
192 870 398 924 Eorum,
428 869 507 926 qui
532 878 756 913 nostrum
783 868 1103 923 frequentant
1136 865 1372 921 templum
1408 864 1582 909 feruor
1616 864 1662 908 in

24 948 126 994 dies
149 946 438 992 efferuescit
472 945 634 1002 magis
667 945 730 990 ad
765 943 1140 989 misericordiae
1171 957 1380 988 munera
1414 941 1661 998 obeunda,

26 1024 290 1082 praecipue
314 1033 480 1068 tamen
516 1023 578 1068 ad
614 1022 905 1067 meretrices
930 1037 960 1066 a
983 1021 1087 1066 uita
1111 1020 1390 1076 deprauata
1423 1034 1663 1064 reuocan-

24 1101 129 1158 das,
155 1111 305 1158 atque
329 1100 391 1146 ad
417 1099 743 1146 confessionis
776 1107 1150 1144 sacramentum
1183 1095 1562 1154 pertrahendas.
1591 1095 1663 1140 ln-

23 1188 100 1225 ter
136 1179 227 1224 has
273 1178 292 1205 b
339 1194 437 1223 una
477 1188 568 1233 est,
611 1193 738 1234 quae
781 1177 951 1221 uolens
991 1175 1239 1232 quoddam
1280 1172 1658 1219 misericordiae

24 1272 145 1313 opus
184 1271 441 1309 exercere,
483 1255 755 1300 festinabat
800 1254 843 1298 in
886 1253 983 1298 uia.
1027 1252 1225 1297 Accidit
1270 1260 1437 1296 autem
1477 1260 1528 1295 ut
1571 1265 1664 1294 uas

24 1333 271 1392 quoddam
306 1332 452 1378 ualde
485 1347 650 1388 capax
683 1342 821 1376 terra
857 1332 1053 1387 plenum
1088 1344 1238 1386 super
1278 1338 1428 1384 caput
1462 1327 1567 1372 eius
1601 1341 1664 1371 ex

24 1409 237 1468 quadam
271 1408 500 1466 praealta
534 1407 829 1453 aromatarii
864 1407 1089 1452 fenestra
1123 1404 1392 1459 decideret,
1421 1418 1515 1460 quo
1546 1402 1662 1447 nihil

24 1488 176 1544 laesa,
203 1501 295 1532 nec
320 1486 573 1531 minimum
608 1485 802 1542 quidem
827 1484 1053 1529 dolorem
1078 1482 1311 1536 sentiens,
1338 1480 1564 1538 gaudens
1598 1478 1661 1524 ad

23 1575 246 1609 nostrum
285 1563 575 1620 properauit
614 1563 866 1618 templum,
894 1560 1067 1606 laudes
1102 1559 1211 1604 Deo
1247 1558 1520 1603 redditura.
1548 1554 1662 1613 Quo

23 1641 175 1696 facto,
201 1641 339 1686 multi
363 1640 426 1685 ad
450 1640 603 1686 uitam
628 1639 989 1684 emendandam
1015 1637 1286 1692 redierunt,
1314 1644 1544 1692 apertum
1579 1634 1662 1679 mi-

24 1719 249 1764 raculum
273 1717 649 1774 conspicientes.

79 1795 122 1841 9.
188 1794 317 1840 Hinc
351 1795 502 1851 uulgo
537 1794 651 1839 illae
686 1809 837 1838 uoces
872 1800 1154 1848 erumpunt:
1182 1805 1293 1836 cum
1334 1789 1514 1835 Patres
1552 1789 1662 1834 illos

23 1872 281 1928 conuenio,
323 1881 457 1917 totus
499 1887 619 1928 prae
664 1871 853 1916 laetitia
897 1870 1076 1927 gestio,
1125 1869 1404 1924 donumque
1448 1865 1662 1923 Spiritus

23 1948 192 1995 Sancti
217 1965 294 1994 me
319 1949 502 1994 sentire
521 1947 778 1994 confiteor.
802 1947 945 1992 Alius
964 1946 1132 2003 inquit:
1158 1946 1235 1990 hic
1254 1944 1529 1998 confessor,
1553 1958 1662 1988 cor-

23 2043 142 2084 pore
160 2027 372 2084 humilis,
394 2026 558 2072 animo
579 2026 861 2082 submisior,
883 2024 1319 2079 sanctissimusque
1339 2032 1429 2067 est.
1452 2021 1662 2066 Vtinam

23 2104 135 2149 mihi
174 2120 284 2149 cum
327 2120 386 2149 eo
425 2104 641 2159 colloqui
679 2118 875 2159 semper
914 2100 1294 2147 concederetur!
1338 2099 1415 2144 uel
1450 2113 1660 2143 coenam

23 2182 177 2239 ipsam
202 2182 678 2239 praetermitterem.
705 2180 849 2225 Alius
872 2180 1051 2225 subdit:
1076 2178 1217 2224 Vere
1242 2178 1288 2222 hi
1312 2186 1426 2222 sunt
1446 2176 1525 2232 qui
1546 2191 1661 2220 one-

0 2275 80 2304 >ra
104 2269 275 2305 nostra
299 2259 602 2316 grauissima
636 2259 821 2309 leuant,
848 2267 897 2302 et
921 2272 1050 2313 quae
1081 2255 1327 2301 sustinere
1350 2255 1484 2299 nulla
1510 2253 1659 2298 ratio-

22 2352 82 2382 ne
106 2352 378 2394 possemus,
405 2352 496 2382 sua
520 2336 783 2391 charitate,
812 2335 1032 2388 consili0‚
1062 2333 1352 2390 blandisque
1377 2332 1543 2377 uerbis
1577 2330 1660 2375 mi-

24 2424 191 2460 nuunt.
223 2413 368 2471 Hinc,
395 2413 720 2460 incommodis
761 2413 926 2457 multis
964 2411 1174 2467 onerati,
1210 2420 1258 2456 et
1292 2408 1662 2455 calamitatibus

23 2490 187 2547 fracti,
215 2491 277 2536 ad
302 2507 391 2536 nos
415 2500 654 2546 tanquam
678 2489 949 2535 subsidium
992 2497 1040 2533 et
1079 2487 1379 2533 leuationem
1410 2501 1560 2531 unam
1585 2499 1660 2529 re-

23 2567 231 2625 fugiunt.
258 2569 396 2614 Isinc
420 2572 655 2614 nostrum
681 2568 898 2626 afflictis
931 2566 1183 2630 templum
1207 2564 1409 2623 affluit:
1432 2564 1552 2608 hinc
1575 2575 1660 2607 720-

23 2649 148 2703 stra,
189 2646 614 2691 calamitosorum
654 2646 1067 2701 miserorumque
1115 2643 1267 2688 turba
1313 2640 1656 2696 inmmdcmte,

24 2722 207 2767 domus
230 2737 499 2768 murmure
518 2726 784 2779 personat.
809 2721 916 2766 Sed
944 2721 1077 2766 nihil
1108 2720 1245 2765 dico:
1278 2719 1379 2764 imo
1413 2721 1537 2762 sunt
1568 2716 1659 2774 qui

24 2812 139 2844 cum
163 2799 235 2844 ad
255 2814 348 2845 nos
373 2801 605 2856 ueniunt,
627 2803 837 2845 sanctos
859 2813 914 2844 se
938 2798 1250 2852 existiment,
1274 2809 1334 2840 ac
1356 2795 1406 2840 si
1422 2795 1560 2850 forte
1584 2794 1657 2838 ἰη-

23 2878 351 2933 terrogerztur
382 2876 519 2934 quod
541 2877 682 2922 uitae
706 2875 1000 2920 instz'tzctmn
1023 2874 1172 2931 sequi
1194 2873 1369 2928 uelint,
1398 2871 1554 2916 (ledes
1572 2884 1657 2916 720-

23 2954 161 2997 stras
173 2966 228 2997 se
230 2953 579 3011 frequentare
596 2953 725 2998 uelle
741 2952 1070 3009 respondent.
1087 2950 1160 2996 Vt
1176 2949 1459 2995 summatim
1476 2949 1657 3006 dicam,

69 3117 89 3136 a
137 3118 299 3156 Attrita
319 3119 486 3157 charta.
542 3119 606 3146 -—b
628 3119 700 3155 hos
720 3129 800 3155 ms.
