2051 3516
623 287 925 325 58.-COLON1A
951 287 998 324 25
1023 288 1134 335 MAJI
1164 289 1253 324 1557
1642 290 1707 327 231

197 383 318 428 cz'pzti
334 383 598 419 colonienses
617 387 784 420 nostros
802 381 964 420 honot‘e
981 382 1197 428 afficiunt.
1216 405 1234 406 e
1252 382 1380 418 10-12.
1418 383 1592 422 Colonia
1602 386 1756 430 fidelis

193 447 366 487 semper
381 442 490 484 fidei
506 443 761 480 catholicae:
777 445 1026 479 nostratum
1060 443 1203 488 aliqui
1221 443 1426 488 fautores
1445 444 1754 481 landaretur,—

194 502 386 538 Patrzmz
406 501 673 547 acsmztrmn
693 503 861 547 collegii
878 511 1091 538 uumerus
1111 505 1150 538 et
1167 503 1320 547 pietas.

186 585 222 629 1.
248 589 274 636 †
298 571 558 630 IHSssp‘ax
593 584 794 642 Christi,
831 594 925 631 etc,
957 585 1026 630 Vt
1051 594 1256 631 sanctae
1281 586 1591 631 obedientiae
1622 603 1754 632 man-

122 662 238 705 data
271 676 509 717 exequar,
538 662 662 707 Rde.
691 662 737 707 in
763 661 963 707 Christo
995 661 1160 716 Pater,
1188 663 1499 718 perscribam
1533 664 1756 709 breuiter

121 753 197 793 ea,
225 753 352 794 quae
388 748 603 794 quatuor
638 739 875 795 proximis
910 739 1160 784 mensibus
1185 739 1351 785 diuina
1375 739 1569 785 bonitas
1594 740 1640 785 in
1665 742 1756 786 hoc

122 815 293 873 uz‘qzeto
316 819 338 840 a
361 816 647 870 coloniensi,
675 815 939 861 Societatis
971 816 1285 869 adminiculo,
1314 817 1515 872 operari
1549 817 1755 873 dignata

120 901 208 936 est.
237 890 566 948 Gymnasium
604 893 784 949 itaque,
812 892 943 949 quod
976 895 1039 938 ab
1074 893 1377 949 amplissimo
1413 902 1589 938 senatu
1624 895 1753 939 colo-

119 968 271 1013 niensi
311 969 451 1014 nobis
499 970 733 1015 collatum
773 980 863 1027 est,
910 970 963 1015 15
1001 969 1207 1015 Calend.
1243 970 1409 1015 Martii
1448 971 1750 1027 aperuimus.

119 1045 328 1102 Ipsoque
362 1046 438 1091 die
472 1062 534 1090 ex
569 1047 751 1092 nostris
785 1047 881 1091 duo
915 1047 1168 1092 orationes
1202 1048 1602 1105 pronuntiarunt,
1630 1064 1754 1094 unus

118 1122 492 1179 philosophiam,
516 1124 642 1168 alter
663 1123 994 1180 eloquentiam
1013 1124 1240 1168 oratione
1260 1125 1631 1170 commendans.
1660 1125 1751 1170 Le-

118 1200 306 1245 ctiones
331 1201 568 1256 postridie
594 1201 698 1246 eius
720 1201 814 1246 diei
834 1201 1096 1246 inchoatae
1115 1211 1243 1246 sunt.

176 1276 217 1320 2.
286 1276 659 1333 Discipulorum
682 1293 918 1322 numerus
943 1286 1157 1333 quatuor
1176 1278 1418 1323 mensium
1441 1278 1602 1334 spatio
1627 1279 1753 1324 adeo

118 1354 355 1406 excreuit,
384 1364 435 1399 ut
460 1355 802 1412 centenarium
828 1356 976 1410 longe
1000 1355 1097 1400 iam
1122 1364 1338 1411 superet.
1376 1353 1753 1402 Grammaticos

2 1423 3 1426 ¹
45 1462 48 1463 γ
116 1430 163 1475 in
202 1431 325 1475 duas
363 1432 551 1476 classes
591 1432 941 1483 distribuimus,
980 1432 1025 1477 in
1061 1448 1272 1488 quarum
1309 1448 1408 1478 una
1448 1433 1753 1490 etymologia

116 1517 166 1553 et
200 1508 264 1554 M.
301 1508 359 1553 T.
399 1507 658 1554 Ciceronis
691 1510 993 1555 selectarum
1032 1510 1350 1566 epistolarum
1392 1510 1501 1555 libri
1542 1519 1644 1556 tres
1686 1510 1751 1555 di-

115 1594 335 1631 scuntur.
372 1585 478 1631 Hos
514 1596 679 1632 autem
713 1587 758 1632 in
794 1603 904 1632 eum
941 1586 1087 1632 finem
1119 1587 1440 1643 confecimus,
1464 1604 1561 1645 quo
1586 1588 1752 1634 iuuen-

117 1670 196 1707 tus
228 1678 258 1707 a
288 1662 430 1708 simili
465 1664 703 1719 opusculo
736 1662 934 1709 Ioannis
970 1662 1190 1721 Sturmii,
1218 1665 1473 1719 haeretici,
1511 1666 1640 1721 quod
1674 1665 1753 1710 hic

115 1738 161 1783 in
186 1739 403 1784 omnium
427 1755 699 1795 puerorum
722 1741 948 1786 manibus
967 1750 1093 1796 erat,
1121 1742 1473 1788 abduceretur.
1500 1742 1553 1787 In
1588 1743 1750 1787 altera

115 1831 236 1861 uero
261 1817 421 1862 classe
447 1817 675 1872 syntaxis
699 1826 747 1862 et
771 1818 989 1863 eiusdem
1010 1817 1268 1863 Ciceronis
1291 1819 1509 1865 nonnulli
1533 1819 1641 1865 libri
1667 1819 1749 1865 do-

117 1902 307 1938 centur.
337 1892 641 1939 Rhetoribus
677 1893 934 1940 Ciceronis
966 1896 984 1921 b
1009 1895 1068 1940 de
1093 1907 1201 1940 arte
1226 1895 1417 1941 dicendi
1442 1896 1750 1952 praeceptio-

113 1986 217 2024 nes,
244 1970 563 2027 eiusdemque
589 1972 858 2025 orationes,
882 1982 930 2017 et
955 1972 1174 2018 Cornelii
1202 1973 1429 2018 Valeriil
1456 1974 1750 2020 dialecticae

111 2048 314 2093 tabulae
338 2049 712 2106 praelegentur,
735 2049 910 2105 quibus
934 2049 1199 2095 adhibetur
1225 2051 1373 2096 etiam
1398 2051 1606 2107 diligens
1630 2051 1748 2096 scri-

114 2124 257 2169 bendi
292 2136 339 2170 et
374 2124 687 2182 declamandi
721 2126 1032 2182 exercitatio,
1060 2128 1299 2183 siquidem
1334 2128 1622 2184 septimanis
1655 2128 1747 2172 sin-

111 2201 241 2258 gulis
279 2201 558 2247 orationem
595 2203 930 2257 conscribunt,
968 2212 1015 2248 et
1049 2219 1159 2248 eam
1197 2204 1369 2250 diebus
1408 2205 1661 2250 dominicis
1702 2204 1747 2249 in

114 2278 417 2335 amplissimo
451 2288 499 2324 et
539 2280 867 2325 celeberrimo
892 2281 1087 2337 collegii
1123 2283 1232 2327 loco
1268 2282 1603 2337 pronuntiant.
1633 2282 1746 2326 Pre-

113 2365 188 2401 sto
212 2372 334 2401 uero
359 2366 473 2402 sunt
495 2356 702 2402 studiosi
735 2359 1078 2403 adolescentes
1103 2374 1273 2404 omnes
1293 2360 1597 2416 (dialecticos
1618 2374 1745 2404 exci-

112 2433 208 2489 pio,
236 2434 315 2490 qui
340 2433 516 2479 eadem
551 2435 674 2479 hora
708 2436 1017 2491 geometriae
1042 2436 1287 2481 elementa
1324 2436 1542 2482 Euclidis
1566 2436 1745 2481 studio-

116 2525 168 2556 se
193 2511 471 2567 addiscunt)
498 2521 546 2557 et
575 2512 806 2568 permulti
832 2513 928 2568 alii,
956 2513 1035 2569 qui
1061 2529 1114 2558 se
1138 2514 1210 2558 his
1236 2513 1544 2558 scholasticis
1579 2513 1745 2558 adiun-

113 2597 234 2643 gunt
258 2588 466 2633 libenter
485 2589 940 2635 exercitationibus.
964 2591 1034 2635 At
1052 2591 1297 2637 dialectici
1316 2590 1639 2635 Aristotelem
1662 2590 1744 2650 ha-

112 2664 242 2717 bent‚
278 2665 711 2721 plzz'losoplzormn
742 2667 1052 2723 principem,
1080 2677 1128 2712 et
1154 2678 1355 2724 praeter
1378 2668 1506 2712 hunc
1530 2667 1745 2723 quotidie

114 2741 375 2786 lectionem
400 2743 820 2788 mathematicam.

163 2889 182 2908 a
233 2903 347 2936 agro.
401 2891 467 2918 —b
513 2892 658 2937 Supra
678 2903 786 2929 vers.
809 2893 888 2929 hoc
905 2904 943 2929 v.
967 2893 1118 2929 eadem
1140 2903 1279 2928 namu
1298 2892 1440 2929 addit.

159 3035 169 3054 ¹
221 3033 525 3072 Grammaticus
541 3041 580 3072 et
595 3035 826 3083 philologus
840 3037 964 3083 belga
979 3037 1131 3072 saeculi
1146 3035 1251 3072 XVI
1267 3036 1512 3082 <itum-1578).
1534 3036 1597 3074 Cf.
1617 3036 1743 3074 CHRI-

110 3103 312 3130 STOPHORI
332 3093 436 3131 SAXI
458 3094 767 3132 Orvzomastzcon
788 3097 1051 3135 lz'teram‘zmz,
1073 3100 1174 3141 part.
1195 3095 1263 3141 III,
1285 3095 1367 3133 230.
