2051 3516
582 365 905 402 lia—Batauo
929 367 952 400 5
978 364 1186 402 FEBUARH
1219 366 1309 402 1555
1649 365 1720 402 549

135 470 232 507 tur.
260 461 426 518 Quum
450 462 602 518 igitur
627 462 993 517 disciplinarum
1018 470 1066 506 et
1090 461 1271 506 artium
1295 462 1621 519 professione,
1647 461 1768 508 faci-

135 538 165 583 li
194 539 442 595 methodo,
479 539 604 583 adeo
639 539 796 584 alacri
830 537 1205 594 exercitatione,
1244 539 1661 584 declamationum
1696 548 1766 585 at-

134 630 228 671 que
253 616 624 661 comoediarum
655 615 934 673 frequentia
968 615 1139 660 schola
1172 627 1344 661 nostra
1378 617 1663 662 coruscanti
1698 618 1766 662 lu-

133 692 262 737 mine
285 692 496 754 fulgeat3
525 691 638 748 quid
662 693 837 737 mirum
873 692 912 738 si
946 692 1134 737 nobiles
1168 692 1351 738 liberos
1375 708 1492 738 suos
1516 694 1628 739 hinc
1653 693 1766 740 inde

132 784 196 814 ex
218 769 326 814 aliis
350 769 557 814 vrbibus
582 779 630 814 et
654 769 922 815 academiis
942 779 1197 821 reuocent,
1219 782 1272 814 vt
1291 779 1495 815 nostrae
1519 770 1630 816 fidei
1654 787 1766 816 eru·

132 845 334 890 diendos
371 861 456 891 eos
496 846 719 891 tradant?
752 846 881 903 Quid
915 845 1091 891 mirum
1128 846 1167 890 si
1200 847 1485 903 paedagogi
1519 862 1631 892 cum
1664 847 1766 893 suis

131 922 383 979 discipulis
407 923 470 967 ad
493 923 621 968 hanc
645 924 866 968 scholam
890 922 1162 968 confluant?
1186 923 1310 979 Quis
1334 923 1541 981 denique
1566 925 1762 970 mirabi-

130 1007 212 1044 tur
236 999 273 1043 si
298 1015 394 1044 non
419 999 564 1044 modo
589 1015 615 1044 e
638 1000 813 1045 vicinis
836 999 972 1055 locis,
995 1015 1170 1044 verum
1196 1000 1345 1044 etiam
1370 1015 1395 1045 e
1421 1002 1765 1047 remotissimis

129 1075 311 1121 scholis
350 1076 413 1121 ad
452 1076 580 1121 hanc
611 1077 934 1122 academiam
978 1076 1263 1121 cumulatim
1307 1077 1595 1123 conuolent?
1634 1078 1765 1134 Quid

129 1136 329 1198 tandem
347 1152 456 1197 fore
476 1168 756 1209 speramus,
776 1153 858 1199 vbi
877 1153 1143 1210 collegium
1162 1163 1386 1199 nostrum
1403 1166 1625 1199 erectum
1650 1156 1766 1201 erit?

129 1228 228 1274 Sed
252 1230 493 1275 hactenus
517 1230 577 1275 de
601 1231 880 1276 studiorum
904 1246 1146 1287 prospero
1165 1245 1418 1289 successu3
1441 1247 1570 1277 nunc
1594 1233 1655 1277 ad
1681 1233 1763 1278 do-

128 1322 237 1352 mus
260 1318 464 1352 nostrae
488 1309 763 1363 penetralia
788 1308 1170 1365 progrediamur
1194 1308 1416 1354 interius.

186 1383 228 1429 9.
299 1384 379 1429 Ex
422 1400 516 1441 quo
561 1385 756 1441 quidem
802 1385 980 1432 Patres
1022 1385 1179 1430 nostri
1219 1386 1327 1431 hinc
1374 1386 1585 1442 profecti
1631 1397 1759 1446 sunt,

127 1460 288 1507 Rdus.
336 1461 395 1507 P.
449 1461 786 1518 Hieronymus
836 1463 1025 1519 pondus
1075 1463 1167 1508 diei
1217 1464 1485 1519 sustinenS,
1537 1465 1762 1511 laborem

127 1538 384 1595 Vtriusque
404 1539 612 1584 hominis
637 1540 784 1585 subiit
807 1540 1176 1596 grauissimum,
1198 1539 1415 1585 fratrum
1435 1542 1652 1596 aduersa
1676 1558 1761 1588 va-

125 1615 340 1660 letudine
365 1616 562 1661 assidue
586 1632 742 1672 prope
767 1617 1088 1674 exercitatus;
1117 1633 1325 1674 quorum
1352 1632 1377 1661 e
1402 1634 1610 1663 numero
1634 1633 1762 1664 vnus

126 1708 187 1738 ac
209 1693 344 1738 solus
368 1693 610 1749 magister
634 1693 882 1739 Antonius
911 1694 1155 1750 Monachi‚
1183 1694 1384 1739 natione
1409 1695 1660 1753 picardus,
1687 1695 1762 1742 bis

124 1778 264 1815 terue
303 1785 414 1815 cum
458 1770 586 1816 febri
630 1770 960 1823 conflictatus,
1001 1771 1282 1828 iterumque
1321 1771 1384 1817 ad
1424 1773 1759 1819 valetudinem

122 1862 419 1902 prosperam
444 1862 735 1903 conuersus,
762 1848 963 1893 tandem
986 1848 1032 1892 in
1056 1848 1270 1893 Domino
1307 1849 1607 1895 obdormiuit
1631 1850 1758 1895 deci-

123 1939 202 1968 mo
227 1924 375 1969 tertio
399 1923 642 1983 Januarii,
664 1934 810 1970 nocte
835 1925 996 1970 media
1021 1935 1296 1970 transacta.
1320 1925 1416 1982 Qui
1442 1926 1620 1983 insigni
1646 1928 1759 1973 obe-

123 2001 308 2047 dientia
331 2002 668 2058 patientiaque
701 2018 790 2047 nos
825 2003 1086 2059 plurimum
1121 2005 1407 2049 consolatus
1442 2015 1532 2049 est.
1562 2004 1655 2050 Cui
1681 2006 1758 2051 de-

122 2078 293 2124 functo
324 2079 504 2124 domini
539 2080 765 2125 canonici
800 2089 948 2136 atque
983 2081 1118 2126 ciues
1152 2081 1415 2137 plurimum
1450 2083 1650 2127 honoris
1675 2098 1759 2128 ex-

122 2155 403 2212 hibuerunt,
426 2166 531 2201 tota
550 2156 751 2202 ciuitate
771 2157 833 2202 ad
853 2157 998 2203 funus
1019 2158 1169 2214 ipsius
1187 2158 1532 2204 honorandum
1552 2175 1759 2205 concur-

122 2244 278 2278 rente.
318 2233 437 2279 Eius
476 2234 688 2280 animam
723 2235 1019 2281 Paternitati
1054 2246 1170 2281 tuae
1205 2246 1253 2281 et
1287 2236 1500 2282 fratrum
1540 2237 1757 2283 omnium

124 2310 433 2356 orationibus
457 2327 517 2357 ac
540 2311 743 2357 Patrum
767 2312 1024 2358 sacrificiis
1047 2313 1295 2359 humiliter
1320 2330 1407 2371 per
1425 2314 1596 2374 Jesum
1617 2314 1756 2361 Chri-

123 2397 252 2433 stum
276 2389 695 2435 commendamus.
723 2389 818 2435 Hic
842 2391 1035 2447 quidem
1060 2407 1209 2448 quum
1233 2402 1408 2437 sextae
1444 2393 1591 2438 classi
1614 2409 1755 2449 prae-

121 2464 283 2510 fectus
323 2466 489 2524 fuerit,
532 2467 745 2512 alterum
784 2478 1018 2524 expectat
1058 2484 1420 2520 successorem,
1464 2470 1602 2515 cuius
1646 2470 1756 2516 vice

121 2541 362 2588 hactenus
401 2542 628 2600 fungitur
666 2544 728 2590 D.
766 2545 1019 2596 Morellus,
1056 2545 1216 2591 frater
1250 2556 1436 2591 noster.
1476 2546 1538 2591 D.
1575 2547 1756 2593 Petrus

123 2618 328 2666 Canalis
350 2620 543 2666 interea
576 2630 779 2667 strenue
814 2622 1107 2668 confessarii
1131 2639 1337 2668 munere
1361 2623 1598 2680 fungitur,
1627 2625 1757 2682 quod

121 2707 237 2743 ante
270 2697 333 2744 D.
359 2697 580 2758 Jacobus
607 2699 614 2722 ¹
641 2700 824 2757 obibat3
852 2700 946 2745 Dei
982 2700 1111 2746 enim
1145 2701 1314 2757 gratia
1349 2717 1622 2757 prosperae
1656 2702 1755 2748 iam

119 2776 420 2822 valetudinis
444 2789 534 2834 est,
559 2792 654 2822 nec
671 2778 866 2822 cerebri
891 2778 1255 2835 aegritudinem
1275 2778 1486 2834 amplius
1510 2779 1750 2836 queritur.

119 2852 369 2909 Magister
392 2853 688 2899 Leonardus
711 2869 772 2900 ac
794 2854 858 2899 D.
886 2854 1119 2900 Nicolaus
1145 2855 1445 2911 grauissimo
1470 2857 1645 2902 morbo
1671 2872 1752 2903 ve-

119 2929 223 2975 xati
246 2931 610 2986 praelectiones
633 2946 750 2977 suas
773 2931 1103 2977 intermittere
1127 2932 1289 2977 coacti
1311 2932 1528 2991 fuerunt;
1552 2934 1631 2990 qui
1651 2934 1753 2991 qui-

169 3174 178 3192 ¹
231 3172 276 3210 P.
294 3173 469 3220 Jacobus
488 3174 701 3211 Morellus.
