2051 3516
559 298 886 336 Dia—Comma
911 299 935 335 S
960 300 1206 337 Novfflnssms
1235 300 1325 337 1558
1642 300 1712 336 877

130 391 473 450 confluxerint,
512 394 640 450 apud
674 409 798 451 quos
831 394 999 439 sanius
1033 395 1195 451 longe,
1228 395 1391 440 diuina
1417 395 1600 451 gratia,
1629 395 1757 440 insti-

127 477 344 514 tuentur.
382 469 499 515 Mali
534 486 728 527 quoque
764 486 910 527 quam
944 471 1154 527 plurimi,
1192 472 1250 517 de
1285 487 1494 528 quorum
1529 471 1756 516 emenda-

125 546 256 591 tione
290 545 396 591 fere
431 546 895 604 desperaueramus‚
930 547 975 592 in
1002 548 1174 593 melius
1200 548 1353 593 vitam
1378 563 1518 593 suam
1542 562 1757 593 commu-

128 633 239 668 tare
262 623 582 669 instituerunt
605 631 641 669 ³.

174 700 216 745 7.
274 699 711 746 Promouebuntur
735 701 808 746 his
833 701 1005 747 diebus
1030 717 1092 746 ex
1116 702 1298 746 nostris
1326 702 1378 747 13
1402 702 1447 746 in
1473 702 1757 747 bacularios

125 776 324 830 artium,
352 792 475 833 quos
500 792 685 832 omnes,
724 777 926 823 fauente
962 778 1087 833 Deo,
1126 788 1236 834 post
1270 794 1453 823 annum
1489 779 1757 835 magistros

124 853 419 905 creabimus;
465 855 618 900 moris
662 855 789 900 enim
835 855 910 899 hic
954 867 1027 900 est
1070 865 1119 900 vt
1163 856 1242 911 qui
1287 855 1541 911 physicam
1583 856 1757 901 audire

124 931 291 987 velint,
320 931 530 986 primum
556 933 912 977 baculareatus
936 932 1151 988 gradum
1175 932 1501 989 susceperint.

172 1007 214 1053 8.
271 1008 498 1053 Accessit
517 1009 578 1053 ad
599 1024 688 1053 nos
713 1008 769 1054 29
788 1007 1023 1053 Octobris
1043 1008 1103 1054 R.
1128 1009 1278 1054 Pater
1299 1009 1589 1055 Euerardus
1615 1011 1645 1065 ¹,
1668 1025 1758 1072 per

122 1083 410 1130 inferiorem
444 1084 770 1130 Get-maniam
806 1085 1139 1142 prouincialis,
1177 1085 1316 1131 cuius
1355 1086 1597 1131 aduentus
1637 1087 1755 1132 mul-

123 1171 226 1208 tum
259 1178 348 1207 nos
383 1162 427 1206 in
461 1162 675 1207 Domino
700 1163 989 1208 consolatus
1013 1173 1104 1217 est,
1132 1177 1249 1208 cum
1273 1164 1396 1220 qaia
1419 1164 1481 1208 de
1506 1163 1657 1209 rebus
1680 1178 1756 1209 ro·

122 1239 311 1291 manis,
339 1244 393 1283 vt
414 1240 653 1285 electione
672 1240 981 1296 praepositi,
1020 1240 1240 1297 aliisque
1274 1241 1330 1285 id
1355 1255 1529 1298 gemis
1561 1242 1753 1298 multis,

122 1316 365 1360 certiores
375 1316 520 1374 facti
541 1330 739 1372 szmzns,
767 1320 876 1361 tum
901 1316 1040 1373 qaod
1060 1317 1133 1361 ad
1158 1317 1257 1361 lias
1286 1322 1469 1373 partes
1502 1318 1760 1363 eiusmodi

117 1393 466 1449 prouincialis
489 1394 749 1439 demissus
770 1394 851 1439 sit.
882 1393 1103 1438 Contulit
1125 1393 1189 1438 R.
1217 1393 1380 1439 Pater
1402 1394 1711 1441 Leonardus
1741 1396 1755 1420 ²

124 1473 173 1514 et
203 1484 297 1515 nos
330 1484 528 1527 quoqne
561 1470 765 1527 collegii
800 1471 959 1515 liuius
992 1471 1170 1516 omnia
1205 1472 1439 1528 negocia,
1482 1486 1615 1529 quae
1654 1486 1756 1518 non

115 1553 313 1604 parum
337 1548 386 1592 ei
404 1548 732 1605 placuerunt,
756 1552 916 1604 prout
937 1562 1002 1592 ex
1034 1548 1148 1593 eins
1181 1549 1344 1594 literis
1374 1549 1582 1595 vberius
1615 1550 1755 1596 intel-

119 1624 309 1682 ligetis.
349 1624 593 1680 Concepit
624 1625 762 1670 enim
796 1630 943 1681 spem
977 1639 1251 1682 magnam,
1289 1626 1454 1671 mzdta
1492 1626 1626 1672 bona
1658 1632 1759 1684 per

119 1702 213 1747 hoc
231 1703 575 1760 gynmasinm
600 1716 711 1746 esse
721 1702 936 1759 futura.

178 1778 220 1824 9.
289 1779 505 1824 Aduenit
528 1794 640 1824 cum
666 1794 736 1824 eo.
760 1778 820 1824 R.
858 1778 912 1825 P.
949 1779 1170 1839 Joannes
1206 1780 1505 1837 Mortaigne,
1544 1781 1624 1837 qui
1659 1797 1754 1827 non

119 1871 296 1913 parum
331 1872 422 1901 nos
451 1857 497 1901 in
533 1856 754 1912 profesto
788 1857 1003 1901 omnium
1034 1867 1323 1903 sanctorum
1354 1858 1400 1902 in
1424 1858 1755 1904 studiosorum

119 1944 404 1979 nostrorum
454 1933 847 1979 confessionibus
898 1934 1156 1980 audiendis
1206 1951 1295 1980 nos
1345 1936 1480 1981 iuuit.
1532 1935 1755 1982 Fuimus

121 2010 259 2055 enim
283 2014 507 2068 quatuor
527 2011 821 2056 sacerdotes
844 2011 948 2056 illis
986 2015 1086 2056 toto
1120 2012 1202 2057 die
1235 2013 1488 2069 occupati,
1526 2027 1643 2058 cum
1681 2018 1753 2058 ta-

119 2101 236 2132 men
262 2092 382 2132 ante
405 2087 622 2132 biduum
651 2101 786 2132 viius
819 2093 1054 2133 nostram
1089 2089 1274 2134 audire
1308 2089 1572 2145 inciperet.
1620 2091 1756 2136 Venit

119 2178 236 2209 cum
256 2164 331 2209 eis
354 2168 400 2209 et
423 2164 563 2209 alius
573 2164 756 2222 frater
775 2179 911 2210 vinis
935 2166 1120 2222 laicas,
1147 2167 1238 2223 qni
1259 2167 1417 2211 etiam
1440 2180 1545 2211 vna
1568 2167 1751 2212 disces-

118 2241 201 2286 sit.
239 2241 472 2298 Reliquit
499 2255 592 2286 nos
624 2241 882 2299 siquidem
916 2242 1310 2300 nudiustertius)
1347 2243 1440 2288 lzoc
1474 2247 1550 2288 est
1582 2242 1618 2289 6
1652 2244 1752 2290 No-

119 2318 361 2364 uembris.
390 2318 455 2363 R.
498 2318 546 2363 V.
570 2319 818 2377 dignetur
839 2334 933 2365 nos
954 2320 1067 2365 suis
1089 2320 1285 2365 sanctis
1307 2321 1582 2377 sacrificiis
1606 2321 1751 2367 adilt-

120 2409 264 2451 uare,
291 2399 344 2440 vt
365 2401 499 2451 opus
522 2395 624 2440 Dei
645 2410 747 2441 non
773 2397 1102 2454 negligenter
1108 2397 1390 2455 faciamus
1414 2397 1448 2443 b.
1476 2397 1542 2443 M.
1576 2397 1750 2444 Henri—

117 2486 204 2517 cus
239 2471 510 2528 Dionysius
543 2472 589 2517 in
623 2474 942 2519 concionibus
978 2489 1156 2531 magno
1191 2489 1301 2519 cum
1337 2474 1485 2520 totius
1519 2475 1750 2521 auditorii

107 2547 294 2594 ‘fauore
318 2550 496 2606 pergit.
523 2548 666 2595 Mz‘sa
688 2550 834 2596 nobis
856 2551 999 2596 R.'⁷¹¹¹⁸
1017 2551 1442 2608 archiepiscopus
1465 2559 1480 2579 ⁶
1509 2552 1749 2609 designa-

117 2630 202 2671 tas
240 2626 255 2650 ³
294 2626 377 2672 liis
414 2626 592 2672 diebus
630 2627 811 2673 bouem
847 2642 1027 2677 tntum.
1068 2628 1157 2685 qui
1193 2633 1268 2673 est
1299 2629 1749 2686 decimusquartus

166 2776 183 2796 a
218 2770 252 2805 A
272 2781 339 2806 vv.
362 2768 453 2805 Hae
471 2769 729 2806 solemnitate
750 2770 1066 2807 desiderantur
1082 2770 1207 2816 apud
1226 2770 1278 2807 H.
1334 2770 1398 2798 ——b
1430 2770 1563 2808 Verba
1582 2783 1673 2808 cum
1693 2777 1747 2808 ta-

117 2841 210 2865 men
230 2833 269 2865 et
286 2839 374 2875 sqq.
396 2828 559 2865 desunt
575 2830 620 2866 in
640 2829 692 2866 H.
746 2837 809 2857 ——c
836 2830 1047 2876 episcopus
1066 2830 1118 2867 H.

165 2972 174 2990 ¹
227 2970 272 3007 P.
295 2970 530 3008 Everardus
548 2970 852 3009 Mercurianus.

164 3032 177 3049 ²
227 3029 272 3067 P.
295 3029 535 3067 Leonardus
554 3030 716 3075 Kessel,
738 3032 903 3079 collegii
921 3039 1070 3068 rector.

162 3089 176 3109 ³
223 3088 403 3136 Joannes
421 3088 680 3137 GebharduS,
701 3103 836 3128 comes
855 3091 903 3128 de
925 3090 1142 3128 mansfeld.
