2051 3516
974 629 1371 684 ΑΡΡΕΝΒΙΧ

1159 973 1181 1022 1

722 1090 772 1136 P.
811 1089 1191 1136 GERARDUS
1226 1089 1615 1136 WERTENUS

844 1206 988 1232 PRAGA
1019 1196 1061 1232 17
1086 1206 1279 1243 JANUARII
1305 1196 1320 1232 ἒ
1349 1197 1438 1232 1558
1466 1198 1489 1233 ¹.

358 1289 392 1326 1.
425 1289 696 1327 Litterarum
733 1290 988 1328 tarditatem
1025 1294 1212 1328 excusat.
1226 1291 1368 1328 —2-5.
1410 1291 1473 1328 De
1505 1290 1666 1328 studiis
1702 1294 1976 1328 externorum

428 1359 574 1395 agens,
611 1352 767 1387 narrat
800 1354 949 1387 actum
983 1350 1224 1396 dialogum,
1258 1349 1507 1387 nostrormn
1543 1352 1788 1387 convictum
1824 1351 1975 1395 expeti,

428 1408 748 1454 disputationes
765 1409 939 1446 habitas
957 1408 998 1454 (e
1014 1410 1173 1456 quihus
1180 1409 1386 1455 fructum
1406 1411 1532 1446 nasci
1560 1410 1801 1455 exiguum),
1827 1410 1978 1455 pueris

429 1468 516 1505 liba
548 1469 593 1505 in
617 1470 820 1514 praemia
849 1467 1188 1506 distributa-6.
1220 1468 1287 1505 De
1306 1468 1355 1505 P.
1378 1468 1975 1505 HenriciBlissemiioralio-

429 1527 557 1564 nibus
576 1529 621 1564 in
641 1538 751 1565 arce.
764 1529 841 1565 —7.
864 1528 1112 1565 Numerum
1131 1527 1389 1564 azcdilormn
1410 1531 1449 1564 et
1473 1531 1753 1565 sacramenta
1771 1527 1976 1574 frequen-

428 1588 620 1624 tantium
641 1588 685 1623 in
706 1588 864 1633 templo
885 1591 1028 1624 nostro
1048 1589 1218 1633 angeri,-
1242 1587 1490 1624 desiderari
1513 1591 1660 1624 tamen
1689 1587 1858 1624 bo'e'mos
1884 1591 1975 1632 ope-

429 1647 582 1690 rariOS,
615 1646 669 1683 de
697 1657 884 1692 quorum
916 1646 1108 1683 adventu
1131 1646 1232 1693 sam
1264 1646 1591 1692 celtiorfizctus
1624 1647 1682 1683 sit
1708 1647 1973 1692 princeps—-

426 1705 463 1743 8.
485 1706 552 1744 De
568 1708 738 1743 summi
752 1707 969 1752 pontificis
988 1709 1027 1743 et
1045 1706 1256 1743 Polom'ae
1272 1708 1382 1752 regis
1397 1706 1653 1752 legatis—9.
1672 1705 1738 1742 De
1749 1706 1974 1742 ¹az'tiavien-

425 1765 546 1802 sibus
566 1766 690 1802 rebus
709 1769 803 1802 tum
823 1765 1022 1803 adversis
1040 1770 1134 1802 lum
1152 1766 1499 1812 prosperis—10.
1520 1765 1586 1802 De
1594 1765 1797 1811 fratrum
1822 1766 1974 1801 exerci-

426 1825 675 1866 tatz·om·bus‚
706 1835 806 1861 cum
834 1825 895 1862 ad
921 1826 1103 1862 virtutes
1123 1828 1216 1861 tum
1237 1825 1297 1861 ad
1317 1826 1485 1862 litteras
1500 1824 1831 1870 pertinentibus,
1853 1834 1904 1859 ac
1922 1823 1976 1859 de

426 1895 607 1920 numero
625 1884 915 1926 sacerdotum,
937 1884 1095 1930 quibus
1115 1885 1206 1930 ipse
1223 1885 1278 1920 sil
1298 1883 1656 1930 adjunctus—ll.
1685 1883 1753 1920 De
1780 1884 1974 1929 episcopo

425 1943 769 1981 labacetfzsie-lz.
796 1943 863 1980 De
889 1943 1217 1982 convictoribus.
1237 1943 1291 1980 de
1309 1943 1548 1980 candidato
1568 1943 1806 1987 Societalis,
1828 1942 1882 1978 de
1899 1946 1976 1986 spe

426 2004 470 2039 in
488 2006 723 2049 posterum.

416 2099 454 2144 1.
520 2105 548 2153 †
582 2098 688 2144 Pax
711 2098 820 2143 Xri.
848 2097 908 2143 sit
931 2098 976 2143 in
1001 2098 1228 2158 cordibus
1253 2098 1450 2144 nostris.
1484 2097 1659 2143 Amen.
1694 2096 1802 2141 Non
1829 2096 1972 2141 modo

355 2175 467 2233 peti.
493 2175 578 2221 sed
602 2191 754 2233 prope
778 2176 1016 2232 postulari
1041 2191 1070 2221 a
1094 2176 1233 2221 nobis
1256 2175 1618 2231 quadrimestre
1649 2188 1850 2230 pensum
1876 2189 1970 2218 non

352 2253 567 2310 ambigo,
593 2253 655 2298 mi
679 2252 739 2298 R.
768 2253 834 2309 P.;
863 2253 990 2310 quod
1013 2253 1051 2298 si
1087 2253 1284 2309 paululo
1318 2252 1507 2298 tardius
1543 2251 1686 2297 solito
1721 2251 1781 2296 sit
1815 2260 1971 2296 trans-

353 2330 567 2386 missum,
594 2330 796 2386 tribuat,
834 2344 1037 2386 quaeso,
1074 2329 1119 2374 id
1154 2328 1220 2374 V.
1260 2329 1312 2374 P.
1350 2328 1512 2374 multis
1547 2327 1967 2384 occupationibus,

353 2406 526 2463 quibus
549 2406 611 2451 ad
635 2406 928 2463 explicanda
951 2405 1145 2462 collegii
1169 2405 1386 2462 negotia,
1414 2416 1676 2461 praesente
1700 2404 1795 2449 iam
1830 2403 1970 2459 regia

399 2575 406 2593 ¹
460 2572 522 2610 Ex
541 2573 792 2620 autographo
811 2573 851 2609 in
869 2572 1004 2610 codice
1026 2572 1164 2610 Germ.
1186 2571 1279 2615 186,
1295 2572 1318 2607 3
1332 2571 1389 2614 ff..
1407 2584 1472 2608 nn.
1493 2571 1656 2615 172-1743
1675 2570 1784 2618 prius
1802 2570 1967 2608 110-11‘2.

350 2632 561 2680 Temporis
580 2633 730 2670 notatio
749 2645 819 2669 nos
839 2631 983 2669 fefellit
1002 2637 1045 2668 ut
1072 2633 1121 2668 ad
1148 2630 1267 2667 finem
1294 2632 1388 2668 anni
1418 2630 1508 2668 1558
1534 2629 1746 2678 epistolam
1779 2629 1969 2677 rejicere-

350 2704 450 2738 mus;
478 2693 547 2729 sed
575 2697 805 2729 contextum
832 2691 1025 2728 attentius
1051 2690 1395 2728 considerantibus
1422 2690 1607 2737 apparuit
1639 2689 1850 2726 manifeste
1879 2701 1967 2725 eam

350 2752 514 2788 ineunte
533 2764 638 2788 anno
659 2751 749 2787 1558
766 2751 956 2798 scriptam
977 2763 1077 2788 esse.
1100 2749 1256 2787 Forsan
1276 2756 1415 2786 auctor
1433 2749 1592 2796 scripsit
1612 2749 1767 2786 calend.
1785 2747 1968 2795 Januarii

350 2812 489 2848 volens
508 2811 683 2848 scribere
703 2811 859 2848 calend.
882 2809 1107 2847 Februarii.
1131 2808 1391 2856 comparanti
1413 2810 1514 2845 hanc
1534 2808 1745 2855 epistolam
1770 2821 1860 2844 cum
1889 2807 1968 2854 epi-

349 2873 451 2908 stola
466 2870 510 2907 P.
528 2870 701 2907 Hurtadi
717 2870 845 2906 Perez
857 2869 935 2906 diei
949 2869 995 2906 27
1005 2868 1188 2916 januarii
1206 2868 1295 2904 1558
1308 2870 1443 2914 (supra
1459 2881 1551 2915 pag.
1568 2867 1637 2904 524
1651 2869 1754 2914 sqq.)
1768 2867 1968 2903 videbitur

349 2931 558 2977 complura
576 2930 719 2966 eadem
740 2930 777 2965 in
798 2936 969 2976 utraque
989 2928 1158 2965 narrari.
1184 2927 1288 2963 Vide
1310 2934 1522 2974 praeterea
1549 2928 1759 2974 epistolam
1787 2927 1966 2974 ejusdem

353 2989 542 3025 WVerteni
570 2989 649 3025 diei
676 2989 721 3024 27
748 2988 848 3036 Maji
878 2988 967 3024 1558
994 2988 1089 3034 (pag
1122 2987 1191 3023 677
1210 2988 1312 3033 sqq.)
1333 2988 1371 3023 in
1391 3000 1469 3034 qua
1488 2987 1537 3023 de
1557 2987 1743 3034 episeopo
1763 2986 1965 3022 labacensi

347 3049 558 3085 demortuo
577 3048 675 3094 agit,
697 3060 815 3094 quem
836 3048 898 3084 hic
920 3047 1053 3084 vivum
1074 3047 1271 3094 supponit.
1654 3039 1660 3042 ’
