2051 3516
627 331 941 370 179‚—PERU510
968 328 1122 376 4JUL11
1152 328 1243 365 1558
1633 325 1703 362 735

121 431 240 478 obiit
274 429 484 487 septimo
518 429 626 474 idus
660 427 843 474 Martii.
881 426 1135 483 Quantum
1170 440 1292 470 uero
1331 422 1628 469 desiderium
1661 422 1750 477 sui,

121 518 356 565 quantam
381 505 761 551 admirationem
786 503 1058 560 reliquerit,
1087 502 1346 560 declarant
1370 516 1543 545 eorum
1570 514 1754 545 sermo-

122 600 209 631 nes
230 600 328 630 non
351 584 509 628 solum
535 583 615 639 qui
640 583 839 628 domum
863 590 1086 626 nostram
1110 579 1446 636 frequentant,
1474 576 1560 622 sed
1580 576 1754 633 quibus

121 671 232 707 erat
254 670 416 717 notus,
443 669 554 705 erat
578 669 745 705 autem
769 659 1010 704 omnibus,
1039 657 1223 702 Dolent
1252 655 1380 701 enim
1414 655 1753 710 uehementer,

122 738 251 796 quod
275 748 323 784 et
345 746 490 795 patre
515 737 700 794 optimo
724 746 773 782 et
797 736 1006 793 egregio
1038 733 1323 780 consiliario
1357 732 1540 778 fuerint
1575 731 1754 776 orbati.

123 817 250 862 Nam
274 815 381 874 quis
404 830 463 860 eo
488 824 573 860 aut
596 814 643 859 in
667 813 1008 859 succurrendo
1032 811 1331 869 pauperibus
1350 809 1653 866 diligentior?
1671 817 1758 853 aut

123 894 167 939 in
192 892 495 938 consulendo
520 891 815 948 promptior?
838 898 924 935 aut
948 890 993 934 in
1018 888 1327 946 perferendis
1358 886 1611 932 laboribus
1645 901 1755 931 con-

123 969 355 1015 stantior?
379 978 465 1013 aut
491 968 698 1024 denique
724 967 769 1011 in
795 966 925 1011 omni
951 965 1146 1010 uirtutis
1171 967 1218 1010 et
1242 964 1439 1021 pietatis
1458 978 1644 1020 genere
1665 961 1757 1007 fre-

124 1046 374 1105 quentior?
396 1045 448 1090 In
475 1061 587 1102 quo,
621 1060 732 1090 cum
767 1052 933 1089 essent
966 1043 1230 1099 permulta,
1269 1057 1394 1098 quae
1429 1041 1535 1086 iure
1575 1040 1759 1097 optimo

124 1124 330 1169 laudare
355 1138 527 1180 posses
552 1122 669 1179 (imo
704 1136 843 1177 uero,
880 1119 995 1165 nihil
1036 1119 1232 1164 omnino
1267 1119 1396 1175 quod
1433 1134 1528 1163 non
1564 1118 1754 1174 posses)

123 1211 226 1247 tum
252 1200 366 1246 illud
391 1209 529 1245 certe
555 1197 908 1257 praestantius,
937 1196 1068 1253 quod
1092 1197 1275 1241 nullam
1300 1212 1515 1252 unquam
1541 1195 1760 1241 occasio-

124 1294 233 1324 nem
257 1277 457 1323 iuuandi
482 1278 694 1322 alterum
718 1274 1130 1333 praetermiserit:
1159 1274 1273 1329 imo,
1299 1274 1338 1318 si
1359 1290 1453 1318 non
1474 1282 1760 1330 quaereret,

128 1371 236 1401 eam
262 1371 314 1401 se
338 1354 736 1412 praetermisisse
761 1352 1073 1398 iudicauerit.
1112 1351 1214 1396 Ter
1239 1361 1325 1396 aut
1359 1360 1536 1407 quater
1571 1351 1762 1395 concio-

126 1433 341 1478 nabatur
365 1432 411 1477 in
436 1432 528 1488 die,
557 1441 607 1476 ut
632 1431 853 1476 omittam
873 1429 1072 1486 priuata
1092 1428 1356 1484 colloquia,
1378 1428 1422 1472 in
1444 1428 1620 1485 quibus
1645 1444 1762 1473 nun-

129 1525 274 1567 quam
300 1508 554 1554 remissior
577 1509 683 1565 fuit,
705 1523 852 1564 quam
872 1507 1055 1552 soleret
1074 1506 1119 1551 in
1140 1506 1395 1551 concione.
1418 1504 1530 1561 Quo
1551 1505 1761 1562 quidem,

115 1587 215 1632 etsi
241 1587 355 1632 nihil
379 1595 540 1643 potest
564 1585 844 1642 excogitari
868 1583 1184 1639 laboriosius,
1213 1583 1452 1640 frangere
1473 1594 1638 1628 tamen
1658 1583 1763 1628 eius

126 1664 342 1709 animum
379 1672 426 1708 et
460 1663 742 1719 defatigare
776 1678 871 1707 non
906 1660 1079 1718 potuit.
1118 1660 1348 1717 Quantas
1383 1661 1513 1706 uires
1554 1661 1764 1706 haberet

132 1742 367 1797 charitas,
395 1741 508 1797 quid
533 1741 691 1797 pietas
714 1756 774 1786 ac
798 1739 973 1796 religio
999 1747 1181 1796 posset,
1209 1738 1357 1784 facile
1390 1738 1436 1783 in
1468 1754 1526 1784 eo
1562 1738 1764 1795 deprae-

131 1819 457 1874 hendebatur,
496 1817 625 1874 quod
660 1832 906 1874 nunquam
942 1816 1196 1873 diligentia
1233 1815 1478 1872 refriguit,
1516 1831 1765 1872 nunquam

132 1897 304 1942 feruor
327 1895 519 1941 honesti
545 1895 694 1940 animi
719 1906 866 1951 atque
891 1894 1135 1951 cupiditas
1159 1893 1392 1938 cessauit.

185 1974 228 2020 3.
295 1973 435 2019 Illum
475 1973 615 2018 nobis
657 1972 969 2018 acutissimus
1009 1972 1214 2017 morbus
1254 1971 1506 2028 inopinato
1546 1971 1763 2028 abstulit,

131 2052 240 2098 Deo
266 2051 476 2097 reddidit
501 2051 736 2105 maximo,
765 2049 904 2095 cuius
928 2049 1320 2095 sacratissimam
1354 2050 1516 2105 legem
1540 2049 1637 2094 iam
1672 2049 1767 2094 fer—

131 2145 207 2175 me
242 2130 459 2174 moriens
493 2144 588 2173 non
624 2128 728 2173 sine
763 2127 1031 2184 lachrymis
1055 2126 1403 2183 profitebatur.
1441 2126 1612 2172 Funus
1649 2141 1768 2171 uero

130 2206 359 2263 permulti
393 2206 683 2251 sacerdotes
718 2205 911 2262 uirique
946 2204 1167 2261 religiosi
1191 2219 1252 2249 ac
1276 2204 1483 2259 nobiles,
1522 2219 1634 2249 cum
1670 2220 1767 2249 ma-

132 2300 233 2342 gna
256 2283 620 2342 significatione
645 2282 832 2328 amoris
856 2282 930 2327 sui
955 2297 1080 2339 erga
1105 2298 1193 2327 nos
1213 2297 1273 2327 ac
1293 2282 1669 2327 beneuolentiae
1689 2281 1769 2326 ho-

133 2372 410 2407 nestarunt.
438 2361 514 2406 De
539 2360 822 2406 domesticis
846 2360 1104 2406 hactenus.

188 2440 232 2485 4.
299 2438 447 2495 Quod
470 2438 533 2484 ad
557 2438 754 2483 scholas
778 2437 1005 2494 pertinet,
1029 2446 1142 2483 sunt
1161 2437 1357 2493 quidem
1377 2437 1679 2494 frequentes,
1707 2435 1771 2481 ad

132 2517 218 2562 ‘200
240 2516 347 2562 fere
372 2515 654 2572 discipulos,
682 2531 892 2571 quorum
917 2514 1133 2571 ingenia,
1162 2530 1258 2571 quo
1290 2514 1545 2560 deteriora
1579 2523 1691 2559 sunt
1724 2524 1772 2559 et

132 2594 195 2639 ad
220 2594 340 2639 uitia
374 2593 694 2650 procliuiora,
733 2608 791 2638 eo
825 2592 985 2638 maior
1020 2592 1280 2637 solicitudo
1306 2592 1584 2648 adhibetur,
1622 2601 1771 2648 atque

132 2672 317 2718 idcirco
342 2671 559 2717 fortasse
584 2670 796 2727 gratior.
824 2670 1044 2728 Fingunt
1066 2671 1288 2728 plerique
1312 2686 1420 2715 sese
1445 2680 1493 2715 et
1517 2669 1580 2715 ad
1605 2668 1772 2716 Socie-

133 2749 249 2795 tatis
287 2748 562 2794 institutum
601 2747 948 2805 accomodant;
991 2748 1071 2805 qui
1111 2747 1458 2804 refragantur,
1495 2756 1582 2793 aut
1615 2747 1769 2805 magi-

132 2835 351 2872 strorum
377 2825 581 2870 consilio
607 2825 948 2880 retrahuntur,
977 2833 1062 2870 aut
1086 2840 1275 2881 poenae
1301 2834 1433 2870 metu
1454 2830 1768 2871 coercentur.

135 2903 451 2949 Confitentur
481 2903 688 2959 singulis
722 2903 971 2949 mensibus
1007 2912 1055 2948 et
1090 2903 1134 2947 in
1171 2903 1473 2948 solemnibus
1507 2903 1695 2961 diebuS,
1734 2904 1773 2949 si

135 2981 214 3038 qui
237 2981 369 3026 forte
393 2980 782 3026 intercesserint.

193 3058 234 3104 5.
299 3057 485 3104 Omnes
510 3073 631 3103 uero
656 3059 703 3103 in
727 3058 869 3104 bonis
890 3057 1060 3114 literis,
1084 3058 1247 3114 quoad
1266 3057 1504 3115 cuiusque
1524 3058 1774 3115 ingenium

136 3135 250 3192 fert,
277 3152 373 3181 non
398 3136 501 3181 sine
525 3135 692 3181 fructu
723 3144 771 3181 et
803 3134 1016 3181 utilitate
1050 3143 1334 3180 uersantur.
1375 3134 1525 3181 Vnde
1557 3134 1774 3182 fortasse
