2051 3516
516 292 838 328 143.—BxLL0.x1O
864 294 886 327 ἶ)
913 292 1151 328 FEBRUARM
1183 294 1273 329 1:355
1593 294 1664 329 545

74 386 314 432 fitentium
345 397 393 432 et
427 388 819 432 communionem
856 387 1274 444 frequentantium
1312 390 1476 438 turba,
1514 404 1705 444 preces,

74 475 194 509 vota
228 474 275 509 et
310 465 549 520 obsequia
582 480 672 509 nos
702 464 1031 517 inuitantium‚
1059 464 1339 510 animarum
1364 465 1572 522 denique
1596 480 1707 510 con-

73 541 254 597 uersio,
281 542 573 591 consolatio,
600 542 847 597 promotio
882 550 1293 586 commonstrant.
1332 541 1607 588 Obruimur
1642 543 1707 587 in-

72 618 266 663 terdum
301 618 363 662 ad
389 618 528 664 verbi
554 619 879 664 ministerium
904 633 992 663 nos
1019 619 1303 663 vocantium
1331 619 1474 671 votiS,
1503 620 1629 665 adeo
1655 630 1707 664 vt

71 694 118 739 in
137 694 291 740 ferias
310 695 610 740 sacramenti
630 711 659 740 a
676 695 1172 747 claromontensibus,
1193 697 1556 753 ryomensibus,
1575 712 1706 741 mon-

71 760 390 811 tiferranaeis
414 777 461 811 et
485 767 698 812 aliorum
723 767 1015 823 oppidorum
1041 766 1233 812 ciuibus
1257 767 1524 812 desiderati
1559 768 1706 813 fueri-

70 858 194 893 mus;
227 844 312 889 sed
336 844 728 889 claromontanis
751 860 810 889 ac
836 844 1109 890 biliomaeis
1132 844 1455 889 ministerium
1480 855 1707 890 nostrum

71 920 332 965 dumtaxat
354 920 638 976 impendere
662 922 927 976 potuimus.
955 920 1008 964 In
1040 921 1307 965 aduentum
1344 932 1392 966 et
1426 921 1704 977 quadrage-

68 996 241 1042 simam
277 997 583 1053 potissimum
612 998 754 1042 huius
778 997 891 1043 anni
916 997 1181 1042 multorum
1205 998 1436 1053 precibus
1460 998 1572 1044 hinc
1595 999 1706 1044 inde

70 1083 272 1119 strenue
290 1083 537 1119 certatum
561 1083 650 1119 est.
679 1074 990 1131 Ryomenses
1013 1089 1074 1119 ac
1099 1074 1439 1130 bryoudenses
1464 1075 1619 1120 literis
1645 1075 1708 1121 ad

69 1150 353 1206 episcopum
376 1151 829 1196 claromontensem
854 1151 1014 1196 missis
1038 1166 1244 1207 operam
1276 1166 1439 1196 meam
1473 1152 1705 1207 proxima

69 1227 458 1285 quadragesima
478 1229 807 1285 expetierunt;
835 1229 922 1274 sed
946 1229 1205 1285 episcopus
1230 1228 1579 1285 ryomensibus
1604 1245 1706 1274 ma-

66 1305 143 1362 gis
163 1305 304 1354 fauit.
328 1305 506 1362 quippe
526 1305 606 1362 qui
626 1321 746 1350 suae.
765 1307 1052 1351 dioeceseos
1071 1315 1200 1359 sunt;
1224 1314 1372 1362 atque
1392 1306 1706 1351 illustrissimi

66 1382 274 1428 nominis
307 1383 438 1439 apud
472 1399 717 1428 aruernos
752 1386 814 1429 ob
850 1384 1193 1439 magistratus,
1233 1383 1522 1428 eruditionis
1559 1392 1708 1440 atque

67 1460 351 1506 diuitiarum
376 1461 756 1517 praestantiam.

122 1537 165 1583 3.
232 1538 386 1583 Pater
410 1554 533 1583 vero
557 1538 890 1594 Hieronymus
926 1536 1296 1583 biliomensibus
1331 1538 1457 1582 hanc
1493 1537 1705 1593 quadra-

65 1615 306 1672 gesimam
340 1615 657 1672 euangelium
694 1615 1008 1667 ministrabit,
1047 1613 1233 1659 Christi
1268 1614 1445 1660 fauore
1469 1614 1700 1671 propitio;

65 1707 161 1748 quo
186 1691 381 1748 quidem
406 1692 676 1749 aspirante,
714 1702 815 1736 tum
849 1691 1185 1748 Magdalenae
1221 1703 1322 1736 tum
1357 1691 1588 1736 Marthae
1622 1707 1705 1747 ge-

65 1769 194 1813 mino
219 1768 382 1814 officio
409 1770 583 1814 dextre
607 1784 759 1825 supra
785 1783 981 1814 omnem
1005 1784 1142 1824 spem
1170 1768 1410 1825 fungitur.

121 1848 163 1891 4.
232 1846 484 1903 Quantum
511 1862 633 1891 vero
659 1846 721 1891 ad
756 1855 1186 1891 sacramentorum
1222 1846 1702 1891 administrationem

63 1924 255 1971 attinet,
283 1939 438 1980 aegre
463 1925 656 1974 credas,
685 1924 851 1972 Pater,
880 1939 1028 1980 quam
1053 1933 1160 1968 toto
1185 1938 1316 1968 anno
1348 1923 1578 1979 occupati
1601 1923 1701 1969 fue-

65 2001 233 2050 rimus,
279 2001 586 2057 potissimum
625 2000 843 2051 iBiIiomi:
886 2001 969 2045 vbi
1017 2009 1216 2057 praeter
1255 2000 1514 2057 Vtriusque
1553 2016 1704 2045 sexus

63 2078 243 2123 ciuium
269 2077 505 2123 infinitum
530 2094 653 2134 pene
677 2094 957 2128 numerum,
984 2079 1190 2134 singulis
1226 2079 1477 2123 mensibus
1512 2078 1701 2123 schola-

61 2156 186 2210 stici,
228 2156 375 2200 modo
411 2156 681 2213 quingenti,
721 2156 866 2200 modo
907 2155 1222 2212 septingenti,
1267 2156 1414 2200 modo
1464 2156 1703 2212 nongenti

63 2232 276 2278 confessi
302 2244 428 2278 sunt.
459 2233 720 2278 Accedunt
744 2233 872 2278 enim
897 2233 959 2278 ad
983 2233 1312 2278 millenarium
1346 2248 1623 2289 numerum,
1662 2232 1703 2278 si

62 2310 520 2366 alphabetariorum
547 2310 777 2366 (quorum
811 2310 1193 2355 erudiendorum
1231 2326 1354 2355 cura
1388 2309 1700 2366 paedagogis

60 2387 293 2443 priuatim
329 2387 584 2443 incumbit)
619 2396 896 2437 cateruam,
935 2387 1155 2432 classicis
1195 2387 1506 2432 auditoribus
1547 2402 1700 2432 annu-

60 2479 239 2509 meres.
281 2464 640 2521 Benignissime
674 2464 808 2523 JeSU,
848 2475 1062 2520 quantus
1096 2464 1410 2510 orthodoxae
1447 2464 1699 2520 religionis

59 2539 254 2585 fructus
278 2556 304 2585 e
328 2540 652 2585 confessionis
676 2540 1075 2597 frequentatione
1100 2541 1185 2587 tibi
1213 2542 1441 2586 accessit!

117 2618 159 2662 5.
226 2616 538 2662 Infirmorum
579 2618 729 2662 aedes
768 2618 999 2663 accersiti
1033 2618 1411 2674 frequentamus
1446 2609 1698 2673 poeniten-

57 2694 156 2739 tiae
179 2694 640 2750 alexipharmacum
664 2696 1017 2752 expetentium,
1046 2696 1220 2752 quibus
1245 2695 1499 2740 vberrima
1523 2710 1697 2740 conso-

58 2771 174 2816 latio
199 2772 495 2817 suauissimo
521 2771 706 2817 Christi
730 2773 904 2829 spiritu
928 2772 1350 2818 subministratur.
1388 2770 1597 2827 Quoties
1620 2787 1696 2817 so-

58 2848 226 2893 lennes
248 2848 500 2893 imminent
518 2848 692 2901 feriae,
715 2849 973 2895 obruimur
993 2849 1056 2894 ad
1075 2847 1400 2894 confessionis
1419 2848 1696 2894 antidotum

57 2927 460 2971 concurrentium
501 2926 706 2972 affluxu.
744 2925 1001 2983 Superiori
1041 2925 1351 2971 hebdomade
1391 2925 1453 2970 ob
1492 2924 1694 2983 jubilaei

56 3002 414 3059 indulgentiam
439 3003 650 3061 quinque
675 3003 848 3048 domus
872 3013 1077 3048 nostrae
1108 3002 1401 3048 sacerdotes
1425 3003 1697 3048 confessio-

55 3079 198 3125 nibus
232 3080 486 3126 audiendis
521 3081 889 3137 occupatissimi
926 3080 1121 3130 fuimus.
1159 3080 1204 3124 in
1240 3095 1451 3136 quorum
1486 3095 1693 3125 numero

198 3173 364 3201 LlTTERAE
386 3173 685 3207 QUADRIMESTRES.
708 3174 797 3201 ΤΟΜ.
820 3174 856 3201 V.
1515 3174 1550 3201 35
