2051 3516
404 311 474 348 602
868 313 1088 349 LITTERAE
1116 314 1472 357 QUADRIMESTRES

360 422 494 451 crum
522 417 703 463 posset.
733 407 934 453 Missam
975 424 1098 463 ergo
1133 408 1407 453 celebrauit
1444 408 1487 453 in
1529 408 1755 455 aedicula
1794 419 1980 466 nostra,

361 484 483 527 hora
507 493 663 537 sexta,
692 484 1021 530 celeberrimo
1048 484 1210 541 populi
1236 495 1497 538 conuentu,
1525 484 1626 541 ipse
1651 485 1845 530 indutus
1869 501 1980 542 pon-

360 558 636 615 tificalibus,
672 558 903 606 Patribus
940 577 1063 606 vero
1098 561 1280 606 nostris
1314 570 1362 606 et
1395 560 1635 606 fratribus
1670 562 1892 607 omnibus
1921 562 1982 607 ad

360 634 649 680 concionem
679 646 1035 693 praeparatam
1072 645 1182 693 post
1216 652 1414 681 sacrum
1448 646 1495 682 et
1529 653 1761 683 manuum
1796 639 1980 693 oscula,

360 727 485 768 quae
519 711 712 768 publice
741 712 786 757 in
812 714 995 770 templo
1020 728 1189 758 coram
1214 713 1555 758 assistentibus
1579 713 1792 769 admisit,
1819 715 1981 760 statim

361 789 419 834 ad
452 789 660 834 classem
695 789 1042 847 theologicam,
1079 806 1226 846 quam
1261 790 1416 847 pridie
1450 790 1736 836 ornauimus
1770 792 1981 848 tapetiis,

360 880 468 911 sese
492 881 602 911 cum
627 866 728 912 suis
753 867 996 913 nobilibus
1020 877 1066 912 et
1090 868 1195 912 aliis
1220 867 1576 913 honestissimis
1600 868 1720 913 viris
1753 884 1984 915 conscen-

360 943 442 999 dit,
479 953 626 999 atque
666 943 711 988 in
743 959 810 1002 ,ea
850 944 1122 1001 permansit
1161 945 1316 990 donec
1357 943 1547 1001 prandii
1586 954 1778 1002 tempus
1818 946 1986 1002 plenas

361 1019 718 1076 disputationes
743 1021 1077 1078 abrumperet.

419 1096 461 1142 3.
529 1096 580 1141 In
612 1097 999 1154 quadragesima
1031 1098 1227 1143 hortum
1258 1098 1533 1154 proximum
1568 1098 1782 1155 collegio
1815 1108 1986 1144 nostro

359 1184 407 1220 et
439 1190 550 1219 cum
585 1190 643 1220 eo
679 1174 874 1220 domum
909 1191 1002 1220 non
1034 1175 1331 1220 incelebrem
1361 1175 1499 1221 iuxta
1522 1176 1670 1231 nacti,
1699 1176 1859 1221 sentio
1883 1192 1985 1233 per-

360 1267 570 1309 magnas
594 1252 909 1298 difficultates
932 1263 981 1299 et
999 1268 1146 1298 curas
1170 1253 1435 1298 immensas
1455 1269 1552 1298 vna
1570 1269 1680 1298 cum
1708 1253 1837 1299 horti
1859 1269 1983 1299 com-

362 1329 681 1374 moditatibus
716 1330 777 1375 ad
818 1346 905 1375 nos
944 1329 1204 1380 introiisse.
1243 1317 1417 1388 Orate,
1454 1346 1654 1387 quaeso,
1685 1347 1773 1387 pro
1798 1331 1988 1376 famulo

364 1415 529 1451 vestro
553 1406 768 1464 minimo,
795 1407 1005 1465 Thoma,
1032 1407 1172 1453 cuius
1195 1407 1412 1453 humeris
1434 1419 1677 1453 extranea
1701 1408 1796 1453 ista
1826 1417 1874 1454 et
1904 1408 1983 1453 do-

360 1483 565 1529 mestica
609 1484 775 1529 omnia
814 1484 1120 1540 incumbunt,
1162 1484 1474 1542 insiliuntque
1512 1485 1726 1541 quotidie
1773 1485 1983 1531 maiora.

360 1560 501 1606 Nunc
525 1561 651 1606 enim
680 1562 1068 1618 petulantissime
1092 1561 1326 1618 incipiunt
1356 1561 1467 1607 mihi
1504 1561 1630 1618 (laus
1665 1561 1985 1619 Omnipotenti

362 1637 489 1693 Deo)
525 1638 763 1683 insultare
793 1638 1039 1684 mulieres:
1069 1654 1271 1684 causam
1296 1654 1390 1683 non
1417 1638 1583 1684 refero
1608 1639 1720 1695 quia
1745 1639 1987 1684 iocularia
2021 1643 2023 1647 “

359 1724 485 1772 sunt,
514 1714 628 1760 licet
651 1725 890 1772 pungant,
918 1725 966 1760 et
990 1716 1193 1773 singulis
1217 1717 1357 1761 annis
1381 1716 1603 1762 accessio
1628 1717 1852 1762 locorum
1884 1715 1987 1761 fieri

361 1800 537 1847 potest,
574 1801 622 1837 et
657 1792 894 1848 paulatim
930 1793 1261 1849 multiplicari,
1298 1794 1336 1839 si
1371 1792 1500 1838 forte
1533 1793 1731 1850 aliquod
1756 1794 1988 1850 templum

361 1868 456 1913 illic
481 1867 730 1925 edificare,
758 1884 843 1914 seu
870 1885 1052 1915 nouum
1076 1870 1340 1926 collegium
1365 1870 1583 1916 construi
1613 1870 1851 1927 temporis
1882 1885 1988 1916 suc-

361 1960 504 1990 cessu
536 1945 808 2002 contingat.
845 1946 1010 1991 Locus
1035 1963 1158 2004 ergo
1183 1938 1513 2003 amplissimus
1536 1956 1610 1993 est
1633 1947 1696 1993 ad
1720 1962 1863 2004 quem
1887 1947 1989 1993 sinc

360 2021 661 2067 offendiculo
685 2034 731 2068 et
759 2023 1035 2079 suspicione
1060 2025 1212 2069 nostri
1237 2024 1447 2081 ingredi,
1480 2034 1527 2069 et
1560 2040 1669 2070 sese
1703 2025 1748 2069 in
1784 2040 1842 2070 eo
1880 2035 1991 2081 post

360 2099 635 2144 studiorum
660 2101 857 2145 labores
881 2116 1123 2146 exercere
1148 2101 1351 2146 subinde
1376 2110 1623 2158 poterunt.
1657 2101 1834 2147 Habeo
1864 2117 1989 2147 nunc

364 2175 404 2220 in
433 2191 668 2221 crumena
702 2192 790 2233 pro
826 2192 884 2222 eo
921 2177 1202 2222 redimendo
1235 2178 1322 2223 600
1353 2177 1583 2234 florenOS‚
1621 2178 1733 2223 licet
1771 2178 1991 2234 pluribus

361 2267 484 2309 opus
517 2253 594 2298 sit.
632 2252 773 2298 Nunc
812 2254 1050 2311 reliquum
1085 2264 1173 2307 est,
1214 2264 1264 2299 vt
1299 2255 1552 2311 placemus
1576 2255 1911 2311 aduersariOS,
1940 2265 1990 2300 vt

360 2330 533 2374 domus
556 2329 880 2386 instauretur,
914 2340 963 2376 vt
988 2331 1113 2376 muri
1138 2331 1411 2387 erigantur.
1440 2331 1582 2388 Quae
1607 2331 1770 2377 omnia
1789 2332 1925 2377 clare
1946 2343 1991 2376 et

363 2406 588 2452 distincte
623 2406 808 2452 referet
842 2408 902 2453 R.
940 2407 1020 2453 Pr.
1069 2407 1315 2463 Canisius;
1362 2408 1474 2453 mihi
1514 2424 1602 2465 per
1640 2409 1992 2466 occupationes

363 2493 655 2539 praesentes
678 2500 775 2529 non
800 2485 928 2530 licet.

416 2561 457 2605 4.
526 2560 687 2607 Hodie
714 2562 843 2607 enim
877 2561 1064 2619 (refero
1098 2571 1285 2608 tantum
1321 2578 1447 2619 quae
1481 2563 1543 2608 ad
1577 2562 1847 2608 domestica
1880 2579 1986 2620 spe-

362 2639 518 2695 ctant)
538 2638 680 2684 nobis
700 2638 863 2684 insciis
883 2639 1111 2684 abierunt
1130 2639 1225 2684 duo
1247 2640 1439 2685 bohemi
1460 2640 1679 2696 iuueneS,
1702 2640 1781 2696 qui
1801 2648 1987 2685 tantum

369 2731 464 2761 vno
489 2716 564 2761 die
588 2715 789 2761 fuerunt
807 2716 1007 2773 Pragae
1027 2716 1072 2761 in
1093 2717 1322 2774 collegio,
1345 2732 1552 2773 quorum
1572 2717 1701 2762 alter
1719 2717 1850 2762 intra
1869 2717 1989 2762 du‘os

368 2793 471 2837 dies
505 2809 567 2838 ex
602 2793 841 2838 Bohemia
875 2793 968 2838 huc
1007 2792 1155 2849 venit,
1193 2794 1319 2838 alter
1352 2804 1466 2838 ante
1504 2793 1680 2838 festum
1721 2793 1988 2849 paschatis.

371 2869 591 2914 Causam
616 2871 926 2927 ignoramus,
964 2870 1054 2915 nisi
1088 2870 1216 2926 quod
1249 2870 1430 2927 senior,
1466 2885 1590 2927 puer
1623 2870 1993 2916 versutissimus

369 2956 417 2992 et
440 2946 563 2991 dolis
588 2948 774 3003 plenus,
802 2947 1015 2993 Ioannes
1038 2946 1379 3003 Nicodemum,
1412 2947 1557 2992 vnico
1589 2947 1721 2993 forte
1755 2957 1803 2992 et
1836 2947 1992 3003 primo

372 3038 648 3079 congressu
674 3032 783 3079 post
807 3025 1012 3069 alterius
1036 3023 1303 3069 aduentum
1337 3023 1596 3082 permouit‚
1634 3033 1683 3068 et
1714 3023 1878 3069 statim
1907 3038 1994 3080 per

362 3115 387 3145 e
405 3101 509 3145 cele
523 3100 623 3145 siae
648 3110 859 3159 portam,
886 3116 997 3146 cum
1032 3100 1335 3146 sacristanus
1366 3110 1508 3151 esset,
1533 3100 1827 3157 clanculum,
1864 3100 1992 3146 abie-
