<?xml version="1.0" encoding="UTF-8"?>
<!DOCTYPE html PUBLIC "-//W3C//DTD XHTML 1.0 Transitional//EN"
    "http://www.w3.org/TR/xhtml1/DTD/xhtml1-transitional.dtd">
<html xmlns="http://www.w3.org/1999/xhtml" xml:lang="en" lang="en">
 <head>
  <title>
</title>
<meta http-equiv="Content-Type" content="text/html;charset=utf-8" />
  <meta name='ocr-system' content='tesseract 3.04.00' />
  <meta name='ocr-capabilities' content='ocr_page ocr_carea ocr_par ocr_line ocrx_word'/>
</head>
<body>
  <div class='ocr_page' id='page_1' title='image "./litteraequadrime17lain_0728.png"; bbox 0 0 2051 3516; ppageno 0'>
   <div class='ocr_carea' id='block_1_1' title="bbox 356 321 1416 368">
    <p class='ocr_par' dir='ltr' id='par_1_1' title="bbox 356 321 1416 368">
     <span class='ocr_line' id='line_1_1' title="bbox 356 321 1416 368; baseline 0 -9"><span class='ocrx_word' id='word_1_1' title='bbox 356 321 425 359; x_wconf 82' lang='lat'><strong>692</strong></span> <span class='ocrx_word' id='word_1_2' title='bbox 820 322 1038 361; x_wconf 74' lang='lat' dir='ltr'><strong>LITTERAE</strong></span> <span class='ocrx_word' id='word_1_3' title='bbox 1063 322 1416 368; x_wconf 85' lang='lat' dir='ltr'><strong>QUADRIMESTRES</strong></span> 
     </span>
    </p>
   </div>
   <div class='ocr_carea' id='block_1_2' title="bbox 310 417 1988 2938">
    <p class='ocr_par' dir='ltr' id='par_1_2' title="bbox 310 417 1988 1935">
     <span class='ocr_line' id='line_1_2' title="bbox 311 417 1931 476; baseline 0.001 -14"><span class='ocrx_word' id='word_1_4' title='bbox 311 417 656 475; x_wconf 85' lang='lat' dir='ltr'><strong>prehenderet,</strong></span> <span class='ocrx_word' id='word_1_5' title='bbox 698 433 900 464; x_wconf 87' lang='lat' dir='ltr'><strong>causam</strong></span> <span class='ocrx_word' id='word_1_6' title='bbox 940 419 1167 476; x_wconf 88' lang='lat' dir='ltr'><strong>odorata,</strong></span> <span class='ocrx_word' id='word_1_7' title='bbox 1205 428 1253 463; x_wconf 93' lang='lat' dir='ltr'><strong>et</strong></span> <span class='ocrx_word' id='word_1_8' title='bbox 1286 418 1432 475; x_wconf 88' lang='lat' dir='ltr'><strong>(quae</strong></span> <span class='ocrx_word' id='word_1_9' title='bbox 1465 418 1684 464; x_wconf 89' lang='lat' dir='ltr'><strong>mulieris</strong></span> <span class='ocrx_word' id='word_1_10' title='bbox 1718 427 1828 464; x_wconf 87' lang='lat' dir='ltr'><strong>erat</strong></span> <span class='ocrx_word' id='word_1_11' title='bbox 1851 419 1931 474; x_wconf 93' lang='lat' dir='ltr'><strong>pia</strong></span> 
     </span>
     <span class='ocr_line' id='line_1_3' title="bbox 310 494 1934 551; baseline -0.001 -12"><span class='ocrx_word' id='word_1_12' title='bbox 310 494 590 550; x_wconf 86' lang='lat' dir='ltr'><strong>prudentia)</strong></span> <span class='ocrx_word' id='word_1_13' title='bbox 616 494 892 551; x_wconf 88' lang='lat' dir='ltr'><strong>intelligens</strong></span> <span class='ocrx_word' id='word_1_14' title='bbox 922 495 1163 540; x_wconf 87' lang='lat' dir='ltr'><strong>neminem</strong></span> <span class='ocrx_word' id='word_1_15' title='bbox 1198 495 1266 540; x_wconf 86' lang='lat' dir='ltr'><strong>ita</strong></span> <span class='ocrx_word' id='word_1_16' title='bbox 1298 495 1518 539; x_wconf 80' lang='lat' dir='ltr'><strong>futurum</strong></span> <span class='ocrx_word' id='word_1_17' title='bbox 1552 509 1672 540; x_wconf 90' lang='lat' dir='ltr'><strong>suae</strong></span> <span class='ocrx_word' id='word_1_18' title='bbox 1705 494 1934 539; x_wconf 90' lang='lat' dir='ltr'><strong>innocen-</strong></span> 
     </span>
     <span class='ocr_line' id='line_1_4' title="bbox 311 571 1933 628; baseline 0.001 -14"><span class='ocrx_word' id='word_1_19' title='bbox 311 571 407 615; x_wconf 88' lang='lat' dir='ltr'><strong>tiae</strong></span> <span class='ocrx_word' id='word_1_20' title='bbox 432 580 588 615; x_wconf 87' lang='lat' dir='ltr'><strong>tutum</strong></span> <span class='ocrx_word' id='word_1_21' title='bbox 613 579 892 628; x_wconf 85' lang='lat' dir='ltr'><strong>patronum,</strong></span> <span class='ocrx_word' id='word_1_22' title='bbox 920 580 1066 627; x_wconf 88' lang='lat' dir='ltr'><strong>atque</strong></span> <span class='ocrx_word' id='word_1_23' title='bbox 1092 571 1250 615; x_wconf 88' lang='lat' dir='ltr'><strong>Deum</strong></span> <span class='ocrx_word' id='word_1_24' title='bbox 1274 571 1448 628; x_wconf 87' lang='lat' dir='ltr'><strong>ipsum,</strong></span> <span class='ocrx_word' id='word_1_25' title='bbox 1476 586 1618 627; x_wconf 88' lang='lat' dir='ltr'><strong>quem</strong></span> <span class='ocrx_word' id='word_1_26' title='bbox 1645 587 1793 616; x_wconf 89' lang='lat' dir='ltr'><strong>vnum</strong></span> <span class='ocrx_word' id='word_1_27' title='bbox 1829 586 1933 616; x_wconf 86' lang='lat' dir='ltr'><strong>cre-</strong></span> 
     </span>
     <span class='ocr_line' id='line_1_5' title="bbox 311 647 1933 705; baseline -0.001 -13"><span class='ocrx_word' id='word_1_28' title='bbox 311 648 460 692; x_wconf 90' lang='lat' dir='ltr'><strong>debat</strong></span> <span class='ocrx_word' id='word_1_29' title='bbox 484 647 604 692; x_wconf 85' lang='lat' dir='ltr'><strong>satis</strong></span> <span class='ocrx_word' id='word_1_30' title='bbox 628 662 736 693; x_wconf 89' lang='lat' dir='ltr'><strong>esse</strong></span> <span class='ocrx_word' id='word_1_31' title='bbox 760 657 898 693; x_wconf 86' lang='lat' dir='ltr'><strong>tanto</strong></span> <span class='ocrx_word' id='word_1_32' title='bbox 923 648 995 692; x_wconf 88' lang='lat' dir='ltr'><strong>sui</strong></span> <span class='ocrx_word' id='word_1_33' title='bbox 1020 648 1245 705; x_wconf 88' lang='lat' dir='ltr'><strong>coniugis</strong></span> <span class='ocrx_word' id='word_1_34' title='bbox 1270 648 1459 693; x_wconf 88' lang='lat' dir='ltr'><strong>uulneri</strong></span> <span class='ocrx_word' id='word_1_35' title='bbox 1482 647 1720 704; x_wconf 86' lang='lat' dir='ltr'><strong>curando,</strong></span> <span class='ocrx_word' id='word_1_36' title='bbox 1754 647 1933 692; x_wconf 86' lang='lat' dir='ltr'><strong>marito</strong></span> 
     </span>
     <span class='ocr_line' id='line_1_6' title="bbox 312 724 1935 781; baseline -0.002 -11"><span class='ocrx_word' id='word_1_37' title='bbox 312 725 486 781; x_wconf 86' lang='lat' dir='ltr'><strong>quibus</strong></span> <span class='ocrx_word' id='word_1_38' title='bbox 510 724 666 780; x_wconf 89' lang='lat' dir='ltr'><strong>potuit</strong></span> <span class='ocrx_word' id='word_1_39' title='bbox 692 726 848 770; x_wconf 87' lang='lat' dir='ltr'><strong>modis</strong></span> <span class='ocrx_word' id='word_1_40' title='bbox 871 734 919 770; x_wconf 91' lang='lat' dir='ltr'><strong>et</strong></span> <span class='ocrx_word' id='word_1_41' title='bbox 945 725 1140 781; x_wconf 82' lang='lat' dir='ltr'><strong>quantis</strong></span> <span class='ocrx_word' id='word_1_42' title='bbox 1175 725 1332 781; x_wconf 88' lang='lat' dir='ltr'><strong>potuit</strong></span> <span class='ocrx_word' id='word_1_43' title='bbox 1365 724 1804 781; x_wconf 85' lang='lat' dir='ltr'><strong>efflagitationibus</strong></span> <span class='ocrx_word' id='word_1_44' title='bbox 1828 739 1935 780; x_wconf 90' lang='lat' dir='ltr'><strong>per-</strong></span> 
     </span>
     <span class='ocr_line' id='line_1_7' title="bbox 311 801 1936 859; baseline -0.001 -13"><span class='ocrx_word' id='word_1_45' title='bbox 311 802 525 847; x_wconf 86' lang='lat' dir='ltr'><strong>suadere</strong></span> <span class='ocrx_word' id='word_1_46' title='bbox 549 802 814 859; x_wconf 73' lang='lat' dir='ltr'>nitebatur,</span> <span class='ocrx_word' id='word_1_47' title='bbox 844 812 895 847; x_wconf 88' lang='lat' dir='ltr'><strong>ut</strong></span> <span class='ocrx_word' id='word_1_48' title='bbox 919 802 981 846; x_wconf 86' lang='lat' dir='ltr'><strong>ad</strong></span> <span class='ocrx_word' id='word_1_49' title='bbox 1001 818 1089 846; x_wconf 85' lang='lat' dir='ltr'><strong>nos</strong></span> <span class='ocrx_word' id='word_1_50' title='bbox 1109 803 1374 847; x_wconf 88' lang='lat' dir='ltr'><strong>commissa</strong></span> <span class='ocrx_word' id='word_1_51' title='bbox 1393 802 1597 847; x_wconf 89' lang='lat' dir='ltr'><strong>crimina</strong></span> <span class='ocrx_word' id='word_1_52' title='bbox 1616 801 1936 846; x_wconf 78' lang='lat' dir='ltr'><strong>confessurus</strong></span> 
     </span>
     <span class='ocr_line' id='line_1_8' title="bbox 314 878 1931 935; baseline -0.001 -12"><span class='ocrx_word' id='word_1_53' title='bbox 314 879 520 924; x_wconf 88' lang='lat' dir='ltr'><strong>ueniret.</strong></span> <span class='ocrx_word' id='word_1_54' title='bbox 549 879 778 925; x_wconf 81' lang='lat' dir='ltr'><strong>Accessit</strong></span> <span class='ocrx_word' id='word_1_55' title='bbox 801 879 999 924; x_wconf 83' lang='lat' dir='ltr'><strong>tandem</strong></span> <span class='ocrx_word' id='word_1_56' title='bbox 1024 888 1202 924; x_wconf 86' lang='lat' dir='ltr'><strong>coactu</strong></span> <span class='ocrx_word' id='word_1_57' title='bbox 1228 879 1459 933; x_wconf 86' lang='lat' dir='ltr'><strong>mulieris,</strong></span> <span class='ocrx_word' id='word_1_58' title='bbox 1489 878 1684 935; x_wconf 86' lang='lat' dir='ltr'><strong>aperuit</strong></span> <span class='ocrx_word' id='word_1_59' title='bbox 1708 886 1931 934; x_wconf 87' lang='lat' dir='ltr'><strong>peccata,</strong></span> 
     </span>
     <span class='ocr_line' id='line_1_9' title="bbox 314 954 1937 1012; baseline -0.001 -12"><span class='ocrx_word' id='word_1_60' title='bbox 314 965 363 1001; x_wconf 89' lang='lat' dir='ltr'><strong>et</strong></span> <span class='ocrx_word' id='word_1_61' title='bbox 386 956 454 1001; x_wconf 86' lang='lat' dir='ltr'><strong>ita</strong></span> <span class='ocrx_word' id='word_1_62' title='bbox 479 956 521 1000; x_wconf 92' lang='lat' dir='ltr'><strong>ei</strong></span> <span class='ocrx_word' id='word_1_63' title='bbox 548 955 671 1000; x_wconf 84' lang='lat' dir='ltr'><strong>lucis</strong></span> <span class='ocrx_word' id='word_1_64' title='bbox 694 955 919 1001; x_wconf 89' lang='lat' dir='ltr'><strong>internae</strong></span> <span class='ocrx_word' id='word_1_65' title='bbox 944 955 1140 1001; x_wconf 87' lang='lat' dir='ltr'><strong>diuinae</strong></span> <span class='ocrx_word' id='word_1_66' title='bbox 1165 955 1360 1012; x_wconf 85' lang='lat' dir='ltr'><strong>gratiae</strong></span> <span class='ocrx_word' id='word_1_67' title='bbox 1385 955 1553 1000; x_wconf 86' lang='lat' dir='ltr'><strong>radius</strong></span> <span class='ocrx_word' id='word_1_68' title='bbox 1571 954 1746 1011; x_wconf 85' lang='lat' dir='ltr'><strong>illuxit,</strong></span> <span class='ocrx_word' id='word_1_69' title='bbox 1773 963 1824 999; x_wconf 90' lang='lat' dir='ltr'><strong>ut</strong></span> <span class='ocrx_word' id='word_1_70' title='bbox 1843 968 1937 998; x_wconf 90' lang='lat' dir='ltr'><strong>non</strong></span> 
     </span>
     <span class='ocr_line' id='line_1_10' title="bbox 313 1032 1938 1089; baseline -0.002 -11"><span class='ocrx_word' id='word_1_71' title='bbox 313 1033 473 1078; x_wconf 90' lang='lat' dir='ltr'><strong>solum</strong></span> <span class='ocrx_word' id='word_1_72' title='bbox 499 1048 644 1089; x_wconf 84' lang='lat' dir='ltr'><strong>quam</strong></span> <span class='ocrx_word' id='word_1_73' title='bbox 674 1033 891 1078; x_wconf 89' lang='lat' dir='ltr'><strong>habebat</strong></span> <span class='ocrx_word' id='word_1_74' title='bbox 926 1032 1255 1088; x_wconf 76' lang='lat' dir='ltr'>suspicionem</span> <span class='ocrx_word' id='word_1_75' title='bbox 1290 1032 1573 1088; x_wconf 70' lang='lat' dir='ltr'><strong>deponeret,</strong></span> <span class='ocrx_word' id='word_1_76' title='bbox 1608 1047 1798 1077; x_wconf 88' lang='lat' dir='ltr'><strong>summo</strong></span> <span class='ocrx_word' id='word_1_77' title='bbox 1829 1045 1938 1075; x_wconf 91' lang='lat' dir='ltr'><strong>cum</strong></span> 
     </span>
     <span class='ocr_line' id='line_1_11' title="bbox 315 1108 1937 1165; baseline -0.002 -11"><span class='ocrx_word' id='word_1_78' title='bbox 315 1109 389 1154; x_wconf 88' lang='lat' dir='ltr'><strong>sui</strong></span> <span class='ocrx_word' id='word_1_79' title='bbox 414 1109 602 1154; x_wconf 86' lang='lat' dir='ltr'><strong>erroris</strong></span> <span class='ocrx_word' id='word_1_80' title='bbox 626 1109 830 1165; x_wconf 87' lang='lat' dir='ltr'><strong>pudore,</strong></span> <span class='ocrx_word' id='word_1_81' title='bbox 869 1118 917 1154; x_wconf 92' lang='lat' dir='ltr'><strong>et</strong></span> <span class='ocrx_word' id='word_1_82' title='bbox 940 1109 986 1154; x_wconf 91' lang='lat' dir='ltr'><strong>in</strong></span> <span class='ocrx_word' id='word_1_83' title='bbox 1021 1108 1239 1165; x_wconf 77' lang='lat' dir='ltr'>gratiam</span> <span class='ocrx_word' id='word_1_84' title='bbox 1264 1109 1521 1165; x_wconf 77' lang='lat' dir='ltr'>pristinam</span> <span class='ocrx_word' id='word_1_85' title='bbox 1546 1123 1658 1153; x_wconf 91' lang='lat' dir='ltr'><strong>cum</strong></span> <span class='ocrx_word' id='word_1_86' title='bbox 1682 1123 1839 1153; x_wconf 85' lang='lat' dir='ltr'><strong>uxore</strong></span> <span class='ocrx_word' id='word_1_87' title='bbox 1864 1122 1937 1152; x_wconf 90' lang='lat' dir='ltr'><strong>re-</strong></span> 
     </span>
     <span class='ocr_line' id='line_1_12' title="bbox 316 1185 1935 1243; baseline -0.001 -12"><span class='ocrx_word' id='word_1_88' title='bbox 316 1186 458 1243; x_wconf 89' lang='lat' dir='ltr'><strong>diret,</strong></span> <span class='ocrx_word' id='word_1_89' title='bbox 486 1186 570 1231; x_wconf 88' lang='lat' dir='ltr'><strong>sed</strong></span> <span class='ocrx_word' id='word_1_90' title='bbox 594 1185 714 1230; x_wconf 88' lang='lat' dir='ltr'><strong>mire</strong></span> <span class='ocrx_word' id='word_1_91' title='bbox 734 1186 823 1231; x_wconf 75' lang='lat' dir='ltr'><strong>fuit</strong></span> <span class='ocrx_word' id='word_1_92' title='bbox 843 1186 905 1231; x_wconf 88' lang='lat' dir='ltr'><strong>ad</strong></span> <span class='ocrx_word' id='word_1_93' title='bbox 924 1185 1287 1242; x_wconf 78' lang='lat' dir='ltr'><strong>frequentanda</strong></span> <span class='ocrx_word' id='word_1_94' title='bbox 1306 1194 1623 1230; x_wconf 88' lang='lat' dir='ltr'><strong>sacramenta</strong></span> <span class='ocrx_word' id='word_1_95' title='bbox 1641 1193 1935 1241; x_wconf 89' lang='lat' dir='ltr'><strong>commotus,</strong></span> 
     </span>
     <span class='ocr_line' id='line_1_13' title="bbox 316 1260 1934 1320; baseline -0.001 -12"><span class='ocrx_word' id='word_1_96' title='bbox 316 1263 379 1308; x_wconf 86' lang='lat' dir='ltr'><strong>ad</strong></span> <span class='ocrx_word' id='word_1_97' title='bbox 404 1278 531 1320; x_wconf 87' lang='lat' dir='ltr'><strong>quae</strong></span> <span class='ocrx_word' id='word_1_98' title='bbox 553 1270 571 1290; x_wconf 60' lang='grc' dir='ltr'>ἃ</span> <span class='ocrx_word' id='word_1_99' title='bbox 599 1272 651 1308; x_wconf 91' lang='lat' dir='ltr'><strong>ut</strong></span> <span class='ocrx_word' id='word_1_100' title='bbox 674 1262 720 1307; x_wconf 90' lang='lat' dir='ltr'><strong>in</strong></span> <span class='ocrx_word' id='word_1_101' title='bbox 751 1264 1011 1320; x_wconf 86' lang='lat' dir='ltr'><strong>plurimum</strong></span> <span class='ocrx_word' id='word_1_102' title='bbox 1046 1264 1194 1308; x_wconf 90' lang='lat' dir='ltr'><strong>ambo</strong></span> <span class='ocrx_word' id='word_1_103' title='bbox 1229 1262 1466 1318; x_wconf 89' lang='lat' dir='ltr'><strong>coniuges</strong></span> <span class='ocrx_word' id='word_1_104' title='bbox 1500 1263 1636 1307; x_wconf 89' lang='lat' dir='ltr'><strong>simul</strong></span> <span class='ocrx_word' id='word_1_105' title='bbox 1674 1260 1934 1316; x_wconf 88' lang='lat' dir='ltr'><strong>accedunt,</strong></span> 
     </span>
     <span class='ocr_line' id='line_1_14' title="bbox 316 1339 1933 1397; baseline -0.001 -13"><span class='ocrx_word' id='word_1_106' title='bbox 316 1341 443 1397; x_wconf 84' lang='lat' dir='ltr'><strong>quod</strong></span> <span class='ocrx_word' id='word_1_107' title='bbox 470 1340 617 1385; x_wconf 87' lang='lat' dir='ltr'><strong>etiam</strong></span> <span class='ocrx_word' id='word_1_108' title='bbox 642 1350 715 1385; x_wconf 90' lang='lat' dir='ltr'><strong>est</strong></span> <span class='ocrx_word' id='word_1_109' title='bbox 739 1340 804 1385; x_wconf 90' lang='lat' dir='ltr'><strong>illi</strong></span> <span class='ocrx_word' id='word_1_110' title='bbox 828 1339 1159 1384; x_wconf 86' lang='lat' dir='ltr'><strong>firmissimum</strong></span> <span class='ocrx_word' id='word_1_111' title='bbox 1185 1348 1534 1396; x_wconf 78' lang='lat' dir='ltr'><strong>argumentum</strong></span> <span class='ocrx_word' id='word_1_112' title='bbox 1559 1339 1621 1384; x_wconf 89' lang='lat' dir='ltr'><strong>ad</strong></span> <span class='ocrx_word' id='word_1_113' title='bbox 1650 1339 1933 1395; x_wconf 87' lang='lat' dir='ltr'><strong>scrupulum</strong></span> 
     </span>
     <span class='ocr_line' id='line_1_15' title="bbox 318 1415 1940 1462; baseline -0.001 0"><span class='ocrx_word' id='word_1_114' title='bbox 318 1417 446 1462; x_wconf 91' lang='lat' dir='ltr'><strong>hunc</strong></span> <span class='ocrx_word' id='word_1_115' title='bbox 470 1417 665 1462; x_wconf 89' lang='lat' dir='ltr'><strong>omnino</strong></span> <span class='ocrx_word' id='word_1_116' title='bbox 689 1433 752 1462; x_wconf 80' lang='lat' dir='ltr'><strong>ex</strong></span> <span class='ocrx_word' id='word_1_117' title='bbox 775 1417 939 1462; x_wconf 90' lang='lat' dir='ltr'><strong>animo</strong></span> <span class='ocrx_word' id='word_1_118' title='bbox 969 1416 1293 1461; x_wconf 85' lang='lat' dir='ltr'><strong>euellendum.</strong></span> <span class='ocrx_word' id='word_1_119' title='bbox 1317 1417 1381 1461; x_wconf 85' lang='lat' dir='ltr'><strong>Et</strong></span> <span class='ocrx_word' id='word_1_120' title='bbox 1405 1417 1517 1462; x_wconf 92' lang='lat' dir='ltr'><strong>licet</strong></span> <span class='ocrx_word' id='word_1_121' title='bbox 1552 1416 1715 1462; x_wconf 87' lang='lat' dir='ltr'><strong>diuina</strong></span> <span class='ocrx_word' id='word_1_122' title='bbox 1745 1415 1940 1461; x_wconf 82' lang='lat' dir='ltr'><strong>bonitas</strong></span> 
     </span>
     <span class='ocr_line' id='line_1_16' title="bbox 317 1494 1939 1550; baseline -0.001 -11"><span class='ocrx_word' id='word_1_123' title='bbox 317 1495 381 1539; x_wconf 91' lang='lat' dir='ltr'><strong>ad</strong></span> <span class='ocrx_word' id='word_1_124' title='bbox 404 1494 606 1539; x_wconf 89' lang='lat' dir='ltr'><strong>maioris</strong></span> <span class='ocrx_word' id='word_1_125' title='bbox 631 1494 790 1539; x_wconf 87' lang='lat' dir='ltr'><strong>meriti</strong></span> <span class='ocrx_word' id='word_1_126' title='bbox 820 1504 1140 1550; x_wconf 81' lang='lat' dir='ltr'><strong>augmentum</strong></span> <span class='ocrx_word' id='word_1_127' title='bbox 1175 1494 1403 1539; x_wconf 75' lang='lat' dir='ltr'><strong>daemoni</strong></span> <span class='ocrx_word' id='word_1_128' title='bbox 1438 1494 1705 1550; x_wconf 87' lang='lat' dir='ltr'><strong>permittat,</strong></span> <span class='ocrx_word' id='word_1_129' title='bbox 1743 1502 1794 1538; x_wconf 92' lang='lat' dir='ltr'><strong>ut</strong></span> <span class='ocrx_word' id='word_1_130' title='bbox 1827 1508 1939 1538; x_wconf 88' lang='lat' dir='ltr'><strong>eun-</strong></span> 
     </span>
     <span class='ocr_line' id='line_1_17' title="bbox 322 1569 1941 1627; baseline -0.001 -12"><span class='ocrx_word' id='word_1_131' title='bbox 322 1571 432 1616; x_wconf 92' lang='lat' dir='ltr'><strong>dem</strong></span> <span class='ocrx_word' id='word_1_132' title='bbox 457 1571 657 1627; x_wconf 89' lang='lat' dir='ltr'><strong>antiquo</strong></span> <span class='ocrx_word' id='word_1_133' title='bbox 682 1586 818 1615; x_wconf 91' lang='lat' dir='ltr'><strong>more</strong></span> <span class='ocrx_word' id='word_1_134' title='bbox 843 1570 1116 1625; x_wconf 72' lang='lat' dir='ltr'><strong>adoriatur,</strong></span> <span class='ocrx_word' id='word_1_135' title='bbox 1143 1586 1203 1615; x_wconf 83' lang='lat' dir='ltr'><strong>ac</strong></span> <span class='ocrx_word' id='word_1_136' title='bbox 1227 1570 1400 1615; x_wconf 90' lang='lat' dir='ltr'><strong>eodem</strong></span> <span class='ocrx_word' id='word_1_137' title='bbox 1431 1571 1663 1627; x_wconf 89' lang='lat' dir='ltr'><strong>scrupulo</strong></span> <span class='ocrx_word' id='word_1_138' title='bbox 1696 1569 1941 1615; x_wconf 89' lang='lat' dir='ltr'><strong>hominem</strong></span> 
     </span>
     <span class='ocr_line' id='line_1_18' title="bbox 319 1635 1988 1704; baseline -0.001 -12"><span class='ocrx_word' id='word_1_139' title='bbox 319 1648 533 1692; x_wconf 81' lang='lat' dir='ltr'><strong>stimulet</strong></span> <span class='ocrx_word' id='word_1_140' title='bbox 558 1663 618 1692; x_wconf 89' lang='lat' dir='ltr'><strong>ac</strong></span> <span class='ocrx_word' id='word_1_141' title='bbox 642 1656 845 1703; x_wconf 82' lang='lat' dir='ltr'><strong>pungat,</strong></span> <span class='ocrx_word' id='word_1_142' title='bbox 873 1663 981 1692; x_wconf 83' lang='lat' dir='ltr'><strong>curn</strong></span> <span class='ocrx_word' id='word_1_143' title='bbox 1007 1657 1170 1692; x_wconf 87' lang='lat' dir='ltr'><strong>tamen</strong></span> <span class='ocrx_word' id='word_1_144' title='bbox 1201 1647 1445 1704; x_wconf 91' lang='lat' dir='ltr'><strong>intelligat</strong></span> <span class='ocrx_word' id='word_1_145' title='bbox 1479 1647 1543 1692; x_wconf 91' lang='lat' dir='ltr'><strong>nil</strong></span> <span class='ocrx_word' id='word_1_146' title='bbox 1578 1647 1623 1692; x_wconf 90' lang='lat' dir='ltr'><strong>in</strong></span> <span class='ocrx_word' id='word_1_147' title='bbox 1657 1647 1751 1692; x_wconf 90' lang='lat' dir='ltr'><strong>hac</strong></span> <span class='ocrx_word' id='word_1_148' title='bbox 1784 1646 1940 1691; x_wconf 91' lang='lat' dir='ltr'><strong>solici-</strong></span> <span class='ocrx_word' id='word_1_149' title='bbox 1986 1635 1988 1639; x_wconf 49' lang='grc'><strong>’</strong></span> 
     </span>
     <span class='ocr_line' id='line_1_19' title="bbox 318 1724 1942 1780; baseline -0.001 -11"><span class='ocrx_word' id='word_1_150' title='bbox 318 1725 484 1769; x_wconf 89' lang='lat' dir='ltr'><strong>tudine</strong></span> <span class='ocrx_word' id='word_1_151' title='bbox 508 1725 872 1780; x_wconf 79' lang='lat' dir='ltr'><strong>probabilitatis</strong></span> <span class='ocrx_word' id='word_1_152' title='bbox 896 1740 1019 1780; x_wconf 82' lang='lat' dir='ltr'><strong>esse,</strong></span> <span class='ocrx_word' id='word_1_153' title='bbox 1047 1725 1131 1770; x_wconf 88' lang='lat' dir='ltr'><strong>sed</strong></span> <span class='ocrx_word' id='word_1_154' title='bbox 1157 1740 1265 1770; x_wconf 89' lang='lat' dir='ltr'><strong>esse</strong></span> <span class='ocrx_word' id='word_1_155' title='bbox 1290 1740 1479 1770; x_wconf 82' lang='lat' dir='ltr'><strong>meram</strong></span> <span class='ocrx_word' id='word_1_156' title='bbox 1505 1724 1756 1770; x_wconf 88' lang='lat' dir='ltr'><strong>daemonis</strong></span> <span class='ocrx_word' id='word_1_157' title='bbox 1790 1729 1942 1769; x_wconf 83' lang='lat' dir='ltr'><strong>tenta-</strong></span> 
     </span>
     <span class='ocr_line' id='line_1_20' title="bbox 318 1800 1943 1859; baseline -0.001 -13"><span class='ocrx_word' id='word_1_158' title='bbox 318 1801 515 1858; x_wconf 89' lang='lat' dir='ltr'><strong>tionem,</strong></span> <span class='ocrx_word' id='word_1_159' title='bbox 557 1801 790 1846; x_wconf 78' lang='lat' dir='ltr'><strong>facillime</strong></span> <span class='ocrx_word' id='word_1_160' title='bbox 830 1817 882 1846; x_wconf 88' lang='grc'><strong>56</strong></span> <span class='ocrx_word' id='word_1_161' title='bbox 921 1801 1013 1846; x_wconf 86' lang='lat' dir='ltr'><strong>Dei</strong></span> <span class='ocrx_word' id='word_1_162' title='bbox 1057 1801 1240 1846; x_wconf 84' lang='lat' dir='ltr'><strong>auxilio</strong></span> <span class='ocrx_word' id='word_1_163' title='bbox 1279 1802 1342 1848; x_wconf 91' lang='lat' dir='ltr'><strong>ab</strong></span> <span class='ocrx_word' id='word_1_164' title='bbox 1381 1817 1441 1848; x_wconf 89' lang='lat' dir='ltr'><strong>ea</strong></span> <span class='ocrx_word' id='word_1_165' title='bbox 1481 1801 1650 1847; x_wconf 85' lang='lat' dir='ltr'><strong>eximit</strong></span> <span class='ocrx_word' id='word_1_166' title='bbox 1669 1801 1712 1846; x_wconf 75' lang='lat'><strong>¹³.</strong></span> <span class='ocrx_word' id='word_1_167' title='bbox 1746 1800 1943 1859; x_wconf 77' lang='lat' dir='ltr'><strong>[Unum</strong></span> 
     </span>
     <span class='ocr_line' id='line_1_21' title="bbox 322 1879 962 1935; baseline 0 -12"><span class='ocrx_word' id='word_1_168' title='bbox 322 1879 617 1934; x_wconf 68' lang='lat' dir='ltr'><strong>exemplum</strong></span> <span class='ocrx_word' id='word_1_169' title='bbox 641 1879 962 1935; x_wconf 67' lang='lat' dir='ltr'><strong>omittimus]</strong></span> 
     </span>
    </p>

    <p class='ocr_par' dir='ltr' id='par_1_3' title="bbox 320 1954 1946 2629">
     <span class='ocr_line' id='line_1_22' title="bbox 376 1954 1943 2014; baseline -0.001 -14"><span class='ocrx_word' id='word_1_170' title='bbox 376 1955 418 2000; x_wconf 81' lang='lat'><strong>6.</strong></span> <span class='ocrx_word' id='word_1_171' title='bbox 487 1954 716 2011; x_wconf 82' lang='lat' dir='ltr'><strong>Quantus</strong></span> <span class='ocrx_word' id='word_1_172' title='bbox 742 1954 804 2000; x_wconf 92' lang='lat' dir='ltr'><strong>sit</strong></span> <span class='ocrx_word' id='word_1_173' title='bbox 828 1955 1038 2000; x_wconf 87' lang='lat' dir='ltr'><strong>aliorum</strong></span> <span class='ocrx_word' id='word_1_174' title='bbox 1063 1956 1332 2014; x_wconf 74' lang='lat' dir='ltr'><strong>profectus,</strong></span> <span class='ocrx_word' id='word_1_175' title='bbox 1360 1972 1482 2012; x_wconf 90' lang='lat' dir='ltr'><strong>quos</strong></span> <span class='ocrx_word' id='word_1_176' title='bbox 1516 1956 1562 2002; x_wconf 92' lang='lat' dir='ltr'><strong>in</strong></span> <span class='ocrx_word' id='word_1_177' title='bbox 1598 1955 1943 2001; x_wconf 88' lang='lat' dir='ltr'><strong>communioni-</strong></span> 
     </span>
     <span class='ocr_line' id='line_1_23' title="bbox 320 2031 1943 2089; baseline 0 -13"><span class='ocrx_word' id='word_1_178' title='bbox 320 2033 410 2076; x_wconf 89' lang='lat' dir='ltr'><strong>bus</strong></span> <span class='ocrx_word' id='word_1_179' title='bbox 433 2031 719 2087; x_wconf 77' lang='lat' dir='ltr'><strong>frequentes</strong></span> <span class='ocrx_word' id='word_1_180' title='bbox 745 2047 853 2077; x_wconf 89' lang='lat' dir='ltr'><strong>esse</strong></span> <span class='ocrx_word' id='word_1_181' title='bbox 878 2032 992 2089; x_wconf 83' lang='lat' dir='ltr'><strong>dixi,</strong></span> <span class='ocrx_word' id='word_1_182' title='bbox 1020 2033 1097 2077; x_wconf 92' lang='lat' dir='ltr'><strong>uel</strong></span> <span class='ocrx_word' id='word_1_183' title='bbox 1121 2033 1236 2088; x_wconf 87' lang='lat' dir='ltr'><strong>ipsis</strong></span> <span class='ocrx_word' id='word_1_184' title='bbox 1260 2033 1683 2079; x_wconf 80' lang='lat' dir='ltr'><strong>obtrectatoribus</strong></span> <span class='ocrx_word' id='word_1_185' title='bbox 1701 2041 1775 2078; x_wconf 89' lang='lat' dir='ltr'><strong>est</strong></span> <span class='ocrx_word' id='word_1_186' title='bbox 1794 2032 1943 2077; x_wconf 88' lang='lat' dir='ltr'><strong>mani-</strong></span> 
     </span>
     <span class='ocr_line' id='line_1_24' title="bbox 322 2108 1943 2166; baseline 0.001 -13"><span class='ocrx_word' id='word_1_187' title='bbox 322 2108 517 2164; x_wconf 81' lang='lat' dir='ltr'><strong>festum,</strong></span> <span class='ocrx_word' id='word_1_188' title='bbox 546 2109 756 2153; x_wconf 86' lang='lat' dir='ltr'><strong>acrescit</strong></span> <span class='ocrx_word' id='word_1_189' title='bbox 780 2108 827 2153; x_wconf 89' lang='lat' dir='ltr'><strong>in</strong></span> <span class='ocrx_word' id='word_1_190' title='bbox 851 2109 954 2154; x_wconf 92' lang='lat' dir='ltr'><strong>dies</strong></span> <span class='ocrx_word' id='word_1_191' title='bbox 977 2109 1023 2153; x_wconf 89' lang='lat' dir='ltr'><strong>in</strong></span> <span class='ocrx_word' id='word_1_192' title='bbox 1048 2109 1117 2154; x_wconf 88' lang='lat' dir='ltr'><strong>eis</strong></span> <span class='ocrx_word' id='word_1_193' title='bbox 1141 2110 1394 2166; x_wconf 83' lang='lat' dir='ltr'><strong>diligentia</strong></span> <span class='ocrx_word' id='word_1_194' title='bbox 1427 2110 1474 2155; x_wconf 91' lang='lat' dir='ltr'><strong>in</strong></span> <span class='ocrx_word' id='word_1_195' title='bbox 1509 2110 1656 2155; x_wconf 87' lang='lat' dir='ltr'><strong>animi</strong></span> <span class='ocrx_word' id='word_1_196' title='bbox 1686 2111 1943 2166; x_wconf 86' lang='lat' dir='ltr'><strong>perturba-</strong></span> 
     </span>
     <span class='ocr_line' id='line_1_25' title="bbox 323 2185 1944 2243; baseline 0.001 -13"><span class='ocrx_word' id='word_1_197' title='bbox 323 2185 537 2230; x_wconf 83' lang='lat' dir='ltr'><strong>tionibus</strong></span> <span class='ocrx_word' id='word_1_198' title='bbox 562 2185 890 2243; x_wconf 79' lang='lat' dir='ltr'><strong>corrigendis,</strong></span> <span class='ocrx_word' id='word_1_199' title='bbox 918 2195 966 2230; x_wconf 90' lang='lat' dir='ltr'><strong>et</strong></span> <span class='ocrx_word' id='word_1_200' title='bbox 989 2186 1036 2230; x_wconf 92' lang='lat' dir='ltr'><strong>in</strong></span> <span class='ocrx_word' id='word_1_201' title='bbox 1059 2187 1398 2242; x_wconf 87' lang='lat' dir='ltr'><strong>comparanda</strong></span> <span class='ocrx_word' id='word_1_202' title='bbox 1423 2187 1598 2232; x_wconf 88' lang='lat' dir='ltr'><strong>maiori</strong></span> <span class='ocrx_word' id='word_1_203' title='bbox 1622 2187 1754 2232; x_wconf 88' lang='lat' dir='ltr'><strong>uitae</strong></span> <span class='ocrx_word' id='word_1_204' title='bbox 1788 2187 1944 2243; x_wconf 79' lang='lat' dir='ltr'><strong>perfe-</strong></span> 
     </span>
     <span class='ocr_line' id='line_1_26' title="bbox 324 2263 1944 2322; baseline 0.002 -15"><span class='ocrx_word' id='word_1_205' title='bbox 324 2263 484 2308; x_wconf 88' lang='lat' dir='ltr'><strong>ctione</strong></span> <span class='ocrx_word' id='word_1_206' title='bbox 508 2272 582 2308; x_wconf 92' lang='lat' dir='ltr'><strong>est</strong></span> <span class='ocrx_word' id='word_1_207' title='bbox 605 2263 865 2308; x_wconf 87' lang='lat' dir='ltr'><strong>solicitudo</strong></span> <span class='ocrx_word' id='word_1_208' title='bbox 889 2264 1060 2320; x_wconf 89' lang='lat' dir='ltr'><strong>maior,</strong></span> <span class='ocrx_word' id='word_1_209' title='bbox 1089 2280 1183 2320; x_wconf 85' lang='lat' dir='ltr'><strong>quo</strong></span> <span class='ocrx_word' id='word_1_210' title='bbox 1207 2264 1353 2310; x_wconf 75' lang='lat' dir='ltr'><strong>facile</strong></span> <span class='ocrx_word' id='word_1_211' title='bbox 1377 2265 1647 2322; x_wconf 87' lang='lat' dir='ltr'><strong>meliusque</strong></span> <span class='ocrx_word' id='word_1_212' title='bbox 1671 2265 1837 2310; x_wconf 90' lang='lat' dir='ltr'><strong>uerbis</strong></span> <span class='ocrx_word' id='word_1_213' title='bbox 1870 2279 1944 2309; x_wconf 84' lang='lat' dir='ltr'><strong>re-</strong></span> 
     </span>
     <span class='ocr_line' id='line_1_27' title="bbox 324 2338 1945 2398; baseline 0.002 -15"><span class='ocrx_word' id='word_1_214' title='bbox 324 2338 497 2384; x_wconf 73' lang='lat' dir='ltr'><strong>fellunt</strong></span> <span class='ocrx_word' id='word_1_215' title='bbox 521 2356 693 2385; x_wconf 89' lang='lat' dir='ltr'><strong>eorum</strong></span> <span class='ocrx_word' id='word_1_216' title='bbox 719 2340 1019 2386; x_wconf 89' lang='lat' dir='ltr'><strong>obiectiones</strong></span> <span class='ocrx_word' id='word_1_217' title='bbox 1045 2347 1078 2395; x_wconf 71' lang='lat'><strong>0,</strong></span> <span class='ocrx_word' id='word_1_218' title='bbox 1107 2341 1184 2397; x_wconf 84' lang='lat' dir='ltr'><strong>qui</strong></span> <span class='ocrx_word' id='word_1_219' title='bbox 1210 2357 1457 2398; x_wconf 85' lang='lat' dir='ltr'><strong>nunquam</strong></span> <span class='ocrx_word' id='word_1_220' title='bbox 1482 2342 1709 2387; x_wconf 90' lang='lat' dir='ltr'><strong>desinunt</strong></span> <span class='ocrx_word' id='word_1_221' title='bbox 1737 2357 1838 2398; x_wconf 90' lang='lat' dir='ltr'><strong>eos,</strong></span> <span class='ocrx_word' id='word_1_222' title='bbox 1867 2342 1945 2398; x_wconf 90' lang='lat' dir='ltr'><strong>qui</strong></span> 
     </span>
     <span class='ocr_line' id='line_1_28' title="bbox 326 2419 1946 2476; baseline 0.002 -15"><span class='ocrx_word' id='word_1_223' title='bbox 326 2427 526 2462; x_wconf 83' lang='lat' dir='ltr'><strong>sanctos</strong></span> <span class='ocrx_word' id='word_1_224' title='bbox 550 2433 715 2462; x_wconf 90' lang='lat' dir='ltr'><strong>mores</strong></span> <span class='ocrx_word' id='word_1_225' title='bbox 738 2427 1008 2474; x_wconf 91' lang='lat' dir='ltr'><strong>sectantur,</strong></span> <span class='ocrx_word' id='word_1_226' title='bbox 1035 2419 1310 2464; x_wconf 85' lang='lat' dir='ltr'><strong>maledictis</strong></span> <span class='ocrx_word' id='word_1_227' title='bbox 1335 2429 1382 2464; x_wconf 92' lang='lat' dir='ltr'><strong>et</strong></span> <span class='ocrx_word' id='word_1_228' title='bbox 1411 2420 1579 2476; x_wconf 87' lang='lat' dir='ltr'><strong>probis</strong></span> <span class='ocrx_word' id='word_1_229' title='bbox 1612 2419 1861 2475; x_wconf 89' lang='lat' dir='ltr'><strong>insectari,</strong></span> <span class='ocrx_word' id='word_1_230' title='bbox 1899 2429 1946 2464; x_wconf 91' lang='lat' dir='ltr'><strong>et</strong></span> 
     </span>
     <span class='ocr_line' id='line_1_29' title="bbox 326 2494 1945 2553; baseline 0.001 -14"><span class='ocrx_word' id='word_1_231' title='bbox 326 2495 389 2539; x_wconf 79' lang='lat' dir='ltr'><strong>ab</strong></span> <span class='ocrx_word' id='word_1_232' title='bbox 413 2495 485 2551; x_wconf 84' lang='lat' dir='ltr'><strong>iis,</strong></span> <span class='ocrx_word' id='word_1_233' title='bbox 513 2510 640 2550; x_wconf 83' lang='lat' dir='ltr'><strong>quae</strong></span> <span class='ocrx_word' id='word_1_234' title='bbox 665 2494 893 2540; x_wconf 82' lang='lat' dir='ltr'><strong>Christus</strong></span> <span class='ocrx_word' id='word_1_235' title='bbox 917 2505 965 2540; x_wconf 92' lang='lat' dir='ltr'><strong>et</strong></span> <span class='ocrx_word' id='word_1_236' title='bbox 988 2496 1144 2541; x_wconf 87' lang='lat' dir='ltr'><strong>sancti</strong></span> <span class='ocrx_word' id='word_1_237' title='bbox 1169 2506 1354 2553; x_wconf 88' lang='lat' dir='ltr'><strong>patres,</strong></span> <span class='ocrx_word' id='word_1_238' title='bbox 1382 2497 1526 2542; x_wconf 91' lang='lat' dir='ltr'><strong>immo</strong></span> <span class='ocrx_word' id='word_1_239' title='bbox 1563 2512 1732 2542; x_wconf 89' lang='lat' dir='ltr'><strong>omnes</strong></span> <span class='ocrx_word' id='word_1_240' title='bbox 1757 2496 1836 2553; x_wconf 87' lang='lat' dir='ltr'><strong>qui</strong></span> <span class='ocrx_word' id='word_1_241' title='bbox 1872 2512 1945 2541; x_wconf 89' lang='lat' dir='ltr'><strong>re-</strong></span> 
     </span>
     <span class='ocr_line' id='line_1_30' title="bbox 326 2572 1833 2629; baseline 0.003 -14"><span class='ocrx_word' id='word_1_242' title='bbox 326 2581 403 2616; x_wconf 89' lang='lat' dir='ltr'><strong>cte</strong></span> <span class='ocrx_word' id='word_1_243' title='bbox 428 2572 638 2628; x_wconf 87' lang='lat' dir='ltr'><strong>sapiunt,</strong></span> <span class='ocrx_word' id='word_1_244' title='bbox 666 2582 840 2628; x_wconf 88' lang='lat' dir='ltr'><strong>aperte</strong></span> <span class='ocrx_word' id='word_1_245' title='bbox 863 2573 1086 2629; x_wconf 85' lang='lat' dir='ltr'><strong>suadent,</strong></span> <span class='ocrx_word' id='word_1_246' title='bbox 1114 2573 1302 2619; x_wconf 87' lang='lat' dir='ltr'><strong>animos</strong></span> <span class='ocrx_word' id='word_1_247' title='bbox 1326 2575 1575 2619; x_wconf 91' lang='lat' dir='ltr'><strong>hominum</strong></span> <span class='ocrx_word' id='word_1_248' title='bbox 1600 2589 1833 2619; x_wconf 85' lang='lat' dir='ltr'><strong>auocare.</strong></span> 
     </span>
    </p>

    <p class='ocr_par' dir='ltr' id='par_1_4' title="bbox 327 2649 1949 2938">
     <span class='ocr_line' id='line_1_31' title="bbox 337 2649 1946 2708; baseline 0.002 -15"><span class='ocrx_word' id='word_1_249' title='bbox 337 2683 340 2686; x_wconf 77' lang='lat'><strong>.</strong></span> <span class='ocrx_word' id='word_1_250' title='bbox 388 2650 428 2694; x_wconf 80' lang='lat'><strong>7.</strong></span> <span class='ocrx_word' id='word_1_251' title='bbox 495 2649 759 2694; x_wconf 77' lang='lat' dir='ltr'><strong>Lectiones</strong></span> <span class='ocrx_word' id='word_1_252' title='bbox 790 2650 1045 2695; x_wconf 89' lang='lat' dir='ltr'><strong>doctrinae</strong></span> <span class='ocrx_word' id='word_1_253' title='bbox 1080 2651 1396 2707; x_wconf 84' lang='lat' dir='ltr'><strong>christianae,</strong></span> <span class='ocrx_word' id='word_1_254' title='bbox 1430 2651 1490 2696; x_wconf 90' lang='lat' dir='ltr'><strong>de</strong></span> <span class='ocrx_word' id='word_1_255' title='bbox 1525 2651 1698 2708; x_wconf 89' lang='lat' dir='ltr'><strong>quibus</strong></span> <span class='ocrx_word' id='word_1_256' title='bbox 1733 2667 1820 2707; x_wconf 91' lang='lat' dir='ltr'><strong>per</strong></span> <span class='ocrx_word' id='word_1_257' title='bbox 1852 2650 1946 2706; x_wconf 92' lang='lat' dir='ltr'><strong>epi-</strong></span> 
     </span>
     <span class='ocr_line' id='line_1_32' title="bbox 330 2714 1948 2784; baseline 0.001 -14"><span class='ocrx_word' id='word_1_258' title='bbox 330 2727 506 2770; x_wconf 86' lang='lat' dir='ltr'><strong>stolam</strong></span> <span class='ocrx_word' id='word_1_259' title='bbox 547 2726 694 2770; x_wconf 75' lang='lat' dir='ltr'><strong>aliam</strong></span> <span class='ocrx_word' id='word_1_260' title='bbox 728 2726 917 2783; x_wconf 84' lang='lat' dir='ltr'><strong>scripsi,</strong></span> <span class='ocrx_word' id='word_1_261' title='bbox 960 2743 1046 2782; x_wconf 89' lang='lat' dir='ltr'><strong>per</strong></span> <span class='ocrx_word' id='word_1_262' title='bbox 1085 2736 1240 2772; x_wconf 90' lang='lat' dir='ltr'><strong>totum</strong></span> <span class='ocrx_word' id='word_1_263' title='bbox 1280 2737 1471 2783; x_wconf 87' lang='lat' dir='ltr'><strong>tempus</strong></span> <span class='ocrx_word' id='word_1_264' title='bbox 1505 2714 1948 2784; x_wconf 82' lang='lat' dir='ltr'><strong>quadragessimae</strong></span> 
     </span>
     <span class='ocr_line' id='line_1_33' title="bbox 330 2803 1948 2861; baseline 0.001 -15"><span class='ocrx_word' id='word_1_265' title='bbox 330 2803 587 2859; x_wconf 79' lang='lat' dir='ltr'><strong>durarunt3</strong></span> <span class='ocrx_word' id='word_1_266' title='bbox 625 2819 720 2846; x_wconf 85' lang='lat' dir='ltr'><strong>non</strong></span> <span class='ocrx_word' id='word_1_267' title='bbox 745 2812 909 2848; x_wconf 83' lang='lat' dir='ltr'><strong>tamen</strong></span> <span class='ocrx_word' id='word_1_268' title='bbox 936 2803 1074 2848; x_wconf 78' lang='lat' dir='ltr'><strong>fuere</strong></span> <span class='ocrx_word' id='word_1_269' title='bbox 1104 2803 1454 2861; x_wconf 88' lang='lat' dir='ltr'><strong>diuturniores,</strong></span> <span class='ocrx_word' id='word_1_270' title='bbox 1481 2815 1582 2849; x_wconf 89' lang='lat' dir='ltr'><strong>tum</strong></span> <span class='ocrx_word' id='word_1_271' title='bbox 1605 2805 1667 2849; x_wconf 95' lang='lat' dir='ltr'><strong>ob</strong></span> <span class='ocrx_word' id='word_1_272' title='bbox 1692 2803 1804 2849; x_wconf 86' lang='lat' dir='ltr'><strong>anni</strong></span> <span class='ocrx_word' id='word_1_273' title='bbox 1828 2812 1948 2848; x_wconf 91' lang='lat' dir='ltr'><strong>tem-</strong></span> 
     </span>
     <span class='ocr_line' id='line_1_34' title="bbox 327 2879 1949 2938; baseline 0.002 -16"><span class='ocrx_word' id='word_1_274' title='bbox 327 2894 417 2934; x_wconf 88' lang='lat' dir='ltr'><strong>pus</strong></span> <span class='ocrx_word' id='word_1_275' title='bbox 441 2879 794 2934; x_wconf 86' lang='lat' dir='ltr'><strong>grauissimum</strong></span> <span class='ocrx_word' id='word_1_276' title='bbox 818 2889 865 2924; x_wconf 90' lang='lat' dir='ltr'><strong>et</strong></span> <span class='ocrx_word' id='word_1_277' title='bbox 897 2879 1071 2925; x_wconf 88' lang='lat' dir='ltr'><strong>nimios</strong></span> <span class='ocrx_word' id='word_1_278' title='bbox 1102 2880 1220 2925; x_wconf 90' lang='lat' dir='ltr'><strong>solis</strong></span> <span class='ocrx_word' id='word_1_279' title='bbox 1253 2881 1477 2938; x_wconf 88' lang='lat' dir='ltr'><strong>ardores,</strong></span> <span class='ocrx_word' id='word_1_280' title='bbox 1516 2892 1617 2926; x_wconf 90' lang='lat' dir='ltr'><strong>tum</strong></span> <span class='ocrx_word' id='word_1_281' title='bbox 1653 2880 1799 2926; x_wconf 89' lang='lat' dir='ltr'><strong>etiam</strong></span> <span class='ocrx_word' id='word_1_282' title='bbox 1836 2880 1949 2937; x_wconf 88' lang='lat' dir='ltr'><strong>quia</strong></span> 
     </span>
    </p>
   </div>
   <div class='ocr_carea' id='block_1_3' title="bbox 330 3062 1946 3159">
    <p class='ocr_par' dir='ltr' id='par_1_5' title="bbox 330 3062 1946 3159">
     <span class='ocr_line' id='line_1_35' title="bbox 373 3062 1946 3109; baseline 0.002 -11"><span class='ocrx_word' id='word_1_283' title='bbox 373 3070 390 3089; x_wconf 69' lang='lat'><strong>²1</strong></span> <span class='ocrx_word' id='word_1_284' title='bbox 434 3067 475 3098; x_wconf 84' lang='lat' dir='ltr'><strong>at</strong></span> <span class='ocrx_word' id='word_1_285' title='bbox 493 3075 571 3109; x_wconf 80' lang='lat' dir='ltr'><strong>que</strong></span> <span class='ocrx_word' id='word_1_286' title='bbox 592 3074 670 3100; x_wconf 79' lang='lat' dir='ltr'><strong>ms.</strong></span> <span class='ocrx_word' id='word_1_287' title='bbox 725 3063 790 3090; x_wconf 79' lang='lat' dir='ltr'><strong>——b</strong></span> <span class='ocrx_word' id='word_1_288' title='bbox 828 3062 963 3099; x_wconf 71' lang='lat' dir='ltr'><strong>Prius</strong></span> <span class='ocrx_word' id='word_1_289' title='bbox 981 3076 1005 3099; x_wconf 86' lang='lat' dir='ltr'><strong>a</strong></span> <span class='ocrx_word' id='word_1_290' title='bbox 1022 3075 1065 3098; x_wconf 85' lang='lat' dir='ltr'><strong>se</strong></span> <span class='ocrx_word' id='word_1_291' title='bbox 1085 3062 1164 3099; x_wconf 89' lang='lat' dir='ltr'><strong>Dei</strong></span> <span class='ocrx_word' id='word_1_292' title='bbox 1179 3062 1329 3099; x_wconf 79' lang='lat' dir='ltr'><strong>auxilio</strong></span> <span class='ocrx_word' id='word_1_293' title='bbox 1351 3075 1440 3100; x_wconf 84' lang='lat' dir='ltr'><strong>eam</strong></span> <span class='ocrx_word' id='word_1_294' title='bbox 1457 3064 1609 3101; x_wconf 79' lang='lat' dir='ltr'><strong>eximit.</strong></span> <span class='ocrx_word' id='word_1_295' title='bbox 1664 3071 1726 3091; x_wconf 78' lang='lat' dir='ltr'><strong>..c</strong></span> <span class='ocrx_word' id='word_1_296' title='bbox 1761 3063 1946 3101; x_wconf 79' lang='lat' dir='ltr'><strong>Emend.</strong></span> 
     </span>
     <span class='ocr_line' id='line_1_36' title="bbox 330 3121 701 3159; baseline 0.003 -1"><span class='ocrx_word' id='word_1_297' title='bbox 330 3133 380 3158; x_wconf 76' lang='lat' dir='ltr'><strong>ex</strong></span> <span class='ocrx_word' id='word_1_298' title='bbox 399 3121 701 3159; x_wconf 77' lang='lat' dir='ltr'><strong>obiectionibus.</strong></span> 
     </span>
    </p>
   </div>
  </div>
 </body>
</html>
