2051 3516
497 377 818 414 iia—Birromo
845 378 867 411 Γ)
898 375 1131 411 Fanurmn
1163 376 1251 409 1:358
1574 372 1643 407 547

53 490 178 532 quas
198 474 296 520 ludi
315 471 729 518 claromontensis
750 471 1095 515 moderatores
1113 478 1160 513 et
1177 468 1322 512 amici
1340 467 1560 524 religiosi
1577 482 1690 511 con-

53 553 318 598 fluxerunt.
347 549 592 595 Postridie
618 564 741 593 vero
766 547 1058 593 dialecticae
1087 555 1233 602 atque
1259 545 1384 590 adeo
1410 544 1692 589 rhetoricae

54 627 472 676 concertationes,
516 641 609 671 non
651 626 754 670 sine
794 624 1036 681 applausu
1074 622 1355 667 auditorum
1392 622 1690 666 subsecutae

52 716 181 751 sunt.
203 703 610 750 Declamationes
650 700 1080 759 frequentissimae
1116 699 1242 743 varii
1278 698 1561 755 argumenti
1596 697 1689 742 hoc

53 797 183 827 anno
208 798 236 825 a
257 780 506 836 discipulis
524 778 708 824 nostris
728 778 924 823 aeditae
944 785 1071 821 sunt.
1095 773 1294 821 Graece
1315 790 1509 831 quoque
1529 774 1690 819 decla-

52 869 241 904 matum
267 867 341 903 est
360 873 390 902 a
410 857 640 913 quodam.
666 855 903 901 Carmina
923 852 1075 898 latina
1095 863 1143 897 et
1162 867 1351 909 graeca
1371 867 1400 896 a
1420 851 1686 908 discipulis,

53 935 344 982 auctoribus
369 933 623 989 magistris
653 931 922 977 Leonardo
947 940 994 975 et
1018 929 1276 974 Ludouico
1302 931 1333 979 ¹,
1362 928 1690 984 pronunciata

52 1023 165 1058 sunt
189 1028 299 1057 cum
325 1010 502 1067 insigni
523 1008 788 1055 Societatis
809 1009 1012 1061 honore,
1036 1016 1084 1052 et
1101 1005 1331 1063 juuenilis
1350 1005 1530 1061 ingenii
1551 1021 1692 1050 exer-

52 1089 285 1136 citatione
320 1103 559 1144 perquam
597 1086 716 1131 vtili.
756 1084 1060 1131 Comoediae
1094 1093 1142 1128 et
1176 1083 1359 1128 latinae
1393 1092 1441 1127 et
1475 1083 1690 1139 gallicae

53 1166 261 1211 metrica
287 1165 398 1221 lege
423 1163 756 1219 conscriptae,
785 1161 1074 1219 auctoribus
1097 1159 1356 1205 Ludouico
1382 1168 1430 1204 et
1463 1159 1692 1204 Roberto

55 1244 275 1300 Lanoys,
319 1241 568 1287 exhibitae
607 1251 720 1285 sunt
764 1239 1025 1295 aliquoties
1063 1253 1174 1282 cum
1214 1236 1393 1293 insigni
1433 1236 1600 1293 gratia
1644 1245 1693 1282 et

56 1321 218 1366 laude.

117 1412 153 1444 s.
221 1397 382 1442 Feriis
413 1396 607 1441 aestiuo
644 1406 870 1451 tempore
904 1393 981 1438 hic
1016 1392 1077 1438 D.
1116 1392 1325 1437 Nicolao
1361 1391 1686 1444 consecratis,

52 1476 220 1521 habita
255 1486 328 1520 est
364 1475 599 1531 aeigloga
631 1472 738 1531 [sic]
768 1472 826 1516 de
852 1471 1076 1516 laudibus
1111 1469 1288 1515 domini
1325 1468 1690 1514 claromontani

53 1553 286 1599 antistitis
321 1553 352 1601 2,
380 1550 684 1596 maecenatis
720 1549 986 1594 Societatis
1020 1558 1223 1591 nostrae
1258 1546 1389 1602 apud
1424 1561 1689 1590 aruernos.

56 1630 343 1686 Eodemque
369 1629 444 1674 die
469 1627 799 1684 pronunciata
835 1636 908 1671 est
943 1625 1105 1670 oratio
1140 1623 1361 1669 carmine
1387 1623 1688 1679 conscripta,

53 1707 100 1752 in
141 1705 468 1764 patrocinium
509 1714 658 1760 atque
697 1703 975 1748 encomium
1018 1707 1294 1758 poetarum.
1337 1700 1498 1745 Feriis
1537 1715 1691 1756 augu-

55 1784 271 1830 stissimo
296 1783 470 1828 altaris
495 1791 813 1827 sacramento
848 1780 1025 1824 dicatis
1049 1778 1266 1824 exhibita
1292 1788 1367 1823 est
1390 1778 1609 1834 aegloga
1635 1777 1694 1822 de

54 1862 297 1919 dignitate
336 1872 382 1905 et
422 1858 719 1904 necessitate
765 1856 1115 1913 eucharistiae3
1160 1856 1424 1912 itidemque
1469 1854 1690 1899 eiusdem

54 1938 337 1995 argumenti
363 1936 623 1982 comoedia
659 1935 859 1993 gallica,
888 1934 1129 1990 rythmice
1164 1933 1466 1989 conscripta,
1494 1932 1691 1977 interlo-

58 2015 314 2061 cutoribus
338 2013 625 2063 christiano,
655 2027 870 2069 pagano,
898 2026 1047 2056 sacra
1073 2010 1339 2066 scriptura,
1366 2008 1478 2058 fide,
1506 2008 1692 2054 humili-

55 2103 175 2144 tate,
204 2092 448 2148 magistro
473 2091 693 2148 gentium
718 2090 891 2138 Paulo,
920 2099 1134 2146 quatuor
1159 2087 1500 2144 euangelistiS,
1528 2087 1692 2132 Abra-

54 2172 218 2221 hamo,
247 2170 386 2215 Mose
411 2180 457 2214 et
483 2168 594 2214 Elia
629 2166 897 2225 prophetis.
927 2166 1079 2212 Festo
1114 2165 1466 2221 assumptionis
1502 2164 1692 2209 Beatae

54 2248 247 2293 Mariae
284 2249 342 2292 de
377 2246 596 2292 eiusdem
630 2245 860 2302 Virginis
895 2244 1233 2299 assumptione
1266 2242 1482 2287 exhibita
1516 2251 1589 2286 est
1613 2257 1692 2286 co-

55 2325 249 2371 moedia
273 2325 472 2382 gallica,
500 2322 940 2369 interlocutoribus
964 2320 1176 2378 collegio
1202 2320 1463 2365 duodecim
1497 2329 1693 2375 aposto-

54 2405 232 2458 lorum,
261 2403 523 2459 impiorum
548 2401 843 2459 judaeorum
879 2400 1078 2444 tandem
1103 2398 1496 2455 resipiscentium
1533 2406 1693 2442 cater-

55 2498 135 2535 ua,
175 2481 367 2538 virgine
402 2480 581 2529 Maria,
623 2479 751 2524 Dno.
789 2477 926 2536 Jesu,
964 2487 1010 2522 et
1045 2476 1239 2532 angelis
1273 2489 1482 2520 numero
1516 2474 1690 2519 tribus.

54 2558 328 2614 Itidemque
346 2567 464 2602 acta
482 2568 555 2601 est
575 2555 832 2601 comoedia
852 2555 1004 2600 latina
1027 2554 1124 2610 (cui
1145 2554 1316 2598 titulus
1341 2564 1447 2596 erat
1477 2550 1578 2600 «De
1598 2566 1694 2596 oue

58 2635 320 2691 perdita>›)‚
348 2634 603 2679 actoribus
627 2632 975 2681 Philochristo‚
1005 2630 1246 2686 EutropQ
1271 2628 1500 2685 Oephilo,
1522 2643 1691 2686 seruo,

55 2724 203 2769 atque
230 2711 420 2757 vicinis.
448 2710 655 2755 Decimo
691 2719 874 2754 octauo
912 2708 1129 2765 Augusti
1154 2706 1374 2751 exhibita
1399 2715 1473 2750 est
1497 2720 1693 2750 comoe-

56 2789 137 2834 dia
161 2789 344 2845 gallico
371 2802 617 2837 sermone,
645 2787 784 2832 cuius
815 2786 1090 2843 symbolum
1116 2794 1225 2829 erat
1256 2781 1692 2840 ‹Reformamini>›;

56 2867 102 2911 in
128 2882 225 2923 qua
248 2865 478 2910 nimirum
498 2865 557 2909 de
583 2864 941 2909 reformatione
961 2862 1175 2908 omnium
1196 2870 1415 2906 statuum
1440 2860 1693 2905 tractaba-

55 2954 153 2995 tur,
186 2942 625 2989 interlocutoribus
662 2941 855 2986 arbitro
891 2940 1190 2996 aequissimo
1225 2954 1338 2983 cum
1373 2938 1473 2983 suis
1507 2936 1692 2982 officia-

105 3130 114 3148 ¹
169 3128 409 3164 Leonardus
429 3127 638 3163 Masserus
658 3132 697 3162 et
717 3126 950 3162 Ludovicus
969 3124 1239 3161 Gerardinus.
1284 3151 1285 3156 ,

104 3188 116 3207 ²
169 3187 403 3225 Gulielmus
423 3200 444 3223 a
465 3187 598 3223 Prato.
