2051 3516
354 318 424 354 348
827 319 1043 356 er'rERAE
1070 320 1428 365 Qui-xmmffismsss

309 415 463 458 lectos
488 414 585 459 iam
608 423 796 459 stratos
820 412 1110 466 inuenirent,
1139 428 1227 458 nec
1252 412 1361 457 inde
1384 412 1488 457 sine
1512 412 1676 468 aliquo
1697 413 1927 458 volunta-

308 490 369 534 tis
393 505 515 535 suae
539 489 703 535 fructu
729 490 983 535 discedere
1010 492 1207 539 vellent,
1233 503 1412 544 scopas
1430 489 1493 533 ad
1513 489 1708 533 domum
1729 504 1927 534 verren-

310 567 421 611 dam
457 566 812 623 efflagitarunt.
849 567 1039 623 Quibus
1072 582 1182 611 cum
1222 580 1511 620 responsum
1551 574 1696 617 esset,
1734 566 1929 610 domum

308 642 406 687 iam
430 658 538 688 esse
562 659 778 693 versam,
807 654 859 688 vt
883 644 971 689 sibi
996 644 1200 691 vascula
1224 652 1272 686 et
1295 642 1534 686 scutellae
1564 642 1807 687 lauandae
1830 652 1929 688 tra-

309 719 544 764 derentur
574 736 884 775 summopere
919 720 1292 764 contenderunt.
1321 717 1485 763 Tanta
1519 718 1646 762 enim
1681 718 1848 763 vilium
1883 728 1931 764 et

310 796 562 841 humilium
587 812 753 841 rerum
778 797 1043 852 cupiditate
1068 811 1157 851 pro
1182 794 1381 839 Christo
1401 794 1632 851 flagrant,
1665 804 1713 839 vt
1732 794 1847 839 nihil
1870 795 1930 840 sit

309 881 410 917 tam
436 873 698 927 abiectum,
720 882 822 918 tam
848 874 1124 926 demissum,
1147 883 1263 920 tam,
1288 882 1339 916 vt
1362 871 1432 916 sic
1455 871 1633 927 dicam,
1659 871 1927 928 sordidum,

310 950 437 1005 quod
461 965 557 994 non
581 959 628 994 et
651 950 861 994 libenter
885 960 1134 1005 appetant.
1174 960 1219 993 et
1255 948 1411 992 alacri
1445 948 1609 993 animo
1642 948 1927 1004 suscipiant.

309 1025 481 1081 Neque
505 1026 551 1070 id
575 1027 734 1070 solum
758 1026 946 1071 faciunt
971 1042 1030 1070 ac
1054 1041 1174 1081 prae
1198 1041 1249 1069 se
1274 1024 1454 1081 ferunt3
1492 1024 1577 1069 sed
1610 1025 1774 1081 etiam,
1802 1025 1930 1080 quod

308 1101 500 1146 altioris
525 1102 720 1146 virtutis
744 1117 852 1147 esse
878 1102 1090 1155 videtur,
1123 1101 1212 1145 sibi
1248 1101 1410 1145 multis
1444 1101 1491 1145 in
1525 1101 1674 1145 rebus
1709 1101 1929 1145 volunta-

309 1188 407 1223 tem
431 1178 597 1235 frangi
622 1180 791 1225 volunt
824 1189 973 1234 atque
1007 1179 1223 1234 cupiunt,
1259 1178 1401 1233 idque
1435 1193 1465 1222 a
1497 1177 1707 1222 ianitore
1740 1186 1926 1233 nostro,

309 1264 363 1300 vt
385 1255 553 1306 faciat,
580 1271 927 1312 nonnunquam
951 1265 1134 1311 petunt.
1164 1255 1332 1310 ltaque
1356 1255 1582 1299 omnibus
1606 1255 1653 1299 in
1677 1255 1825 1299 rebus
1848 1255 1929 1299 bo—

308 1347 418 1376 nam
456 1333 514 1377 de
547 1348 599 1377 se
634 1348 770 1388 spem
804 1332 1112 1388 promittunt.
1151 1331 1297 1376 Faxit
1332 1331 1467 1376 Deus
1504 1342 1554 1375 vt
1587 1331 1643 1375 iis
1683 1331 1930 1387 principiis

308 1408 469 1452 exitus
493 1409 768 1453 consentiat
792 1419 939 1464 atque
964 1409 1278 1464 respondeat.

367 1484 408 1530 2.
476 1485 615 1530 Haec
638 1496 712 1530 est
736 1501 906 1530 eorum
936 1486 980 1529 in
1017 1486 1198 1530 virtute
1232 1485 1536 1541 progressio,
1575 1500 1700 1541 quae
1735 1485 1849 1529 item
1883 1485 1928 1529 in

310 1561 461 1606 literis
485 1578 579 1606 non
604 1562 765 1606 minor
790 1572 1014 1618 apparet.
1042 1562 1150 1607 Hoc
1184 1562 1310 1607 enim
1344 1562 1440 1606 iam
1473 1572 1520 1606 et
1554 1561 1931 1606 obseruauimus

309 1648 357 1682 et
380 1638 573 1693 experti
597 1654 782 1694 sumus,
809 1648 861 1682 vt
885 1654 969 1683 eos
993 1639 1038 1683 in
1064 1639 1320 1683 literarum
1343 1638 1513 1683 studiis
1547 1639 1693 1693 longe
1727 1637 1929 1694 profice-

309 1729 363 1758 re
387 1714 659 1770 videamus,
687 1730 809 1771 quos
833 1715 878 1759 in
900 1715 1082 1760 virtute
1103 1731 1295 1771 quoque
1316 1716 1519 1760 multum
1538 1715 1774 1771 progredi
1794 1715 1928 1759 intel-

308 1790 518 1846 ligimus.
548 1791 718 1846 Quare
743 1807 852 1836 cum
878 1807 952 1847 ea,
981 1808 1107 1849 quae
1132 1808 1282 1848 supra
1307 1793 1420 1843 dixi,
1457 1802 1643 1848 teneaS,
1681 1793 1850 1848 quales
1885 1793 1930 1836 in

310 1867 440 1911 omni
466 1868 691 1912 doctrina
715 1883 823 1913 esse
848 1868 1050 1924 possint.
1078 1869 1224 1914 facile
1250 1869 1434 1925 poteris
1458 1869 1714 1925 suspicari.
1744 1894 1745 1897 =

365 1943 408 1988 3.
475 1943 584 1988 Hac
608 1954 773 1989 autem
809 1956 1001 1990 aestate
1038 1947 1303 1990 nonnullae
1338 1946 1724 1990 declamationes
1759 1947 1821 1991 ab
1855 1946 1926 2001 iis,

308 2019 388 2075 qui
411 2019 599 2075 primae
625 2021 797 2065 classis
821 2034 948 2071 sunt,
978 2022 1170 2077 publice
1194 2022 1394 2067 fuerunt
1419 2023 1782 2078 pronuntiatae,
1820 2039 1928 2078 par-

307 2097 391 2140 tim
417 2097 643 2141 oratione
668 2099 844 2148 soluta,
873 2099 1050 2153 partim
1076 2100 1302 2143 versibus·
1327 2100 1558 2156 scriptae.

365 2172 406 2216 4.
475 2172 638 2230 Atque
663 2174 810 2218 etiam
834 2175 950 2219 illud
975 2175 1049 2219 hic
1074 2176 1306 2229 scribam,
1346 2176 1474 2232 quod
1509 2177 1571 2220 ad
1606 2177 1734 2220 hunc
1768 2177 1929 2220 locum

310 2248 421 2292 mihi
454 2249 648 2293 videtur
682 2250 947 2305 pertinere3
986 2262 1144 2295 morte
1180 2252 1313 2307 regis
1347 2251 1541 2296 Ioannis
1576 2251 1706 2296 tertii
1742 2251 1928 2296 nuntia-

309 2336 358 2368 ta
384 2326 415 2381 1,
443 2326 596 2369 multa
620 2341 649 2370 a
674 2326 927 2382 magistris
951 2327 1131 2372 nostris
1156 2327 1291 2372 facta
1315 2344 1424 2372 esse
1449 2329 1507 2373 de
1532 2328 1634 2373 eius
1666 2328 1799 2373 obitu
1834 2328 1928 2384 epi-

308 2410 608 2456 grammata,
636 2403 870 2447 nonnulla
895 2402 1042 2447 etiam
1067 2419 1095 2447 a
1127 2404 1389 2460 discipulis.
1417 2404 1555 2449 Haec
1590 2420 1712 2449 vero
1746 2405 1926 2460 omnia,

309 2493 403 2532 quo
428 2478 504 2522 die
530 2478 663 2534 regis
687 2480 926 2535 exequiae
951 2480 993 2523 in
1021 2482 1202 2536 templo
1227 2482 1441 2526 maximo
1476 2481 1610 2526 vrbis
1633 2481 1831 2526 fuerunt
1855 2495 1929 2525 ce-

310 2554 545 2606 lebratae,
580 2555 626 2599 in
666 2555 830 2611 templi
865 2556 1018 2600 nostri
1060 2557 1301 2602 vestibulo
1341 2573 1428 2613 per
1468 2572 1638 2602 omnes
1676 2558 1931 2602 columnas

310 2628 461 2674 affixa
484 2640 611 2686 sunt,
638 2641 784 2686 atque
809 2632 853 2675 in
880 2632 1095 2676 eiusdem
1120 2633 1286 2688 templi
1312 2634 1485 2677 valuis:
1519 2634 1581 2678 ad
1616 2649 1742 2689 quae
1772 2633 1929 2685 visen-

311 2706 371 2749 da
396 2718 441 2749 et
467 2707 677 2762 legenda
702 2708 837 2752 multi
863 2720 1237 2753 concurrerunt.
1267 2709 1378 2765 Quo
1403 2711 1548 2754 etiam
1574 2711 1648 2755 die
1673 2710 1834 2755 oratio
1859 2710 1924 2755 fu·

310 2783 473 2826 nebris
499 2784 555 2827 de
581 2785 714 2839 regis
738 2784 960 2829 laudibus
984 2800 1013 2828 a
1036 2785 1194 2830 fratre
1218 2786 1430 2842 quodam
1466 2786 1511 2830 in
1545 2788 1724 2842 templo
1758 2796 1929 2831 nostro

311 2858 478 2902 habita
504 2869 593 2910 est,
617 2860 693 2903 cui
719 2860 945 2916 orationi,
968 2871 1169 2917 praeter
1188 2876 1272 2906 eos
1293 2862 1371 2917 qui
1392 2863 1521 2917 apud
1540 2877 1629 2907 nos
1648 2862 1799 2907 literis
1818 2877 1928 2918 ope-

312 2949 417 2978 ram
443 2934 575 2987 dant,
599 2937 734 2980 multi
754 2937 833 2980 alii
854 2936 1195 2982 interfuerunt.
1224 2937 1277 2982 In
1297 2938 1469 2993 quibus
1489 2938 1577 2983 fuit
1601 2950 1647 2983 et
1673 2939 1930 2994 episcopus

359 3101 368 3117 ¹
422 3098 588 3135 Obierat
608 3100 670 3135 die
694 3101 732 3135 ll
750 3100 858 3145 junii
879 3102 996 3148 hujus
1015 3101 1121 3138 anni.
