2051 3516
557 350 880 388 loa—Commii
910 351 952 387 14
978 349 1087 396 MAJI
1117 349 1207 386 1558
1581 348 1650 384 657

128 442 170 487 2.
239 441 327 487 Est
356 457 419 487 ex
449 456 585 486 more
618 441 801 486 deuota
835 440 1099 486 admodum
1125 448 1173 484 et
1198 438 1462 496 magnifica
1495 437 1569 482 his
1603 437 1697 482 die-

68 520 159 564 bus
194 518 491 564 uenerabilis
530 518 834 563 sacramenti
860 518 995 563 facta
1019 516 1346 562 circumlatio.
1373 515 1538 561 Licuit
1570 514 1698 559 uide-

6 586 9 642 }
70 613 123 642 re
147 597 193 642 in
216 597 311 642 hac
335 596 536 642 ciuitate
566 596 746 641 multos
781 596 935 641 bonos
960 606 1007 640 et
1030 610 1150 640 uere
1184 594 1394 639 deuotos
1424 593 1563 638 uiros
1592 607 1700 637 esse

70 673 286 729 relictos,
314 689 436 729 quos
457 673 610 730 Deus,
632 688 796 730 spero,
818 672 1034 729 respicit,
1057 680 1105 717 et
1125 686 1154 716 a
1174 671 1313 716 nobis
1332 670 1701 716 haereticorum

71 751 260 796 rabiem
286 749 528 807 benignus
557 750 756 795 auertit.
783 749 897 795 Fuit
933 749 1128 806 quidem
1163 748 1242 805 qui
1275 756 1603 793 sacrosancto
1627 762 1701 791 sa-

8 858 9 862 =
72 836 329 874 eramento
353 837 470 874 tunc
493 827 731 873 honorem
765 843 862 872 non
897 826 1135 883 exhibuit,
1162 834 1247 870 aut
1272 825 1524 870 deteriora
1555 824 1703 869 etiam

8 923 9 942 ³
71 906 202 963 fecit3
239 906 324 951 sed
358 905 617 951 confestim
653 905 850 950 iubente
886 904 1185 960 magistratu
1220 919 1249 948 a
1284 902 1540 948 lictoribus
1575 917 1702 947 com-

73 984 347 1040 prehensus
370 983 416 1028 in
441 998 702 1029 carcerem
737 982 979 1027 deductus
1013 991 1103 1026 est.
1127 980 1180 1026 Id
1204 980 1333 1036 quod
1358 980 1565 1037 ipsemet
1588 979 1702 1024 uidi.

6 1063 8 1078 '³
74 1060 149 1106 Ita
173 1060 414 1106 Coloniae
449 1059 609 1117 fidem,
637 1075 786 1116 quam
811 1059 965 1104 semel
990 1057 1223 1113 suscepit,
1251 1057 1490 1102 hactenus
1521 1065 1707 1100 tutatus

74 1149 163 1196 est,
198 1147 246 1184 et
276 1138 322 1183 in
350 1137 495 1183 finem
530 1154 685 1195 usque
721 1137 956 1190 tuebitur;
984 1153 1044 1181 ne
1078 1135 1234 1181 fidelis
1271 1149 1594 1180 romanorum
1628 1133 1706 1178 de-

74 1217 204 1262 sinat
227 1231 337 1261 esse
362 1215 589 1261 Colonia.

133 1294 177 1339 3.
243 1292 297 1338 In
332 1309 428 1350 qua
463 1309 540 1338 me
574 1308 660 1349 spe
694 1292 956 1349 plurimum
989 1290 1253 1336 confirmat
1287 1290 1416 1347 quod
1449 1288 1611 1334 studia
1637 1303 1708 1333 re-

79 1373 298 1418 staurari
322 1371 588 1429 conspicio,
616 1380 664 1416 et
686 1370 993 1428 singularem
1019 1369 1113 1414 Dei
1136 1369 1183 1414 in
1209 1368 1475 1425 discipulos
1510 1375 1711 1412 nostros

76 1466 301 1496 amorem
326 1449 589 1495 manifeste
610 1448 940 1506 deprehendo.
964 1446 1211 1493 Catholici
1236 1447 1364 1492 enim
1388 1454 1500 1491 sunt
1526 1454 1574 1490 et
1598 1444 1712 1489 hae-

78 1529 348 1575 reticorum
382 1528 550 1573 hostes
585 1527 834 1584 acerrimi,
862 1541 1172 1584 quacumque
1197 1525 1347 1570 etiam
1379 1523 1573 1569 ratione
1598 1531 1713 1567 ante

20 1616 23 1619 ’
77 1607 283 1653 instituti
306 1606 505 1652 fuerint.
534 1606 615 1651 Ad
650 1605 780 1662 quod
813 1604 1075 1662 plurimum
1099 1603 1289 1649 faciunt
1312 1612 1414 1648 tum
1445 1600 1713 1647 confessio·

78 1701 164 1731 nes
188 1694 237 1731 et
261 1684 732 1730 communicationes
765 1683 976 1729 crebrae
1010 1692 1114 1728 tum
1150 1689 1538 1738 praeceptorum
1563 1678 1713 1724 etiam

79 1762 395 1820 quotidianae
429 1761 822 1807 exhortationes.
860 1759 956 1817 Qui
990 1759 1219 1817 quamuis
1259 1766 1464 1803 autores
1504 1755 1714 1813 propha-

79 1856 168 1886 nos
192 1849 446 1896 enarrent,
473 1839 558 1885 uix
581 1847 745 1884 tamen
782 1838 859 1884 uel
893 1853 1043 1883 unam
1080 1836 1341 1882 lectionem
1366 1834 1571 1887 faciunt,
1599 1833 1713 1890 quin

79 1917 291 1974 plurima
314 1916 640 1973 admisceant,
662 1931 788 1973 quae
814 1914 892 1960 uel
918 1914 1140 1960 moribus
1165 1913 1386 1958 honestis
1411 1911 1714 1965 conducant,

80 1995 160 2039 uel
198 1994 433 2052 pietatem
471 2002 818 2051 promoueant,
862 1993 940 2038 uel
979 2008 1065 2037 eos
1103 1991 1149 2037 in
1189 1991 1440 2036 catholica
1476 1989 1720 2045 religione

80 2072 390 2129 confirment,
416 2081 465 2118 et
488 2071 732 2117 aduersus
757 2070 1037 2116 haereticos
1061 2069 1297 2125 excitent,
1325 2084 1537 2125 quorum
1564 2067 1718 2112 libros

83 2151 320 2196 abiiciunt
342 2160 391 2197 et
414 2151 629 2196 uulcano
649 2149 976 2195 committunt.
1004 2148 1079 2193 Vt
1099 2149 1246 2205 plane
1266 2147 1604 2193 existimemus
1629 2145 1721 2190 dis-

83 2229 273 2286 cipulos
296 2238 495 2274 nostros
515 2244 611 2273 non
636 2228 790 2274 solum
815 2227 862 2272 in
886 2226 1136 2273 catholica
1163 2225 1404 2282 religione
1428 2238 1721 2280 perseuera-

84 2316 239 2363 turos‚
267 2306 353 2352 sed
377 2306 440 2352 ad
464 2321 822 2363 quemcumque
847 2314 1030 2350 statum
1067 2304 1216 2350 etiam
1244 2301 1580 2360 peruenerint,
1609 2301 1721 2345 hae-

85 2384 269 2430 reticos
292 2400 382 2441 pro
405 2383 628 2429 hostibus
651 2382 949 2440 capitalibus
979 2381 1255 2427 habituros.
1283 2380 1418 2425 Inter
1442 2379 1532 2423 hos
1556 2388 1722 2423 autem

85 2462 348 2507 admodum
372 2461 508 2506 multi
532 2470 645 2506 sunt
668 2471 955 2506 senatorum
976 2459 1074 2517 filii,
1097 2459 1247 2504 etiam
1271 2458 1318 2502 in
1343 2456 1618 2502 domestico
1641 2470 1726 2499 no-

87 2539 274 2584 biscum
298 2538 547 2596 conuictu,
575 2537 761 2595 quossi
785 2537 832 2582 in
856 2546 1084 2582 senatum
1109 2535 1293 2581 assumi
1320 2533 1586 2590 aliquando
1610 2547 1723 2577 con-

88 2617 265 2674 tingat,
299 2633 392 2674 quo
422 2616 469 2661 in
499 2615 791 2672 religionem
827 2614 1161 2660 orthodoxam
1198 2621 1310 2659 sunt
1344 2612 1526 2667 animO,
1554 2609 1726 2655 haere-

88 2695 177 2740 sim
214 2711 274 2740 ne
314 2695 558 2740 tantillum
597 2694 792 2751 quidem
827 2693 904 2738 hic
938 2692 1030 2738 loci
1066 2692 1295 2737 obtinere
1329 2688 1632 2746 permittent.
1672 2685 1725 2732 Si

90 2789 211 2819 uero
245 2773 412 2818 diuina
444 2772 640 2818 bonitas
685 2771 748 2817 ad
791 2770 1099 2816 Societatem
1141 2785 1282 2814 suam
1319 2783 1405 2813 eos
1447 2765 1726 2824 pertrahat,

90 2851 196 2907 quis
236 2850 427 2896 dubitat
470 2849 583 2907 quin
623 2849 730 2906 plus
769 2848 917 2894 etiam
956 2848 1004 2893 in
1049 2845 1326 2893 Germania
1364 2842 1599 2890 effecturi
1634 2843 1731 2888 sint

93 2928 228 2974 boni?
252 2928 448 2973 Verum
471 2943 569 2973 non
594 2927 736 2972 huius
762 2935 954 2972 tantum
981 2924 1195 2970 ciuitatis
1221 2922 1570 2968 adolescentes
1600 2920 1732 2965 hanc

92 3021 122 3050 a
165 3005 378 3050 Domino
423 3012 795 3062 consequuntur
849 3003 1091 3060 gratiam3
1140 3001 1225 3046 sed
1269 2998 1731 3045 circumiacentium

92 3083 240 3128 etiam
277 3082 649 3139 prouinciarum
685 3092 732 3127 et
766 3081 918 3138 ipsius
958 3077 1232 3136 superioris
1273 3076 1473 3122 nimium
1514 3075 1732 3121 afflictae

94 3159 418 3207 Germaniae.

201 3256 368 3285 LITTERAE
389 3255 690 3289 QUADRIMESTRES.
713 3254 804 3282 TOM.
828 3253 865 3282 V.
1597 3249 1630 3275 42
