2051 3516
322 269 388 306 136
779 269 995 305 LITTERAE
1022 268 1113 312 QUA
1120 276 1374 303 DR1MESTRES

271 380 505 421 exequar,
532 365 654 409 Rde.
681 365 726 409 in
752 364 901 409 Chro.
939 364 1103 416 Pater,
1141 378 1199 407 ea
1232 376 1358 405 nunc
1392 359 1607 404 referam
1642 374 1767 415 quae
1801 360 1879 405 de-

272 456 419 485 curso
443 456 624 497 mense,
651 456 761 485 cum
785 439 1046 485 Societatis
1075 437 1384 490 adminicul0,
1415 444 1517 480 tum
1548 436 1759 480 maxime
1788 435 1880 481 Dei

272 515 385 573 Opt.
414 517 545 562 Max.
573 525 683 561 sunt
706 517 884 561 eximia
908 515 1199 561 liberalitate
1229 513 1304 557 hic
1337 511 1534 557 effecta.
1571 512 1648 557 Ac
1671 513 1879 568 primum

272 593 500 649 omnium,
522 609 582 638 ne
600 594 745 648 longe
764 594 952 645 abeam,
975 591 1033 636 de
1052 590 1220 635 studiis
1235 589 1301 634 V.
1324 588 1374 633 P.
1398 589 1662 634 certiorem
1679 588 1876 634 faciam.

272 669 476 715 Decimo
501 670 665 725 quinto
689 669 799 714 Kal.
827 668 972 713 Mart.
1000 666 1308 724 gymnasium
1333 666 1395 709 ab
1419 665 1716 720 amplissimo
1740 681 1878 710 sena-

271 754 320 790 tu
346 745 483 790 nobis
508 746 738 790 collatum
763 746 773 768 ¹
801 743 981 800 aperiri
1007 743 1141 799 prius
1176 751 1400 797 coeptum
1434 750 1522 785 est.
1560 741 1769 797 Ipsoque
1803 741 1879 786 die

272 837 333 866 ex
356 822 536 866 nostris
560 821 654 866 duo
679 821 927 865 orationes
952 819 1340 876 pronuntiarunt:
1369 817 1496 862 alter
1520 817 1712 873 quidem
1732 818 1878 873 philo-

272 899 471 954 sophiae
496 899 663 942 laudes
686 913 775 941 sua
799 897 1022 941 oratione
1046 896 1345 951 complexus,
1373 895 1500 938 alter
1534 909 1654 939 uero
1688 894 1749 939 ad
1773 894 1878 939 rhe-

272 975 452 1019 torices
470 974 680 1019 studium
700 974 998 1018 iuuentutem
1016 973 1304 1016 adhortatus
1320 979 1407 1016 est.
1428 970 1690 1016 Lectiones
1705 970 1878 1027 postri-

272 1050 347 1095 die
371 1051 474 1095 eius
497 1050 587 1095 diei
612 1050 871 1095 inchoatae
895 1058 1017 1093 sunt.
1042 1048 1151 1092 Non
1175 1061 1434 1103 possumus
1464 1047 1556 1091 hoc
1581 1047 1639 1092 de
1664 1063 1759 1092 uno
1784 1063 1879 1093 non

271 1127 495 1182 grauiter
518 1127 869 1182 plurimumque
893 1126 1074 1180 dolere,
1097 1124 1225 1179 quod
1245 1125 1390 1179 longe
1410 1124 1660 1168 uberrima
1679 1123 1877 1170 foecun-

273 1202 565 1258 dissimaque
590 1202 759 1246 messis
783 1211 1060 1246 nostrorum
1087 1215 1290 1255 operam
1314 1209 1567 1255 exuperet.
1603 1200 1715 1245 Iure
1745 1201 1877 1256 equi·
1938 1208 1940 1210 ’

271 1279 378 1323 dem
402 1293 499 1322 una
522 1294 631 1322 curn
655 1278 865 1322 Domino
889 1276 1122 1332 conqueri
1142 1290 1284 1331 posse
1303 1275 1488 1320 uideor:
1512 1276 1685 1321 Messis
1704 1277 1873 1333 multa,

272 1355 483 1410 operarii
508 1363 668 1398 autem
695 1354 837 1410 pauci
861 1355 889 1397 ²³.

330 1430 370 1475 2.
437 1430 599 1475 Tanta
624 1440 695 1475 est
719 1431 844 1475 enim
865 1430 1141 1475 auditorum
1164 1429 1457 1486 frequentia,
1483 1438 1535 1473 ut
1565 1438 1612 1473 et
1636 1444 1769 1485 spem
1795 1445 1876 1474 an-

270 1508 540 1559 teuerterit,
569 1516 616 1552 et
639 1507 816 1551 mensis
840 1507 980 1551 unius
1004 1506 1262 1550 interuallo
1286 1505 1724 1562 grammaticorum
1755 1506 1876 1550 clas-

270 1598 348 1627 ses
372 1583 415 1627 in
440 1583 694 1639 angustias
717 1583 997 1627 coniecerit.
1025 1582 1194 1638 Neque
1219 1582 1366 1627 etiarn
1386 1582 1595 1638 exiguus
1615 1593 1687 1627 est
1706 1598 1877 1627 eorum

270 1675 518 1714 numerus,
546 1659 623 1715 qui
649 1660 709 1703 ad
733 1669 953 1703 nostrum
979 1659 1241 1715 collegium
1267 1659 1514 1715 anhelant,
1542 1659 1581 1704 si
1606 1659 1751 1704 modo
1784 1659 1875 1704 hoc

270 1736 423 1792 ipsum
448 1736 538 1780 illis
563 1736 805 1791 integrum
830 1735 974 1780 foret.
1002 1736 1127 1780 Nam
1152 1735 1508 1780 celeberrimae
1532 1736 1672 1780 huius
1704 1736 1876 1780 acade-

269 1813 394 1856 miae
418 1828 522 1856 mos
546 1822 691 1869 atque
715 1813 1018 1856 consuetudo
1053 1828 1081 1856 a
1116 1812 1385 1857 maioribus
1418 1812 1616 1857 inducta
1649 1821 1786 1857 uetat
1818 1827 1877 1857 ne

268 1889 322 1940 is,
350 1889 429 1946 qui
453 1889 581 1944 apud
606 1898 850 1933 rectorem
874 1889 1149 1945 quempiam
1175 1890 1324 1934 semel
1350 1888 1600 1945 professus
1620 1898 1709 1942 est,
1736 1890 1799 1933 ab
1818 1904 1876 1934 eo

268 1966 329 2010 ad
363 1966 489 2010 aliud
526 1966 800 2022 collegium,
839 1966 1159 2022 quodcunque
1194 1966 1341 2011 etiam
1376 1966 1491 2011 illud
1526 1967 1681 2022 ipsum
1711 1966 1874 2021 fuerit,

267 2042 513 2097 (quoniam
538 2043 612 2087 hic
638 2043 779 2098 plura
803 2044 930 2099 sunt)
952 2043 1102 2088 libere
1123 2044 1369 2089 traducat.
1398 2043 1490 2088 Hic
1508 2052 1582 2088 est
1600 2043 1872 2099 scrupulus,

267 2118 347 2173 qui
372 2128 418 2162 et
443 2119 785 2163 adolencentes
809 2120 937 2164 male
961 2120 1123 2176 habet,
1152 2129 1199 2165 et
1222 2120 1401 2165 inuitos
1425 2120 1468 2164 in
1496 2120 1705 2164 aliorum
1738 2135 1873 2175 gym-

267 2194 415 2238 nasiis
439 2195 628 2239 retinet.
657 2195 812 2239 Porro
840 2204 890 2240 ut
914 2196 1127 2240 nonnulli
1152 2211 1346 2252 semper
1370 2211 1476 2241 esse
1510 2195 1682 2252 solent,
1725 2195 1874 2240 maxi-

267 2285 341 2314 me
368 2286 484 2314 uero
508 2271 552 2315 in
578 2280 714 2315 tanta
739 2281 936 2327 tamque
955 2271 1201 2328 frequenti
1220 2272 1588 2318 adolescentum
1611 2273 1773 2328 turba,
1796 2273 1875 2328 qui

266 2347 501 2403 singulari
528 2348 780 2392 literarum
806 2364 976 2393 amore
1001 2358 1048 2393 et
1078 2349 1272 2405 pietatis
1303 2349 1529 2406 xpianae.
1567 2349 1726 2394 studio
1757 2349 1875 2394 effe-

268 2432 454 2478 runtur,
484 2424 549 2468 ita
575 2424 742 2479 paucis
766 2435 878 2469 ante
904 2425 1072 2470 diebus
1093 2426 1298 2482 contigit
1323 2436 1373 2471 ut
1396 2425 1590 2482 plurimi
1621 2425 1874 2470 cuiusdam

268 2500 458 2554 collegii
485 2509 727 2545 rectorem
759 2500 853 2556 (cui
888 2511 1000 2547 ante
1034 2517 1178 2557 quam
1213 2518 1431 2547 essemus
1466 2503 1674 2559 collegio
1709 2503 1875 2548 donati

268 2590 440 2619 nomen
465 2577 736 2634 dederant),
766 2578 920 2633 posito
945 2579 1136 2631 timore,
1163 2580 1475 2635 accederent,
1496 2580 1697 2624 summis
1721 2579 1872 2636 preci-
1901 2628 1909 2634 .

270 2651 357 2694 hus
380 2667 664 2707 summaque
689 2654 998 2699 contentione
1023 2654 1356 2712 efflagitantes
1380 2657 1442 2701 ab
1466 2654 1591 2700 illius
1610 2655 1760 2712 ipsius
1778 2656 1887 2701 col-⁷

270 2727 396 2781 legio
420 2729 480 2771 ad
504 2738 722 2773 nostrum
757 2730 981 2775 uidelicet
1014 2732 1287 2776 transitum.
1324 2732 1585 2778 Rationem
1620 2747 1740 2777 uero
1774 2732 1872 2777 dili-

317 2928 326 2946 ¹
381 2927 482 2963 Vide
498 2941 617 2974 supra
632 2942 721 2975 pag.
740 2930 794 2971 lo,
811 2931 868 2968 60.
885 2930 947 2968 Cf.
965 2932 1085 2967 etiam
1100 2932 1286 2977 HANSEN,
1303 2933 1772 2978 Rheim'scheAkten...,
1788 2933 1869 2972 286,-

269 2997 286 3020 s
325 2998 330 2999 ⁷
345 3013 351 3020 .

290 2998 339 3062 q?
380 3044 545 3086 INIA‘r‘l‘H,
566 3046 636 3090 IX,
653 3047 710 3082 37.
