2051 3516
330 297 400 334 296
805 297 1021 334 LITTERAE
1048 297 1394 342 QUADnmns‘ri‘Es

286 408 577 447 germanam
615 392 991 448 simplicitatem,
1034 401 1085 436 ut
1124 390 1304 446 aliquid
1344 389 1456 434 boni
1498 390 1807 446 coeperimus
1841 390 1899 435 de

286 469 389 525 ipso
427 484 647 525 sperare.
690 469 884 514 Verum
923 468 1245 513 concionator
1279 466 1426 511 etiam
1466 465 1738 512 catholicus
1772 467 1901 523 apud

286 546 554 602 spirenses,
600 545 836 601 proximis
881 545 1073 593 diebus,
1120 559 1227 588 cum
1275 542 1428 587 literis
1473 543 1899 600 commendatitiis,

285 621 541 679 egregium
561 623 925 667 adolescentem
945 621 1006 666 ad
1026 637 1113 665 nos
1134 620 1383 674 Friburgo
1402 619 1663 675 Brisgoiae
1683 619 1899 677 deduxit,

288 699 374 744 ubi
395 713 509 744 culn
528 698 794 755 Hart‘z'ngo
819 700 831 722 ¹
854 698 1151 755 professore
1165 709 1373 753 graeco,
1396 695 1509 740 uiro
1528 695 1686 753 docto,
1708 696 1903 742 habita-

289 779 450 820 uerat.
478 775 727 819 Nostrum
759 778 930 819 antem
955 788 1070 818 enm
1095 772 1434 817 comn'ctorem
1469 786 1578 817 esse
1612 773 1788 829 uoluit,
1821 789 1903 818 no-

288 852 455 907 bisque
485 861 718 907 tanquam
753 850 901 895 filium
933 849 1346 905 commendatum,
1381 857 1648 904 propterea
1681 850 1810 905 quod
1834 849 1905 905 (ut

289 927 500 983 dicebat)
525 943 614 972 nos
638 927 900 983 discipulos
923 943 1017 971 non
1043 926 1188 970 modo
1212 925 1258 969 in
1283 925 1421 970 bonis
1445 925 1615 982 literis,
1642 926 1727 970 sed
1760 926 1903 971 mori-

290 1005 378 1049 bus
396 1004 543 1049 etiam
563 1019 621 1048 ac
641 1003 910 1048 christiana
930 1003 1110 1059 pietate
1130 1001 1385 1046 instituere
1405 1002 1736 1058 cognouisset.
1757 1002 1909 1059 Quod

291 1085 462 1125 (tutem
487 1080 633 1137 apud
652 1081 913 1136 spirenses
936 1084 1043 1124 tam
1066 1079 1188 1123 hene
1213 1078 1358 1123 ondit
1376 1077 1622 1135 Societas,
1647 1079 1763 1130 feeri
1778 1083 1906 1135 puto

291 1157 728 1202 commendatione
758 1157 868 1201 eins
900 1157 989 1213 qni
1014 1155 1218 1199 sclzoloe
1242 1154 1427 1200 ibidem
1446 1159 1679 1210 praeest·
1702 1156 1747 1200 is
1770 1156 1905 1201 enim

293 1247 486 1290 magno
510 1247 603 1278 nos
627 1247 801 1278 amore
824 1232 1188 1288 complectitur.

350 1310 389 1354 2.
452 1310 589 1354 Multi
613 1319 879 1366 praeterea
913 1309 1263 1364 discipulorum
1297 1308 1551 1354 nobiscum
1576 1309 1802 1354 habitare
1827 1309 1904 1355 de-

293 1386 528 1443 siderant,
555 1387 743 1443 seipsos
778 1386 910 1431 alent
943 1394 990 1430 et
1023 1394 1178 1431 totam
1213 1385 1566 1441 supellectilem
1596 1401 1763 1431 secum
1787 1386 1906 1431 affe-

294 1472 418 1508 rent:
446 1463 638 1508 anobis
671 1472 861 1508 tantum
895 1462 1171 1508 cubiculum
1207 1462 1510 1519 obtinebunt,
1537 1471 1584 1507 et
1617 1471 1818 1508 nostrae
1842 1462 1905 1508 in-

293 1540 528 1586 stitutioni
553 1555 639 1596 per
663 1540 824 1584 omnia
847 1539 1186 1585 subiacebunt.
1210 1538 1287 1584 Ex
1317 1539 1488 1595 quibus
1512 1539 1773 1596 collegium
1796 1555 1908 1584 con-

295 1616 428 1662 stitui
451 1625 630 1672 posset,
655 1632 748 1660 non
773 1616 1005 1661 dissimile
1028 1616 1238 1671 collegio
1262 1616 1566 1672 germanico.
1593 1615 1741 1661 Vnde
1764 1616 1907 1672 pluri-

298 1708 401 1738 mos
426 1692 733 1738 doctissimos
768 1684 1106 1737 adolescentes
1130 1692 1432 1737 obuenturos
1455 1691 1707 1750 Societati,
1734 1693 1910 1737 multos

295 1770 449 1814 bonos
482 1768 755 1825 parrochos
788 1768 958 1814 uicinis
990 1768 1271 1825 prouinciis,
1298 1777 1551 1826 totamque
1586 1767 1908 1815 Germaniam

297 1846 590 1901 permultum
616 1845 878 1889 iuuandam
903 1846 1196 1901 arbitrarer,
1219 1846 1532 1901 praesertim
1554 1846 1603 1891 si
1622 1846 1741 1891 lzm‘c
1766 1846 1912 1891 alind

297 1921 622 1976 adiungatur
654 1921 923 1978 collegium
955 1926 1275 1978 pauperum:
1312 1925 1359 1966 et
1397 1922 1545 1967 alind
1576 1922 1693 1967 item
1723 1923 1912 1978 portio-

298 1998 553 2043 nz'starmn
576 2001 655 2053 (nt
678 1998 847 2053 aiunt)
866 1998 1047 2054 qm'lnts
1070 2003 1164 2054 per
1187 1998 1418 2043 redditus
1435 1999 1497 2043 de
1521 1999 1658 2044 uictu
1679 2013 1742 2044 ex
1759 2003 1912 2056 porte

293 2078 624 2130 prospectum
658 2074 769 2131 erit,
796 2074 1086 2119 cnz‘nsmoclz'
1117 2074 1261 2119 hreni
1292 2089 1384 2120 nos
1409 2075 1444 2119 -l
1469 2080 1559 2120 ant
1589 2076 1626 2120 5
1649 2075 1914 2121 lzahz'tmos

298 2151 509 2208 confido.

353 2227 396 2273 3.
462 2227 671 2284 Agimus
691 2227 890 2284 insuper
913 2237 965 2273 ut
989 2228 1233 2285 principes
1256 2244 1346 2286 pro
1371 2229 1469 2274 suis
1493 2229 1758 2285 prouinciis
1778 2230 1914 2274 alant

298 2304 426 2360 apud
449 2320 537 2349 nos
561 2304 899 2349 adolescentes
933 2305 1134 2361 aliquot:
1163 2306 1291 2361 quod
1321 2306 1493 2351 Rmus.
1521 2305 1783 2351 mindensis
1817 2305 1912 2362 epi-

298 2396 476 2437 scopus
499 2382 513 2405 2
537 2380 763 2426 facturus
786 2381 995 2426 uidetur.
1023 2381 1117 2427 Hic
1140 2382 1178 2426 si
1202 2382 1455 2439 inciperet,
1482 2382 1828 2439 propensiores
1852 2382 1913 2427 ad

298 2458 390 2502 hoc
423 2472 678 2514 sperarem
712 2457 905 2503 futuros
938 2458 1075 2503 alios.
1104 2458 1257 2515 Quod
1276 2465 1292 2485 ²³
1312 2474 1431 2504 uero
1463 2459 1737 2504 huiusmodi
1771 2459 1913 2504 colle-

300 2534 383 2590 gia
405 2534 423 2561 b
461 2533 762 2579 Germaniae
795 2533 1128 2591 Societatique
1162 2535 1329 2581 futura
1363 2540 1531 2581 essent
1563 2536 1712 2581 utilia
1732 2542 1762 2592 Ε,
1796 2549 1915 2580 uere

301 2610 463 2666 colligi
489 2626 550 2655 ex
573 2610 753 2656 nostris
776 2619 936 2667 potest
960 2611 1340 2657 conuictoribus.
1374 2611 1436 2657 Hi
1461 2612 1544 2657 uix
1572 2628 1602 2657 a
1624 2611 1864 2657 fratribus
1895 2611 1915 2638 ‘¹

348 2781 364 2800 a
432 2773 573 2819 Quam.
628 2774 694 2801 —-b
749 2774 978 2821 collegium.
1033 2782 1094 2802 -0
1148 2774 1326 2812 futurum
1361 2775 1411 2812 sit
1444 2776 1555 2813 vtile.
1612 2776 1677 2804 —d
1727 2776 1915 2814 fratribus

303 2833 460 2869 nostris.

351 2989 362 3007 ¹
409 2988 586 3034 Joannes
604 2987 830 3033 Hartingus
850 2988 1015 3025 indicari
1035 2988 1205 3024 videtur.

352 3047 365 3066 ²
414 3045 633 3093 Georgius,
655 3059 676 3082 e
695 3047 860 3084 ducibus
880 3047 1244 3084 brunsvicensibus.
