2051 3516
366 294 433 329 406
830 294 1045 331 LITTERAE
1072 296 1423 339 (JUArnzmsss‘riffls

323 396 538 432 remotas
562 403 590 431 a
615 398 784 431 nostro
809 388 929 433 orbe
952 403 1070 433 oras
1094 400 1376 444 queramus,
1400 397 1484 432 aut
1504 388 1626 432 alios
1652 388 1790 433 indos
1814 404 1933 444 quos

320 463 362 506 in
389 461 479 507 fide
510 462 689 507 docere
724 472 771 507 et
806 463 1047 509 instruere
1084 463 1340 520 possimUS,
1369 479 1478 509 cum
1504 464 1547 508 in
1573 463 1811 520 Hispania
1845 479 1935 509 nec

320 540 364 584 id
390 540 580 596 quidem
606 540 649 584 in
679 549 826 596 gente
851 541 913 585 ab
939 541 1241 585 humanitate
1267 550 1314 585 et
1338 541 1586 585 comercio
1617 540 1934 597 amplissima—

319 632 426 661 rum
458 616 650 661 urbium
686 617 845 672 posita
869 616 994 674 [sic]
1034 618 1198 673 plures
1234 618 1563 673 reperiantur,
1592 618 1668 673 qui
1707 619 1836 662 ultro
1871 618 1935 662 di-

321 702 435 738 cant
457 693 648 738 nescire
673 709 724 738 se
749 693 861 749 quid
887 694 946 739 sit
971 694 1206 749 Trinitas,
1234 704 1319 739 aut
1343 710 1468 751 quae
1488 695 1746 740 Trinitatis
1771 710 1935 751 perso-

320 786 382 815 na
408 770 604 815 mortali
640 785 729 826 pro
762 770 902 815 nobis
936 786 1086 816 carne
1121 771 1402 816 circundari
1437 771 1642 828 dignata
1675 771 1751 828 sit3
1779 780 1826 816 et
1857 772 1936 816 alii

320 847 484 892 diuam
518 846 792 903 Uirginem,
831 848 911 893 alii
946 848 1144 893 Petrum
1181 858 1228 892 et
1264 848 1469 893 Paulum
1505 849 1795 894 Trinitatem
1830 864 1937 893 esse

320 933 562 980 asserant;
590 933 637 969 et
661 923 757 968 alia
782 925 934 969 multa
959 941 1083 980 quac
1109 925 1347 981 consulto,
1376 941 1434 970 ne
1459 925 1737 980 epistolaris
1768 924 1939 969 uidear

321 1001 579 1058 angustias
614 1000 877 1046 uoluminis
912 1002 1170 1049 excedere,
1198 1010 1479 1056 praetereo.
1507 1000 1632 1057 Spes
1655 1010 1729 1045 est
1753 1010 1935 1053 tamen,

321 1079 359 1123 si
384 1078 512 1123 uotis
536 1077 663 1123 Rmi.
693 1078 957 1124 cardinalis
977 1079 1153 1123 dextra
1178 1078 1512 1134 aspirauerint
1537 1077 1750 1134 numina,
1778 1093 1937 1122 resar-

321 1155 544 1200 ciendum
570 1155 786 1199 maximo
821 1171 931 1200 cum
968 1156 1122 1205 lucro,
1150 1155 1277 1212 quod
1312 1155 1551 1200 hactenus
1586 1166 1838 1211 pastorum
1874 1154 1938 1198 in-

322 1232 461 1277 curia
485 1243 729 1278 cessatum
766 1241 854 1277 est.
883 1231 1209 1288 Summopere
1234 1232 1359 1277 enim
1385 1231 1628 1288 efflagitat
1653 1232 1741 1276 sibi
1767 1246 1937 1276 conce-

322 1309 366 1354 di
392 1309 584 1362 Patres,
612 1324 734 1365 quos
758 1309 803 1353 in
828 1325 912 1354 eas
937 1319 1104 1366 partes
1140 1309 1314 1354 mittat.
1345 1307 1499 1365 Cujus
1524 1319 1624 1353 tam
1660 1309 1746 1365 piis
1779 1318 1938 1365 postu-

322 1387 582 1432 lationibus
615 1387 730 1432 nihil
764 1386 1023 1443 quicquam
1058 1387 1229 1442 opinor
1264 1386 1498 1443 denegari
1535 1402 1692 1444 posse,
1731 1401 1939 1443 quarum

322 1479 488 1509 rerum
523 1474 750 1509 euentum
777 1464 822 1508 in
847 1464 1054 1520 proximi
1091 1464 1464 1520 quadrimestris
1498 1464 1689 1509 litteras
1716 1478 1936 1507 reseruo.

379 1541 422 1586 6.
489 1541 567 1586 Ad
594 1557 846 1598 praesens,
874 1542 1037 1587 diuina
1062 1541 1106 1586 id
1132 1541 1434 1597 benignitate
1459 1541 1718 1597 largiente,
1742 1555 1940 1596 prospe-

325 1634 381 1663 ra
406 1633 575 1663 omnes
608 1618 766 1663 salute
801 1618 1025 1672 fruimur,
1064 1628 1230 1674 preter
1266 1618 1470 1663 fratrem
1508 1633 1672 1674 unum,
1710 1617 1786 1673 qui
1829 1616 1940 1661 leui-

324 1695 444 1741 eulis
468 1696 663 1741 laborat
698 1695 934 1741 febribus.
963 1696 1217 1752 Contingit
1252 1706 1414 1741 tamen
1451 1695 1631 1752 elapsis
1665 1695 1834 1740 diebus
1869 1710 1940 1738 se-

324 1772 616 1829 ptemdecim
641 1772 781 1818 simul
805 1773 980 1818 Patres
1000 1782 1046 1818 et
1064 1773 1247 1818 fratres
1271 1773 1506 1818 catharro
1531 1772 1743 1829 quodam
1765 1771 1939 1817 febrim

325 1850 598 1895 adducente
623 1849 874 1905 laborare,
902 1850 1114 1895 omnium
1141 1859 1304 1895 autem
1330 1859 1429 1895 tam
1456 1850 1617 1895 subita
1642 1848 1729 1893 fuit
1755 1849 1940 1893 ualetu-

326 1927 404 1983 do,
432 1943 577 1983 quam
602 1927 704 1983 ipse
729 1929 929 1973 morbus
954 1927 1250 1983 repentinus.

413 2004 557 2061 Quod
597 2004 805 2060 amplius
845 2004 1023 2049 addam
1064 2005 1177 2049 nihil
1219 2005 1663 2061 inpraesentiarum
1705 1995 1940 2048 occurrit.

328 2081 380 2127 P.
417 2080 476 2126 T.
514 2080 627 2137 Opt.
671 2081 799 2126 Max.
839 2090 886 2126 et
921 2081 1203 2126 mitissimus
1239 2081 1374 2126 Iesus
1409 2081 1671 2126 uniuersae
1707 2078 1943 2125 Societati

276 2217 278 2223 k
326 2170 491 2203 seruet
516 2159 767 2214 sospitem;
791 2173 849 2202 eo
874 2158 997 2203 enim
1024 2158 1183 2215 magis
1208 2158 1418 2214 propitio
1447 2158 1552 2203 Deo
1578 2158 1643 2202 uti
1669 2173 1943 2214 speramus,

325 2234 363 2279 si
390 2235 569 2300 nostris
604 2235 849 2291 praeculis
880 2234 930 2279 P.
961 2245 1043 2279 tua
1079 2233 1299 2291 adjutrix
1333 2236 1616 2280 accesserit.
1646 2233 1800 2291 Cujus
1836 2250 1944 2279 ora-

327 2312 538 2357 tionibus
563 2327 651 2356 nec
682 2327 777 2356 non
812 2311 1111 2367 reliquorum
1148 2312 1360 2357 omnium
1396 2312 1598 2357 Patrum
1635 2312 1946 2368 fratrumque

329 2388 468 2433 isthic
492 2388 790 2433 manentium
820 2387 982 2444 juuari
1007 2388 1224 2446 obni[xe]
1250 2389 1475 2445 petimus,
1510 2398 1561 2433 ut
1601 2389 1711 2445 quid
1747 2404 1775 2433 a
1809 2388 1947 2433 nobis

329 2465 492 2510 diuina
526 2465 781 2521 Magestas
816 2464 1052 2524 requirat,
1090 2475 1137 2510 et
1172 2465 1451 2521 intelligere
1486 2475 1533 2510 et
1568 2465 1771 2521 implere
1796 2465 1946 2521 possi-

330 2540 448 2586 mus.
480 2542 645 2587 Datae
685 2542 864 2597 Burgis
898 2541 1103 2597 septimo
1137 2542 1243 2586 idus
1280 2542 1495 2587 Ianuarii
1533 2557 1661 2587 anno
1693 2557 1722 2587 a
1748 2541 1947 2587 Christo

330 2631 446 2664 nato
475 2619 600 2664 1558.

419 2695 495 2741 Ex
520 2696 753 2741 mandato
778 2696 940 2741 Patris
965 2697 1174 2741 rectoris
1200 2699 1230 2750 ¹,
1254 2696 1306 2741 P.
1330 2706 1443 2742 tuae
1469 2697 1696 2752 indignus
1722 2697 1764 2741 in
1791 2696 1945 2742 Chro.

332 2771 471 2830 filius,

1142 2855 1167 2899 ἢ·
1198 2850 1456 2896 Axromus
1490 2851 1697 2896 TURREs
1731 2860 1758 2908 †
1792 2852 1823 2896 2.

382 3033 389 3049 ¹
442 3030 602 3077 Gaspar
621 3032 667 3067 de
688 3030 895 3067 Acebedo.
920 3031 1070 3067 Laz‘nz‘z'
1089 3030 1293 3075 stomun,
1315 3030 1384 3075 III,
1406 3030 1486 3067 237.

380 3092 392 3109 ²
443 3089 548 3126 Vide
570 3092 766 3137 superius,
788 3103 878 3137 pag,
901 3090 957 3131 70,
980 3095 1114 3126 annot.
1135 3089 1168 3127 2.
