2051 3516
329 279 399 315 584
795 279 1013 316 Ll's‘rERAE
1038 280 1394 325 QUADRIMESTRES

284 374 365 429 cit,
392 383 444 418 ut
467 373 603 418 multi
628 373 707 428 qui
732 384 879 418 antea
902 374 1035 420 illum
1060 374 1287 419 deridere
1310 384 1691 430 consueuerant,
1718 376 1899 430 partim

282 447 628 505 confiteantur,
666 449 846 505 partim
880 465 932 495 se
966 450 1252 506 propediem
1286 450 1604 495 confessuros
1639 451 1896 506 pollicean-

281 535 376 569 tur.
413 524 644 570 Nonnulli
677 541 817 582 uero,
855 542 1063 583 quorum
1097 526 1156 571 de
1189 527 1348 571 salute
1383 527 1745 571 conclamatum
1770 538 1896 585 erat,

280 602 456 658 quippe
481 602 560 657 qui
584 612 668 646 aut
692 602 754 647 ad
778 603 1005 648 triremes
1037 612 1278 658 perpetuo
1312 602 1547 659 damnati,
1584 614 1670 648 aut
1700 604 1899 659 capitali

281 677 517 733 supplicio
541 677 720 722 addicti
745 677 960 734 fuerant,
988 679 1283 734 simulatque
1307 678 1520 722 confessi
1545 690 1674 734 sunt,
1702 679 1895 724 liberta-

280 764 379 798 tem
417 764 528 798 sunt
567 754 796 799 assecuti.
836 754 924 799 Est
957 765 1223 811 praeterea
1256 754 1453 810 quidam
1492 754 1618 799 inter
1656 755 1781 810 illos,
1819 756 1898 811 qui

282 831 532 887 flagellum
558 831 753 887 aliquod
778 831 1098 888 (disciplinam
1124 831 1321 886 uocant)
1355 831 1445 876 sibi
1479 833 1542 876 ab
1576 832 1748 876 eodem
1782 831 1895 877 Pre.

280 907 387 951 dari
423 907 743 952 uehementer
777 909 1008 965 postulat;
1048 918 1099 952 vt
1138 907 1331 951 interim
1370 917 1566 952 taceam
1606 908 1735 963 quod
1774 908 1898 953 alius

281 983 520 1039 quispiam
544 983 588 1027 in
614 998 672 1028 eo
696 983 801 1039 ipso
833 999 1037 1029 carcere
1071 993 1400 1039 opportunum
1436 983 1646 1039 aliquem
1682 985 1898 1029 nancisci

279 1060 441 1104 locum
465 1059 612 1115 cupit,
641 1059 720 1105 ubi
746 1061 972 1115 proxima
1007 1060 1332 1112 hebdomada,
1368 1075 1513 1116 quam
1547 1071 1771 1105 sanctam
1803 1077 1898 1106 me-

279 1135 374 1180 rito
399 1137 725 1192 nominamus,
754 1152 843 1181 sua
868 1148 1073 1192 peccata
1108 1136 1287 1181 deflere
1323 1146 1371 1181 et
1405 1137 1463 1181 de
1497 1152 1549 1181 se
1582 1137 1687 1193 ipso
1712 1153 1899 1193 poenas

280 1228 477 1257 sumere
511 1213 694 1258 ualeat.
729 1213 951 1258 Tandem
991 1214 1061 1258 sic
1100 1214 1293 1263 habeto.
1336 1212 1460 1257 Rde.
1504 1213 1605 1269 Pr„
1648 1229 1896 1270 nunquam

281 1289 506 1334 eumdem
532 1289 692 1334 Prem.
720 1305 778 1334 eo
804 1292 1062 1346 accedere,
1089 1289 1201 1347 quin
1226 1289 1401 1346 aliquis
1424 1290 1590 1335 statim
1622 1301 1671 1335 ut
1704 1291 1895 1335 concio-

277 1376 424 1410 natus
448 1375 538 1422 est,
566 1365 875 1423 confiteatur,
903 1366 981 1422 qui
1006 1382 1094 1410 sua
1119 1366 1277 1410 salute
1301 1381 1395 1410 non
1431 1376 1706 1423 contentus,
1732 1367 1896 1422 proxi-

277 1458 382 1487 mos
422 1443 570 1487 etiam
611 1443 673 1487 ad
713 1444 937 1488 eamdem
982 1443 1145 1488 studet
1189 1443 1403 1498 allicere,
1449 1443 1611 1499 itaque
1655 1444 1898 1499 tantisper

276 1519 391 1564 dum
417 1518 496 1563 Pr.
525 1535 697 1564 rursus
723 1520 992 1564 reuertitur
1015 1519 1377 1574 concionatum,
1404 1520 1587 1564 nullum
1612 1535 1705 1580 non
1732 1531 1896 1565 mouet

277 1596 504 1653 lapidem,
530 1606 582 1641 ut
606 1596 730 1641 alios
755 1597 908 1653 possit
940 1598 1001 1641 ad
1037 1596 1395 1641 confessionem
1431 1596 1704 1642 adhortari.
1734 1597 1897 1653 Atque

275 1673 419 1717 iidem
446 1688 618 1717 rursus
641 1673 684 1717 in
713 1674 918 1718 eandem
942 1689 1200 1729 sagenam,
1227 1673 1272 1717 in
1299 1688 1443 1729 quam
1478 1673 1567 1729 ipsi
1602 1673 1892 1730 inciderunt,

274 1750 396 1794 alios
437 1750 642 1806 adigere
681 1760 939 1796 conantur.
984 1750 1145 1806 Atque
1185 1751 1252 1794 ita
1297 1751 1434 1795 breui
1481 1750 1664 1794 lactum
1712 1760 1801 1805 est,
1844 1761 1896 1796 ut

277 1842 448 1871 omnes
471 1826 578 1871 fere
602 1826 947 1872 confiteantur.

333 1903 357 1913 ,-

337 1912 374 1947 l.
441 1902 612 1959 Neque
652 1919 773 1948 uero
817 1903 1008 1948 silentio
1054 1903 1398 1948 inuoluendum
1443 1903 1721 1948 existimaui
1764 1904 1894 1959 quod

274 1979 444 2036 paucis
469 1992 582 2025 ante
607 1980 777 2025 diebus
798 1980 991 2025 accidit.
1022 1980 1145 2025 Erat
1178 1981 1254 2025 hic
1288 1980 1484 2036 quidam
1518 1979 1647 2025 haud
1682 1980 1896 2024 obscuro

274 2058 384 2102 loco
409 2066 570 2114 natus,
599 2056 797 2113 capitali
821 2057 1056 2114 supplicio
1081 2057 1321 2114 addictus,
1348 2057 1427 2114 qui
1453 2056 1653 2101 militum
1678 2056 1895 2112 aliquan-

274 2134 335 2178 do
371 2134 472 2179 dux
505 2134 756 2179 extiterat.
796 2133 888 2179 Hic
921 2150 1031 2179 cum
1065 2151 1179 2179 mox
1219 2134 1379 2190 capite
1420 2133 1706 2190 plectendus
1746 2142 1892 2189 esset,

274 2220 476 2267 praeter
501 2219 784 2255 nostrorum
809 2211 1221 2267 expectationem,
1250 2211 1405 2255 noctis
1432 2210 1588 2254 medio
1614 2221 1895 2254 nostrorum

273 2287 487 2342 aliquem
512 2286 573 2331 ad
597 2302 649 2331 se
674 2287 911 2332 accersiri
935 2287 1151 2343 impense
1170 2287 1452 2343 postulauit:
1476 2301 1682 2342 cumque
1702 2286 1763 2331 ad
1783 2301 1894 2330 eum

273 2364 368 2408 duo
388 2373 672 2409 nostrorum
692 2363 857 2409 Prum.
881 2364 1206 2417 deuenissent,
1226 2373 1273 2409 et
1296 2380 1396 2408 rem
1418 2363 1632 2408 diuinam
1651 2364 1714 2407 ab
1734 2364 1895 2407 altero

272 2438 376 2484 fieri
402 2435 732 2496 impetrasset,
760 2449 1134 2485 sacrosanctum
1164 2439 1277 2496 Xpi.
1305 2455 1484 2495 corpus
1519 2439 1667 2495 (quod
1700 2454 1892 2484 summo

272 2532 382 2561 curn
404 2516 645 2561 desiderio
664 2515 1070 2572 efflagitauerat),
1093 2525 1231 2561 tanta
1250 2531 1361 2561 cum
1388 2516 1639 2572 uoluptate
1663 2516 1888 2570 suscepit.

272 2603 324 2637 ut
344 2592 390 2637 in
409 2593 533 2637 haec
553 2593 708 2638 uerba
727 2608 822 2637 non
841 2591 944 2638 sine
964 2593 1186 2637 internae
1205 2592 1390 2637 letitiae
1406 2591 1765 2648 significatione
1782 2607 1893 2647 pro-

272 2679 540 2725 rumperet:
567 2667 737 2727 JESV
761 2669 823 2714 fili
848 2669 1027 2726 Dauid,
1054 2669 1291 2714 miserere
1315 2669 1406 2714 mei
1432 2671 1462 2714 ¹.
1497 2669 1614 2714 Mox
1639 2684 1760 2713 uero
1783 2683 1893 2713 cum
1937 2724 1944 2730 ς

272 2746 335 2790 ad
353 2746 575 2802 supplicii
595 2747 754 2791 locum
774 2747 1055 2802 duceretur,
1078 2761 1140 2790 ex
1159 2745 1384 2801 corporis
1404 2754 1549 2801 gestu
1568 2746 1803 2800 uultuque
1824 2745 1893 2789 fa-

270 2823 362 2867 cile
386 2834 493 2867 erat
517 2824 781 2879 coniicere,
809 2824 941 2868 illum
965 2832 1249 2868 nostrorum
1274 2831 1540 2878 conspectu
1575 2822 1893 2867 uehementer

271 2914 512 2944 recrearh

318 3065 328 3083 ¹
380 3063 499 3105 Luc..
521 3064 676 3108 XVIII,
697 3064 754 3101 38.
