2051 3516
394 286 460 322 184
852 288 1071 324 LITTERAE
1097 287 1450 333 QUADRIMESTRES

344 386 464 431 nicis
488 399 534 432 et
558 387 746 433 festiuis
770 389 1106 445 pomeridiano
1140 398 1361 444 tempore
1396 388 1751 445 interpretatur
1782 389 1828 434 in
1862 391 1956 436 col-

344 463 473 519 legio
507 473 678 510 nostro
716 465 1067 510 catechismum
1106 465 1158 510 P.
1202 464 1407 522 Canisii3
1454 465 1725 511 sabbatinis
1769 482 1957 524 quoque

343 540 527 595 diebus,
556 541 804 597 sequentis
828 541 920 587 diei
944 542 1257 597 euangelium
1281 552 1327 586 et
1352 541 1608 597 epistolam
1633 549 1665 599 ³,
1693 558 1787 600 quo
1821 542 1872 589 fit
1908 555 1958 589 ut

342 617 419 662 ille
444 618 657 674 quotidie
684 619 728 663 in
752 619 1002 675 theologia
1026 620 1194 676 legere
1228 627 1455 674 nequeat.
1494 617 1681 664 Omitto
1715 621 1843 676 quod
1877 621 1956 667 do-

342 695 546 740 mestica
570 711 692 741 cura
717 696 820 741 eius
844 696 1061 741 humeris
1084 695 1348 741 incumbat.

398 772 441 817 4.
508 770 724 818 Studiosi
749 773 902 818 nostri
937 781 1227 817 assuescunt
1261 771 1452 817 crebris
1485 772 1878 820 confessionibus
1911 785 1959 821 et

340 848 583 906 frequenti
607 850 949 895 communione
973 865 1026 894 se
1051 849 1158 895 Deo
1183 849 1464 895 conciliare.
1497 848 1710 895 Sacrum
1745 852 1958 907 quotidie

339 925 385 969 in
409 927 590 982 templo
614 926 774 971 uicino
798 926 1132 983 frequentant,
1159 941 1219 971 ac
1241 925 1370 971 inter
1394 941 1478 971 eos
1502 926 1640 971 multi
1659 927 1859 972 summis
1875 944 1956 974 uo-

341 1002 402 1047 tis
426 1003 706 1048 desiderant
731 1003 776 1048 in
801 1002 1103 1048 Societatem
1128 1002 1332 1059 admitti,
1361 1018 1482 1059 quos
1505 1012 1670 1048 tamen
1694 1004 1873 1060 partim
1898 1005 1959 1051 ob

340 1079 607 1125 discessum
630 1079 690 1124 R.
720 1080 772 1125 P.
801 1080 1048 1125 Leonardi
1074 1082 1104 1135 ¹,
1131 1079 1310 1136 partim
1336 1088 1386 1124 ut
1410 1079 1607 1136 aliquod
1638 1079 1759 1126 tanti
1783 1081 1855 1126 sui
1880 1082 1955 1128 de-

340 1155 503 1201 siderii
528 1156 771 1213 specimen
796 1157 959 1213 edant,
987 1156 1214 1201 iussimus
1240 1165 1524 1213 expectare.
1555 1209 1557 1211 ¹

396 1233 438 1278 5.
504 1233 682 1290 Adque
707 1234 761 1279 id
781 1233 799 1259 b
821 1233 958 1291 qnod
978 1233 1049 1278 ad
1069 1233 1371 1278 domesticos
1395 1233 1589 1279 attinet.
1617 1233 1724 1279 Sed
1744 1239 1800 1280 nt
1820 1239 1868 1280 et
1890 1237 1961 1281 ad

339 1309 468 1354 altos
493 1311 781 1367 ueniamus,
810 1309 1044 1366 primates
1068 1325 1235 1354 omnes
1262 1309 1430 1355 fauent
1453 1310 1609 1366 nobis,
1636 1311 1837 1356 laudant
1860 1321 1955 1358 stu-

339 1385 469 1431 dium
494 1395 541 1431 et
565 1386 874 1443 desiderium,
901 1386 1166 1431 hortantur
1189 1402 1248 1431 ne
1273 1402 1301 1431 a
1326 1395 1502 1443 coepto
1525 1402 1675 1443 opere
1708 1387 1853 1434 facile
1877 1388 1955 1434 de-

338 1463 584 1520 sistamus,
612 1463 856 1508 interdum
882 1463 1029 1508 etiam
1054 1463 1100 1508 in
1125 1463 1382 1521 conuiuiis,
1409 1479 1517 1509 cum
1542 1463 1598 1509 iis
1622 1464 1815 1522 adsunt,
1838 1481 1956 1522 quos

337 1541 557 1585 aemulos
587 1549 774 1597 putant,
813 1552 1094 1585 nostrorum
1133 1541 1435 1597 diligentiam
1469 1540 1605 1586 miris
1637 1542 1791 1588 modis
1828 1558 1956 1588 com—

337 1617 583 1673 mendant,
611 1626 662 1662 ut
686 1617 764 1662 alii
791 1616 936 1662 etiam
963 1602 1132 1663 tacere
1157 1627 1418 1674 cogantur.

393 1694 436 1739 6.
502 1694 743 1739 Dominus
768 1693 1060 1750 Gropperus
1084 1696 1227 1740 ualde
1251 1694 1415 1751 instat,
1443 1704 1545 1741 tum
1569 1696 1697 1753 apud
1720 1697 1954 1743 vniuersi-

337 1780 505 1828 tatem,
532 1781 628 1817 tum
653 1773 781 1828 apud
806 1781 1033 1817 senatum
1059 1772 1118 1817 de
1143 1772 1447 1818 restituenda
1470 1788 1593 1829 pene
1617 1774 1835 1830 collapsa
1858 1775 1954 1820 uni-

336 1849 586 1904 uersitate‚
615 1864 674 1894 ac
698 1849 1002 1905 potissimum
1028 1849 1309 1906 theologico
1333 1850 1509 1906 studio,
1537 1866 1596 1896 ac
1619 1860 1808 1896 tanturn
1826 1852 1955 1908 apud

335 1925 422 1969 hos
446 1925 672 1981 profecit,
700 1934 751 1970 ut
775 1926 871 1970 iam
897 1925 1032 1970 multi
1051 1925 1373 1970 canonicatus
1393 1926 1646 1971 uariarum
1664 1927 1954 1973 facultatum

335 2001 701 2057 professoribus
734 2001 962 2047 destinati
1001 2001 1112 2058 sint,
1156 2017 1251 2058 quo
1291 2002 1372 2047 fiet
1411 2012 1462 2047 ut
1500 2003 1753 2059 theologia
1792 1997 1955 2061 plure's

334 2093 479 2133 quam
504 2089 615 2122 octo
640 2077 953 2133 professores
977 2078 1038 2123 sit
1061 2078 1306 2133 habitura,
1331 2088 1478 2135 atque
1498 2080 1626 2125 aliae
1645 2080 1868 2126 similiter
1885 2081 1952 2127 fa-

334 2154 542 2199 cultates
566 2154 791 2210 singulae
816 2153 1215 2210 quamplurimos.
1248 2154 1462 2201 Senatus
1496 2156 1592 2201 iam
1627 2156 1689 2202 ad
1724 2158 1876 2203 multa
1909 2158 1954 2203 in

334 2231 425 2275 hac
450 2240 591 2286 parte
615 2246 666 2275 se
690 2231 945 2287 obligauit,
973 2239 1020 2276 et
1045 2231 1225 2287 optime
1250 2247 1375 2287 erga
1399 2233 1561 2278 studia
1585 2241 1634 2279 et
1658 2234 1953 2299 catholicam

334 2307 623 2362 religionem
658 2307 872 2352 affectus
907 2318 995 2364 est,
1033 2316 1083 2353 ut
1116 2318 1231 2353 ante
1265 2309 1417 2354 multa
1452 2320 1675 2367 tempora
1707 2326 1953 2368 nunquam

334 2383 520 2428 melius.
547 2382 825 2429 Sollicitant
849 2393 1111 2440 magnates
1134 2399 1319 2441 omnes,
1354 2394 1405 2430 vt
1428 2386 1644 2432 habeant
1677 2388 1949 2447 theolog0s3

333 2460 396 2505 illi
421 2459 547 2505 enim
572 2461 611 2506 si
637 2461 808 2517 desint,
835 2470 998 2506 actum
1025 2476 1133 2506 esse
1158 2461 1217 2506 de
1240 2462 1487 2508 catholica
1511 2463 1765 2520 religione.
1787 2465 1949 2511 Domi-

333 2552 422 2580 nus
446 2537 582 2582 Deus
607 2537 891 2582 benedictus
914 2537 990 2593 sit,
1018 2537 1097 2593 qui
1130 2537 1223 2583 hac
1256 2547 1356 2583 tam
1391 2538 1626 2585 tribulata
1661 2549 1951 2598 tempestate

333 2614 588 2658 nonnullos
626 2613 828 2670 excitat,
871 2614 948 2670 qui
989 2629 1109 2659 uero
1152 2616 1257 2659 zelo
1295 2615 1507 2671 gloriam
1554 2616 1646 2662 Dei
1690 2627 1947 2674 quaerunt.

334 2689 537 2734 Multum
563 2690 785 2735 existimo
808 2690 976 2735 facere
1000 2691 1306 2736 colonienses
1336 2700 1585 2748 martyres
1620 2694 1666 2738 in
1701 2710 1826 2740 vera
1858 2694 1949 2741 fide

378 2844 394 2863 ἃ
462 2837 583 2873 Haec
602 2838 633 2873 9
647 2849 712 2874 vv.
734 2843 870 2884 snpra
889 2849 996 2875 vers.
1019 2839 1172 2875 eadem
1192 2850 1330 2876 manu
1349 2842 1525 2885 scripta.
1580 2841 1645 2869 —b
1712 2842 1807 2879 Hoc
1823 2854 1862 2880 v.
1882 2853 1947 2879 su-

334 2901 412 2940 pra
432 2907 543 2932 vers.
571 2897 722 2933 eadem
743 2909 894 2935 manu.

379 3027 387 3043 ¹
439 3025 483 3062 P.
506 3025 745 3062 Leonardus
772 3026 996 3073 Kesselius,
1025 3027 1091 3074 qui
1111 3028 1284 3063 Romam
1312 3028 1361 3064 ad
1388 3028 1548 3065 comitia
1574 3029 1776 3076 profectus
1803 3030 1944 3067 fuerat.

334 3083 441 3120 Vide
463 3097 553 3131 pag.
579 3086 657 3129 139,
679 3091 812 3124 annot.
833 3086 866 3123 2.
