2051 3516
539 279 840 316 24.—B11„1„01x10
865 280 888 316 9
914 279 1152 315 FEBRUARH
1182 279 1271 314 1557
1609 280 1673 315 107

93 390 232 422 noxa
256 378 414 434 quam
438 377 616 433 tulere,
629 377 799 434 facile
821 375 1157 421 resarcienda
1181 378 1256 418 est
1288 375 1611 430 propediem,
1648 376 1720 420 m'-

93 454 285 499 miram
309 453 448 511 quod
469 454 575 499 iam
601 458 720 498 ante
745 466 943 498 annum
971 452 1100 508 ipsis
1123 451 1356 507 episcopi
1372 452 1723 507 promissione

92 531 398 586 destinatus,
442 530 710 586 repulsam
739 530 918 586 passis
942 528 1344 583 ln‘le‘omensz'bzls,
1381 528 1715 573 claromonta-

94 608 196 663 m‘s,
234 607 613 665 ryomensz‘bzts,
652 606 975 657 ambertz'nz's,
1019 605 1498 662 aqztasparsam‘sl,
1541 605 1719 662 bryon-

93 683 336 729 densz'bzts
372 684 429 740 (a
452 684 637 741 quibus
661 684 712 728 in
738 683 958 728 alteram
992 682 1476 739 quadragesimam,
1517 686 1571 726 vt
1607 686 1656 726 et
1688 697 1721 727 a

91 760 447 818 ryomensz'bns
471 761 578 805 iam
598 760 895 816 postulatas
927 759 1083 815 sam),
1102 758 1405 814 proximam
1429 759 1721 815 quadrage-

89 838 280 882 simam
307 837 498 882 Christi
505 837 707 894 fanore
731 836 801 882 iba·
820 837 920 881 sim
944 840 1324 880 transacturus.

148 914 192 959 5.
261 914 420 959 Extra
455 914 722 959 aduentum
747 913 877 970 apud
913 913 1204 957 biliomaeos
1238 912 1579 968 frequentibus
1610 927 1721 958 con-

90 991 310 1036 cionibus
330 1006 359 1035 a
379 1006 456 1036 me
476 990 672 1044 habitis,
695 989 894 1047 pietatis
914 989 1137 1034 accessio
1157 989 1409 1033 cumulata
1428 997 1502 1033 est
1522 989 1583 1034 ad
1604 990 1722 1034 mul-

90 1077 253 1112 torum
277 1068 684 1113 consolationem.

147 1144 190 1190 6.
257 1144 309 1189 In
335 1144 539 1190 abbatia
565 1154 612 1189 et
651 1145 775 1189 vrbe
801 1143 1005 1189 blelensi
1031 1144 1062 1199 ²,
1090 1142 1201 1187 hinc
1226 1151 1339 1188 octo
1374 1143 1546 1188 dissita
1569 1143 1722 1188 milia-

93 1222 244 1279 ribus,
271 1222 318 1266 in
342 1222 518 1278 oppido
554 1220 604 1266 S.
642 1221 858 1266 Amandi
891 1220 1085 1265 nomine
1119 1219 1368 1276 insignito,
1407 1220 1452 1264 in
1488 1220 1720 1276 oppidulo

89 1298 259 1344 Vsson
283 1308 330 1344 et
361 1299 548 1355 aliquot
583 1299 723 1355 pagis
757 1297 930 1343 vicinis
964 1297 1224 1354 aliquoties
1258 1297 1597 1354 concionatUS,
1636 1299 1722 1343 bo-

89 1390 209 1420 num
234 1375 418 1421 Christi
443 1376 651 1421 odorem
676 1375 816 1421 verbi
842 1375 1126 1432 fragrantia
1150 1375 1319 1431 sparsi
1337 1382 1379 1420 ὃ.

150 1454 188 1498 7.
257 1453 554 1510 Importunis
578 1454 808 1510 precibus
847 1453 1117 1509 petentium
1149 1452 1401 1509 refragari
1435 1453 1565 1497 haud
1601 1468 1720 1498 raro

91 1532 332 1587 cogimur.
376 1530 639 1576 Vocamur
683 1531 897 1575 maxime
934 1530 995 1575 ad
1036 1530 1338 1575 celebriores
1378 1530 1717 1588 solennitateS,

93 1608 412 1653 sacerdotum
452 1608 714 1664 primitias,
763 1607 1148 1664 supplicationes
1191 1607 1444 1661 solennes,
1487 1606 1722 1653 funebres

94 1685 346 1741 exequias,
374 1696 422 1730 et
452 1685 496 1730 id
527 1700 685 1741 genus
719 1684 888 1739 ferias,
919 1694 971 1729 vt
996 1684 1290 1741 euangelico
1325 1685 1597 1730 ministerio
1633 1685 1722 1730 has

91 1762 400 1809 decoremus.
430 1762 574 1808 Certe
597 1767 668 1807 tot
689 1767 823 1815 vota,
852 1766 923 1807 fot
942 1768 1141 1818 preces,
1175 1761 1449 1807 Societatis
1474 1762 1622 1818 apud
1643 1777 1722 1807 ar-

92 1854 280 1885 neruos
288 1841 508 1898 famam
533 1841 804 1886 nobilitant
827 1845 979 1897 atque
998 1844 1321 1897 propagant.

148 1917 191 1963 8.
259 1917 401 1964 Nunc
425 1918 487 1964 ad
522 1927 953 1963 sacramentorum
982 1917 1464 1962 administrationem
1499 1928 1721 1963 transea-

90 2011 212 2052 mus,
250 2012 378 2052 quae
417 2011 548 2041 noua
583 1996 691 2040 luce
726 2005 980 2050 stuporem
1016 1994 1243 2039 omnibus
1278 1994 1544 2040 incutiente
1579 2010 1720 2040 coru-

91 2073 262 2119 seatb.
301 2072 651 2118 Confitentium
689 2083 737 2117 et
771 2071 1066 2116 dominicum
1107 2071 1267 2116 altare
1303 2071 1721 2128 frequentantium

91 2165 327 2195 numerus
350 2149 512 2205 magis
537 2149 795 2205 magisque
819 2147 1080 2204 accrescit,
1107 2158 1155 2193 et
1179 2148 1317 2193 feriis
1341 2149 1635 2205 capitalibus
1660 2149 1722 2194 ad

90 2226 414 2272 confessionis
431 2225 687 2271 antidoton
704 2218 1039 2271 anhelantium
1057 2226 1204 2270 turba
1225 2226 1497 2282 obruimur3
1512 2242 1721 2282 quorum

91 2305 378 2361 catalogum
403 2318 667 2349 recensere
692 2318 783 2348 nec
817 2303 1005 2348 tentaui
1030 2318 1121 2347 nec
1156 2302 1303 2348 facile
1328 2319 1540 2359 possem,
1578 2304 1616 2348 si
1643 2319 1720 2349 co-

91 2396 258 2427 narer.
287 2381 440 2426 Rdus.
468 2380 782 2437 praepositus
817 2380 1062 2436 Baptista,
1100 2390 1342 2436 quatenus
1367 2396 1456 2436 per
1485 2380 1719 2426 valetudi-

92 2458 287 2504 nariam
313 2458 538 2514 corporis
562 2458 738 2502 lzexz'n‘z
769 2464 785 2484 ς
809 2466 857 2502 et
876 2457 1172 2502 domesticas
1193 2467 1342 2513 atque
1362 2457 1615 2502 extrarias
1640 2472 1718 2503 oc-

92 2535 380 2592 cupationes
404 2534 536 2590 licet,
563 2549 769 2591 operam
793 2549 933 2579 suam
958 2534 1212 2579 nobiscum
1236 2535 1451 2590 partitur
1476 2534 1521 2578 in
1553 2549 1720 2580 sacra-

91 2620 367 2657 mentorum
391 2609 816 2656 administratione
841 2611 969 2656 adeo
995 2611 1166 2655 ardui.
1188 2636 1197 2646 ·

150 2690 192 2735 9.
262 2689 382 2734 Dns.
421 2689 757 2745 Hieronymus
790 2698 1145 2745 praeterquam
1183 2688 1313 2744 quod
1349 2688 1597 2733 mensibus
1627 2688 1719 2734 sin-

139 2834 157 2855 a
224 2827 346 2864 etiam
365 2826 624 2863 concionatus
641 2837 744 2870 sum,
762 2830 802 2861 et
815 2824 943 2861 bonus
964 2823 1116 2861 Christi
1131 2824 1227 2860 odor
1243 2823 1355 2860 verbi
1372 2822 1597 2869 fragrantia
1612 2836 1722 2871 spar-

92 2899 158 2923 sus
177 2892 251 2923 est.
303 2886 371 2913 —b
435 2897 648 2922 coruscare
668 2885 842 2921 videtur.
903 2905 938 2910 —
950 2891 965 2911 c
1035 2884 1323 2920 habitudinem.

141 3018 151 3036 ¹
202 3015 349 3053 Incolis
367 3015 499 3062 oppidi
519 3015 794 3062 Aigueperse.

141 3076 154 3095 ²
203 3074 343 3112 Blesle
363 3087 486 3122 prope
509 3073 698 3110 Brioude.
