<?xml version="1.0" encoding="UTF-8"?>
<!DOCTYPE html PUBLIC "-//W3C//DTD XHTML 1.0 Transitional//EN"
    "http://www.w3.org/TR/xhtml1/DTD/xhtml1-transitional.dtd">
<html xmlns="http://www.w3.org/1999/xhtml" xml:lang="en" lang="en">
 <head>
  <title>
</title>
<meta http-equiv="Content-Type" content="text/html;charset=utf-8" />
  <meta name='ocr-system' content='tesseract 3.04.00' />
  <meta name='ocr-capabilities' content='ocr_page ocr_carea ocr_par ocr_line ocrx_word'/>
</head>
<body>
  <div class='ocr_page' id='page_1' title='image "./litteraequadrime17lain_0530.png"; bbox 0 0 2051 3516; ppageno 0'>
   <div class='ocr_carea' id='block_1_1' title="bbox 346 291 1445 337">
    <p class='ocr_par' dir='ltr' id='par_1_1' title="bbox 346 291 1445 337">
     <span class='ocr_line' id='line_1_1' title="bbox 346 291 1445 337; baseline 0.002 -10"><span class='ocrx_word' id='word_1_1' title='bbox 346 291 413 327; x_wconf 51' lang='lat'>431,</span> <span class='ocrx_word' id='word_1_2' title='bbox 842 291 1063 329; x_wconf 76' lang='lat' dir='ltr'><strong>LITTERAE</strong></span> <span class='ocrx_word' id='word_1_3' title='bbox 1090 291 1445 337; x_wconf 72' lang='lat' dir='ltr'>QUADRIMESTRES</span> 
     </span>
    </p>
   </div>
   <div class='ocr_carea' id='block_1_2' title="bbox 331 387 2011 2981">
    <p class='ocr_par' dir='ltr' id='par_1_2' title="bbox 332 387 2011 1751">
     <span class='ocr_line' id='line_1_2' title="bbox 337 387 1954 446; baseline 0.002 -15"><span class='ocrx_word' id='word_1_4' title='bbox 337 387 518 444; x_wconf 76' lang='lat' dir='ltr'>incipit,</span> <span class='ocrx_word' id='word_1_5' title='bbox 545 397 743 443; x_wconf 86' lang='lat' dir='ltr'>tamque</span> <span class='ocrx_word' id='word_1_6' title='bbox 768 396 815 433; x_wconf 91' lang='lat' dir='ltr'>et</span> <span class='ocrx_word' id='word_1_7' title='bbox 839 389 1198 445; x_wconf 78' lang='lat' dir='ltr'>eleaemosyni&#39;s</span> <span class='ocrx_word' id='word_1_8' title='bbox 1221 397 1268 433; x_wconf 91' lang='lat' dir='ltr'>et</span> <span class='ocrx_word' id='word_1_9' title='bbox 1292 389 1399 434; x_wconf 88' lang='lat' dir='ltr'>aliis</span> <span class='ocrx_word' id='word_1_10' title='bbox 1422 389 1511 445; x_wconf 89' lang='lat' dir='ltr'>piis</span> <span class='ocrx_word' id='word_1_11' title='bbox 1542 390 1774 446; x_wconf 75' lang='lat' dir='ltr'>operibus</span> <span class='ocrx_word' id='word_1_12' title='bbox 1809 390 1954 435; x_wconf 86' lang='lat' dir='ltr'>habe-</span> 
     </span>
     <span class='ocr_line' id='line_1_3' title="bbox 337 464 1954 521; baseline 0.001 -12"><span class='ocrx_word' id='word_1_13' title='bbox 337 481 425 510; x_wconf 89' lang='lat' dir='ltr'>nas</span> <span class='ocrx_word' id='word_1_14' title='bbox 452 464 670 520; x_wconf 81' lang='lat' dir='ltr'>remittit,</span> <span class='ocrx_word' id='word_1_15' title='bbox 697 474 749 509; x_wconf 91' lang='lat' dir='ltr'>ut</span> <span class='ocrx_word' id='word_1_16' title='bbox 772 465 909 521; x_wconf 88' lang='lat' dir='ltr'>quasi</span> <span class='ocrx_word' id='word_1_17' title='bbox 944 466 1185 521; x_wconf 88' lang='lat' dir='ltr'>quaedam</span> <span class='ocrx_word' id='word_1_18' title='bbox 1220 481 1350 510; x_wconf 91' lang='lat' dir='ltr'>noua</span> <span class='ocrx_word' id='word_1_19' title='bbox 1375 466 1457 510; x_wconf 84' lang='lat' dir='ltr'>lux</span> <span class='ocrx_word' id='word_1_20' title='bbox 1481 466 1591 511; x_wconf 88' lang='lat' dir='ltr'>huic</span> <span class='ocrx_word' id='word_1_21' title='bbox 1614 466 1828 511; x_wconf 85' lang='lat' dir='ltr'>afflictae</span> <span class='ocrx_word' id='word_1_22' title='bbox 1858 466 1954 512; x_wconf 88' lang='lat' dir='ltr'>dio-</span> 
     </span>
     <span class='ocr_line' id='line_1_4' title="bbox 336 540 1954 598; baseline 0.001 -11"><span class='ocrx_word' id='word_1_23' title='bbox 336 541 467 587; x_wconf 91' lang='lat' dir='ltr'>caesi</span> <span class='ocrx_word' id='word_1_24' title='bbox 503 540 753 586; x_wconf 75' lang='lat' dir='ltr'>affulsisse</span> <span class='ocrx_word' id='word_1_25' title='bbox 788 554 988 598; x_wconf 88' lang='lat' dir='ltr'>repente</span> <span class='ocrx_word' id='word_1_26' title='bbox 1023 542 1265 587; x_wconf 87' lang='lat' dir='ltr'>uideatur.</span> <span class='ocrx_word' id='word_1_27' title='bbox 1291 541 1357 587; x_wconf 81' lang='lat' dir='ltr'>Se</span> <span class='ocrx_word' id='word_1_28' title='bbox 1391 552 1653 598; x_wconf 81' lang='lat' dir='ltr'>praesente</span> <span class='ocrx_word' id='word_1_29' title='bbox 1687 543 1844 588; x_wconf 85' lang='lat' dir='ltr'>sacris</span> <span class='ocrx_word' id='word_1_30' title='bbox 1874 543 1954 588; x_wconf 92' lang='lat' dir='ltr'>ini-</span> 
     </span>
     <span class='ocr_line' id='line_1_5' title="bbox 335 617 1953 676; baseline 0.001 -13"><span class='ocrx_word' id='word_1_31' title='bbox 335 618 528 664; x_wconf 89' lang='lat' dir='ltr'>tiandos</span> <span class='ocrx_word' id='word_1_32' title='bbox 561 618 814 674; x_wconf 79' lang='lat' dir='ltr'>explorari</span> <span class='ocrx_word' id='word_1_33' title='bbox 847 617 1003 675; x_wconf 68' lang='lat' dir='ltr'>jubet,</span> <span class='ocrx_word' id='word_1_34' title='bbox 1032 618 1284 663; x_wconf 87' lang='lat' dir='ltr'>ordinibus</span> <span class='ocrx_word' id='word_1_35' title='bbox 1319 619 1554 675; x_wconf 80' lang='lat' dir='ltr'>proximis</span> <span class='ocrx_word' id='word_1_36' title='bbox 1588 619 1689 675; x_wconf 90' lang='lat' dir='ltr'>ipse</span> <span class='ocrx_word' id='word_1_37' title='bbox 1724 618 1953 676; x_wconf 77' lang='lat' dir='ltr'>praefuit,</span> 
     </span>
     <span class='ocr_line' id='line_1_6' title="bbox 335 695 1953 751; baseline -0.001 -11"><span class='ocrx_word' id='word_1_38' title='bbox 335 710 426 740; x_wconf 91' lang='lat' dir='ltr'>nec</span> <span class='ocrx_word' id='word_1_39' title='bbox 459 695 520 739; x_wconf 93' lang='lat' dir='ltr'>ad</span> <span class='ocrx_word' id='word_1_40' title='bbox 556 710 641 739; x_wconf 91' lang='lat' dir='ltr'>eos</span> <span class='ocrx_word' id='word_1_41' title='bbox 674 695 914 751; x_wconf 86' lang='lat' dir='ltr'>quoslibet</span> <span class='ocrx_word' id='word_1_42' title='bbox 948 695 1073 740; x_wconf 89' lang='lat' dir='ltr'>citra</span> <span class='ocrx_word' id='word_1_43' title='bbox 1107 695 1348 739; x_wconf 83' lang='lat' dir='ltr'>delectum</span> <span class='ocrx_word' id='word_1_44' title='bbox 1384 695 1813 751; x_wconf 79' lang='lat' dir='ltr'>(quemadmodum</span> <span class='ocrx_word' id='word_1_45' title='bbox 1849 695 1953 740; x_wconf 86' lang='lat' dir='ltr'>fieri</span> 
     </span>
     <span class='ocr_line' id='line_1_7' title="bbox 335 771 1954 827; baseline 0 -11"><span class='ocrx_word' id='word_1_46' title='bbox 335 780 483 816; x_wconf 88' lang='lat' dir='ltr'>antea</span> <span class='ocrx_word' id='word_1_47' title='bbox 507 771 701 816; x_wconf 90' lang='lat' dir='ltr'>solitum</span> <span class='ocrx_word' id='word_1_48' title='bbox 726 771 871 827; x_wconf 86' lang='lat' dir='ltr'>erat),</span> <span class='ocrx_word' id='word_1_49' title='bbox 897 771 982 816; x_wconf 90' lang='lat' dir='ltr'>sed</span> <span class='ocrx_word' id='word_1_50' title='bbox 1018 771 1061 815; x_wconf 93' lang='lat' dir='ltr'>in</span> <span class='ocrx_word' id='word_1_51' title='bbox 1098 771 1269 816; x_wconf 88' lang='lat' dir='ltr'>litteris</span> <span class='ocrx_word' id='word_1_52' title='bbox 1304 780 1572 827; x_wconf 85' lang='lat' dir='ltr'>prouectos</span> <span class='ocrx_word' id='word_1_53' title='bbox 1606 771 1833 816; x_wconf 90' lang='lat' dir='ltr'>admittit.</span> <span class='ocrx_word' id='word_1_54' title='bbox 1860 771 1954 816; x_wconf 90' lang='lat' dir='ltr'>Ita-</span> 
     </span>
     <span class='ocr_line' id='line_1_8' title="bbox 335 846 1953 905; baseline -0.001 -12"><span class='ocrx_word' id='word_1_55' title='bbox 335 864 428 905; x_wconf 92' lang='lat' dir='ltr'>que</span> <span class='ocrx_word' id='word_1_56' title='bbox 452 848 630 892; x_wconf 90' lang='lat' dir='ltr'>multos</span> <span class='ocrx_word' id='word_1_57' title='bbox 655 847 733 904; x_wconf 92' lang='lat' dir='ltr'>qui</span> <span class='ocrx_word' id='word_1_58' title='bbox 757 846 950 893; x_wconf 85' lang='lat' dir='ltr'>facilius</span> <span class='ocrx_word' id='word_1_59' title='bbox 984 857 1031 893; x_wconf 91' lang='lat' dir='ltr'>et</span> <span class='ocrx_word' id='word_1_60' title='bbox 1066 848 1195 892; x_wconf 91' lang='lat' dir='ltr'>nullo</span> <span class='ocrx_word' id='word_1_61' title='bbox 1230 847 1430 904; x_wconf 84' lang='lat' dir='ltr'>negotio</span> <span class='ocrx_word' id='word_1_62' title='bbox 1456 848 1519 892; x_wconf 90' lang='lat' dir='ltr'>ab</span> <span class='ocrx_word' id='word_1_63' title='bbox 1543 863 1602 892; x_wconf 90' lang='lat' dir='ltr'>eo</span> <span class='ocrx_word' id='word_1_64' title='bbox 1626 863 1800 893; x_wconf 89' lang='lat' dir='ltr'>sacros</span> <span class='ocrx_word' id='word_1_65' title='bbox 1830 848 1953 892; x_wconf 92' lang='lat' dir='ltr'>ordi-</span> 
     </span>
     <span class='ocr_line' id='line_1_9' title="bbox 334 923 1953 981; baseline 0 -12"><span class='ocrx_word' id='word_1_66' title='bbox 334 940 420 969; x_wconf 90' lang='lat' dir='ltr'>nes</span> <span class='ocrx_word' id='word_1_67' title='bbox 444 924 710 980; x_wconf 90' lang='lat' dir='ltr'>impetrare</span> <span class='ocrx_word' id='word_1_68' title='bbox 744 924 1028 980; x_wconf 79' lang='lat' dir='ltr'>sperabant,</span> <span class='ocrx_word' id='word_1_69' title='bbox 1057 939 1152 980; x_wconf 90' lang='lat' dir='ltr'>qua</span> <span class='ocrx_word' id='word_1_70' title='bbox 1187 924 1245 968; x_wconf 90' lang='lat' dir='ltr'>de</span> <span class='ocrx_word' id='word_1_71' title='bbox 1280 939 1433 969; x_wconf 88' lang='lat' dir='ltr'>causa</span> <span class='ocrx_word' id='word_1_72' title='bbox 1457 939 1541 969; x_wconf 89' lang='lat' dir='ltr'>eos</span> <span class='ocrx_word' id='word_1_73' title='bbox 1566 924 1612 968; x_wconf 94' lang='lat' dir='ltr'>in</span> <span class='ocrx_word' id='word_1_74' title='bbox 1637 923 1741 981; x_wconf 86' lang='lat' dir='ltr'>ejus</span> <span class='ocrx_word' id='word_1_75' title='bbox 1776 924 1953 969; x_wconf 84' lang='lat' dir='ltr'>aduen-</span> 
     </span>
     <span class='ocr_line' id='line_1_10' title="bbox 333 1000 1957 1057; baseline 0.001 -12"><span class='ocrx_word' id='word_1_76' title='bbox 333 1010 434 1046; x_wconf 88' lang='lat' dir='ltr'>tum</span> <span class='ocrx_word' id='word_1_77' title='bbox 471 1000 779 1057; x_wconf 87' lang='lat' dir='ltr'>distulerant,</span> <span class='ocrx_word' id='word_1_78' title='bbox 814 1016 927 1057; x_wconf 91' lang='lat' dir='ltr'>spes</span> <span class='ocrx_word' id='word_1_79' title='bbox 960 1001 1079 1047; x_wconf 87' lang='lat' dir='ltr'>haec</span> <span class='ocrx_word' id='word_1_80' title='bbox 1111 1000 1237 1056; x_wconf 89' lang='lat' dir='ltr'>lusit,</span> <span class='ocrx_word' id='word_1_81' title='bbox 1266 1017 1376 1046; x_wconf 89' lang='lat' dir='ltr'>cum</span> <span class='ocrx_word' id='word_1_82' title='bbox 1402 1001 1528 1057; x_wconf 89' lang='lat' dir='ltr'>turpi</span> <span class='ocrx_word' id='word_1_83' title='bbox 1556 1002 1753 1057; x_wconf 88' lang='lat' dir='ltr'>repulsa</span> <span class='ocrx_word' id='word_1_84' title='bbox 1777 1000 1957 1046; x_wconf 86' lang='lat' dir='ltr'>fuerint</span> 
     </span>
     <span class='ocr_line' id='line_1_11' title="bbox 333 1077 1954 1134; baseline 0 -11"><span class='ocrx_word' id='word_1_85' title='bbox 333 1078 505 1124; x_wconf 89' lang='lat' dir='ltr'>notati.</span> <span class='ocrx_word' id='word_1_86' title='bbox 532 1078 674 1134; x_wconf 84' lang='lat' dir='ltr'>Quae</span> <span class='ocrx_word' id='word_1_87' title='bbox 709 1093 789 1123; x_wconf 90' lang='lat' dir='ltr'>res</span> <span class='ocrx_word' id='word_1_88' title='bbox 822 1093 916 1122; x_wconf 90' lang='lat' dir='ltr'>non</span> <span class='ocrx_word' id='word_1_89' title='bbox 952 1078 1266 1123; x_wconf 83' lang='lat' dir='ltr'>mediocriter</span> <span class='ocrx_word' id='word_1_90' title='bbox 1300 1077 1525 1123; x_wconf 90' lang='lat' dir='ltr'>conferet</span> <span class='ocrx_word' id='word_1_91' title='bbox 1558 1078 1833 1124; x_wconf 90' lang='lat' dir='ltr'>litterarum</span> <span class='ocrx_word' id='word_1_92' title='bbox 1857 1087 1954 1124; x_wconf 87' lang='lat' dir='ltr'>stu-</span> 
     </span>
     <span class='ocr_line' id='line_1_12' title="bbox 334 1153 1954 1211; baseline 0.001 -12"><span class='ocrx_word' id='word_1_93' title='bbox 334 1155 421 1200; x_wconf 84' lang='lat' dir='ltr'>diis</span> <span class='ocrx_word' id='word_1_94' title='bbox 445 1155 810 1211; x_wconf 88' lang='lat' dir='ltr'>promouendis,</span> <span class='ocrx_word' id='word_1_95' title='bbox 838 1170 963 1211; x_wconf 88' lang='lat' dir='ltr'>quae</span> <span class='ocrx_word' id='word_1_96' title='bbox 987 1155 1056 1199; x_wconf 88' lang='lat' dir='ltr'>sic</span> <span class='ocrx_word' id='word_1_97' title='bbox 1080 1164 1194 1200; x_wconf 92' lang='lat' dir='ltr'>ante</span> <span class='ocrx_word' id='word_1_98' title='bbox 1217 1153 1464 1211; x_wconf 87' lang='lat' dir='ltr'>jacebant.</span> <span class='ocrx_word' id='word_1_99' title='bbox 1492 1155 1555 1200; x_wconf 90' lang='lat' dir='ltr'>Iis</span> <span class='ocrx_word' id='word_1_100' title='bbox 1586 1156 1733 1200; x_wconf 88' lang='lat' dir='ltr'>rebus</span> <span class='ocrx_word' id='word_1_101' title='bbox 1764 1171 1954 1201; x_wconf 88' lang='lat' dir='ltr'>sumam</span> 
     </span>
     <span class='ocr_line' id='line_1_13' title="bbox 333 1230 1955 1287; baseline 0 -11"><span class='ocrx_word' id='word_1_102' title='bbox 333 1231 392 1276; x_wconf 90' lang='lat' dir='ltr'>de</span> <span class='ocrx_word' id='word_1_103' title='bbox 430 1247 483 1276; x_wconf 89' lang='lat' dir='ltr'>se</span> <span class='ocrx_word' id='word_1_104' title='bbox 523 1230 934 1276; x_wconf 83' lang='lat' dir='ltr'>existimationem</span> <span class='ocrx_word' id='word_1_105' title='bbox 968 1231 1257 1287; x_wconf 88' lang='lat' dir='ltr'>concitauit,</span> <span class='ocrx_word' id='word_1_106' title='bbox 1293 1246 1439 1287; x_wconf 91' lang='lat' dir='ltr'>quam</span> <span class='ocrx_word' id='word_1_107' title='bbox 1474 1231 1600 1277; x_wconf 84' lang='lat' dir='ltr'>faxit</span> <span class='ocrx_word' id='word_1_108' title='bbox 1633 1232 1797 1276; x_wconf 90' lang='lat' dir='ltr'>diuina</span> <span class='ocrx_word' id='word_1_109' title='bbox 1828 1231 1955 1277; x_wconf 91' lang='lat' dir='ltr'>beni-</span> 
     </span>
     <span class='ocr_line' id='line_1_14' title="bbox 332 1307 1954 1365; baseline 0 -12"><span class='ocrx_word' id='word_1_110' title='bbox 332 1308 511 1365; x_wconf 82' lang='lat' dir='ltr'>gnitas,</span> <span class='ocrx_word' id='word_1_111' title='bbox 539 1317 590 1353; x_wconf 90' lang='lat' dir='ltr'>ut</span> <span class='ocrx_word' id='word_1_112' title='bbox 614 1308 858 1353; x_wconf 89' lang='lat' dir='ltr'>sustinere</span> <span class='ocrx_word' id='word_1_113' title='bbox 891 1319 937 1353; x_wconf 92' lang='lat' dir='ltr'>et</span> <span class='ocrx_word' id='word_1_114' title='bbox 971 1308 1094 1353; x_wconf 88' lang='lat' dir='ltr'>tueri</span> <span class='ocrx_word' id='word_1_115' title='bbox 1120 1308 1288 1364; x_wconf 88' lang='lat' dir='ltr'>possit.</span> <span class='ocrx_word' id='word_1_116' title='bbox 1316 1307 1368 1353; x_wconf 84' lang='lat' dir='ltr'>In</span> <span class='ocrx_word' id='word_1_117' title='bbox 1393 1324 1482 1353; x_wconf 91' lang='lat' dir='ltr'>nos</span> <span class='ocrx_word' id='word_1_118' title='bbox 1505 1317 1669 1354; x_wconf 88' lang='lat' dir='ltr'>autem</span> <span class='ocrx_word' id='word_1_119' title='bbox 1694 1309 1763 1353; x_wconf 88' lang='lat' dir='ltr'>sic</span> <span class='ocrx_word' id='word_1_120' title='bbox 1787 1318 1860 1354; x_wconf 88' lang='lat' dir='ltr'>est</span> <span class='ocrx_word' id='word_1_121' title='bbox 1884 1308 1954 1353; x_wconf 88' lang='lat' dir='ltr'>af-</span> 
     </span>
     <span class='ocr_line' id='line_1_15' title="bbox 334 1385 1950 1442; baseline 0 -12"><span class='ocrx_word' id='word_1_122' title='bbox 334 1385 508 1442; x_wconf 88' lang='lat' dir='ltr'>fectus,</span> <span class='ocrx_word' id='word_1_123' title='bbox 535 1394 587 1430; x_wconf 90' lang='lat' dir='ltr'>ut</span> <span class='ocrx_word' id='word_1_124' title='bbox 610 1385 774 1430; x_wconf 90' lang='lat' dir='ltr'>omnia</span> <span class='ocrx_word' id='word_1_125' title='bbox 798 1385 860 1430; x_wconf 89' lang='lat' dir='ltr'>ad</span> <span class='ocrx_word' id='word_1_126' title='bbox 885 1385 1244 1441; x_wconf 89' lang='lat' dir='ltr'>praescriptum</span> <span class='ocrx_word' id='word_1_127' title='bbox 1271 1385 1432 1430; x_wconf 81' lang='lat' dir='ltr'>Patris</span> <span class='ocrx_word' id='word_1_128' title='bbox 1459 1386 1667 1430; x_wconf 90' lang='lat' dir='ltr'>rectoris</span> <span class='ocrx_word' id='word_1_129' title='bbox 1692 1385 1860 1431; x_wconf 83' lang='lat' dir='ltr'>facere</span> <span class='ocrx_word' id='word_1_130' title='bbox 1884 1386 1950 1430; x_wconf 92' lang='lat' dir='ltr'>ui-</span> 
     </span>
     <span class='ocr_line' id='line_1_16' title="bbox 333 1461 1954 1519; baseline 0 -12"><span class='ocrx_word' id='word_1_131' title='bbox 333 1462 527 1517; x_wconf 89' lang='lat' dir='ltr'>deatur,</span> <span class='ocrx_word' id='word_1_132' title='bbox 554 1478 698 1518; x_wconf 91' lang='lat' dir='ltr'>quem</span> <span class='ocrx_word' id='word_1_133' title='bbox 722 1462 784 1507; x_wconf 92' lang='lat' dir='ltr'>ad</span> <span class='ocrx_word' id='word_1_134' title='bbox 808 1477 861 1506; x_wconf 88' lang='lat' dir='ltr'>se</span> <span class='ocrx_word' id='word_1_135' title='bbox 887 1462 931 1506; x_wconf 94' lang='lat' dir='ltr'>in</span> <span class='ocrx_word' id='word_1_136' title='bbox 954 1462 1166 1517; x_wconf 79' lang='lat' dir='ltr'>negotiis</span> <span class='ocrx_word' id='word_1_137' title='bbox 1200 1461 1367 1506; x_wconf 86' lang='lat' dir='ltr'>arduis</span> <span class='ocrx_word' id='word_1_138' title='bbox 1392 1461 1620 1519; x_wconf 90' lang='lat' dir='ltr'>admittit,</span> <span class='ocrx_word' id='word_1_139' title='bbox 1649 1463 1954 1519; x_wconf 91' lang='lat' dir='ltr'>eundemque</span> 
     </span>
     <span class='ocr_line' id='line_1_17' title="bbox 332 1538 1955 1597; baseline -0.001 -12"><span class='ocrx_word' id='word_1_140' title='bbox 332 1539 507 1585; x_wconf 83' lang='lat' dir='ltr'>adesse</span> <span class='ocrx_word' id='word_1_141' title='bbox 531 1539 686 1584; x_wconf 91' lang='lat' dir='ltr'>uoluit</span> <span class='ocrx_word' id='word_1_142' title='bbox 710 1540 753 1584; x_wconf 93' lang='lat' dir='ltr'>in</span> <span class='ocrx_word' id='word_1_143' title='bbox 780 1540 983 1585; x_wconf 89' lang='lat' dir='ltr'>decessu</span> <span class='ocrx_word' id='word_1_144' title='bbox 1008 1539 1209 1596; x_wconf 81' lang='lat' dir='ltr'>cognati</span> <span class='ocrx_word' id='word_1_145' title='bbox 1241 1538 1498 1596; x_wconf 89' lang='lat' dir='ltr'>cujusdam</span> <span class='ocrx_word' id='word_1_146' title='bbox 1523 1540 1614 1595; x_wconf 86' lang='lat' dir='ltr'>sui,</span> <span class='ocrx_word' id='word_1_147' title='bbox 1642 1539 1803 1597; x_wconf 86' lang='lat' dir='ltr'>qua[e]</span> <span class='ocrx_word' id='word_1_148' title='bbox 1829 1546 1845 1566; x_wconf 81' lang='lat'>³</span> <span class='ocrx_word' id='word_1_149' title='bbox 1875 1555 1955 1584; x_wconf 85' lang='lat' dir='ltr'>res</span> 
     </span>
     <span class='ocr_line' id='line_1_18' title="bbox 333 1616 2011 1673; baseline 0 -12"><span class='ocrx_word' id='word_1_150' title='bbox 333 1617 475 1662; x_wconf 88' lang='lat' dir='ltr'>ualde</span> <span class='ocrx_word' id='word_1_151' title='bbox 513 1616 826 1662; x_wconf 88' lang='lat' dir='ltr'>aedificatum</span> <span class='ocrx_word' id='word_1_152' title='bbox 867 1617 1022 1673; x_wconf 89' lang='lat' dir='ltr'>ipsum</span> <span class='ocrx_word' id='word_1_153' title='bbox 1063 1616 1287 1670; x_wconf 87' lang='lat' dir='ltr'>reddidit,</span> <span class='ocrx_word' id='word_1_154' title='bbox 1325 1616 1370 1661; x_wconf 92' lang='lat' dir='ltr'>id</span> <span class='ocrx_word' id='word_1_155' title='bbox 1405 1617 1532 1673; x_wconf 89' lang='lat' dir='ltr'>quod</span> <span class='ocrx_word' id='word_1_156' title='bbox 1572 1617 1953 1673; x_wconf 85' lang='lat' dir='ltr'>elaeaemosyna</span> <span class='ocrx_word' id='word_1_157' title='bbox 2008 1637 2011 1641; x_wconf 90' lang='lat'>·</span> 
     </span>
     <span class='ocr_line' id='line_1_19' title="bbox 333 1694 1838 1751; baseline 0 -12"><span class='ocrx_word' id='word_1_158' title='bbox 333 1694 425 1739; x_wconf 92' lang='lat' dir='ltr'>hoc</span> <span class='ocrx_word' id='word_1_159' title='bbox 449 1695 634 1751; x_wconf 89' lang='lat' dir='ltr'>pascha</span> <span class='ocrx_word' id='word_1_160' title='bbox 658 1694 788 1739; x_wconf 92' lang='lat' dir='ltr'>ultra</span> <span class='ocrx_word' id='word_1_161' title='bbox 812 1695 1004 1740; x_wconf 90' lang='lat' dir='ltr'>solitam</span> <span class='ocrx_word' id='word_1_162' title='bbox 1030 1695 1072 1738; x_wconf 91' lang='lat' dir='ltr'>in</span> <span class='ocrx_word' id='word_1_163' title='bbox 1100 1710 1187 1739; x_wconf 88' lang='lat' dir='ltr'>nos</span> <span class='ocrx_word' id='word_1_164' title='bbox 1211 1695 1393 1739; x_wconf 90' lang='lat' dir='ltr'>collata</span> <span class='ocrx_word' id='word_1_165' title='bbox 1418 1694 1725 1739; x_wconf 92' lang='lat' dir='ltr'>declaratum</span> <span class='ocrx_word' id='word_1_166' title='bbox 1751 1703 1838 1739; x_wconf 91' lang='lat' dir='ltr'>est.</span> 
     </span>
    </p>

    <p class='ocr_par' dir='ltr' id='par_1_3' title="bbox 331 1771 1954 2981">
     <span class='ocr_line' id='line_1_20' title="bbox 389 1771 1953 1827; baseline 0 -11"><span class='ocrx_word' id='word_1_167' title='bbox 389 1771 432 1816; x_wconf 77' lang='lat'>3.</span> <span class='ocrx_word' id='word_1_168' title='bbox 500 1771 551 1816; x_wconf 88' lang='lat' dir='ltr'>In</span> <span class='ocrx_word' id='word_1_169' title='bbox 576 1787 685 1817; x_wconf 91' lang='lat' dir='ltr'>eam</span> <span class='ocrx_word' id='word_1_170' title='bbox 711 1781 876 1817; x_wconf 88' lang='lat' dir='ltr'>autem</span> <span class='ocrx_word' id='word_1_171' title='bbox 913 1787 1078 1816; x_wconf 88' lang='lat' dir='ltr'>sumus</span> <span class='ocrx_word' id='word_1_172' title='bbox 1111 1787 1247 1827; x_wconf 90' lang='lat' dir='ltr'>spem</span> <span class='ocrx_word' id='word_1_173' title='bbox 1281 1771 1451 1824; x_wconf 88' lang='lat' dir='ltr'>erecti,</span> <span class='ocrx_word' id='word_1_174' title='bbox 1478 1771 1670 1827; x_wconf 89' lang='lat' dir='ltr'>superis</span> <span class='ocrx_word' id='word_1_175' title='bbox 1703 1772 1953 1816; x_wconf 88' lang='lat' dir='ltr'>annuenti-</span> 
     </span>
     <span class='ocr_line' id='line_1_21' title="bbox 335 1847 1952 1905; baseline 0.001 -13"><span class='ocrx_word' id='word_1_176' title='bbox 335 1848 441 1905; x_wconf 88' lang='lat' dir='ltr'>bus,</span> <span class='ocrx_word' id='word_1_177' title='bbox 468 1847 557 1892; x_wconf 91' lang='lat' dir='ltr'>nisi</span> <span class='ocrx_word' id='word_1_178' title='bbox 584 1847 686 1892; x_wconf 89' lang='lat' dir='ltr'>fato</span> <span class='ocrx_word' id='word_1_179' title='bbox 711 1847 858 1893; x_wconf 86' lang='lat' dir='ltr'>fuerit</span> <span class='ocrx_word' id='word_1_180' title='bbox 888 1848 1208 1904; x_wconf 82' lang='lat' dir='ltr'>interceptus,</span> <span class='ocrx_word' id='word_1_181' title='bbox 1235 1848 1465 1893; x_wconf 89' lang='lat' dir='ltr'>daturum</span> <span class='ocrx_word' id='word_1_182' title='bbox 1490 1848 1628 1893; x_wconf 86' lang='lat' dir='ltr'>nobis</span> <span class='ocrx_word' id='word_1_183' title='bbox 1654 1848 1849 1893; x_wconf 90' lang='lat' dir='ltr'>domum</span> <span class='ocrx_word' id='word_1_184' title='bbox 1873 1849 1952 1893; x_wconf 89' lang='lat' dir='ltr'>ubi</span> 
     </span>
     <span class='ocr_line' id='line_1_22' title="bbox 332 1923 1950 1981; baseline 0.001 -13"><span class='ocrx_word' id='word_1_185' title='bbox 332 1924 632 1969; x_wconf 87' lang='lat' dir='ltr'>commodius</span> <span class='ocrx_word' id='word_1_186' title='bbox 672 1935 871 1969; x_wconf 87' lang='lat' dir='ltr'>nostrae</span> <span class='ocrx_word' id='word_1_187' title='bbox 915 1923 1179 1969; x_wconf 81' lang='lat' dir='ltr'>Societatis</span> <span class='ocrx_word' id='word_1_188' title='bbox 1219 1923 1536 1981; x_wconf 82' lang='lat' dir='ltr'>mini[s]teriis</span> <span class='ocrx_word' id='word_1_189' title='bbox 1577 1940 1761 1970; x_wconf 85' lang='lat' dir='ltr'>uacare</span> <span class='ocrx_word' id='word_1_190' title='bbox 1800 1925 1950 1981; x_wconf 89' lang='lat' dir='ltr'>possi-</span> 
     </span>
     <span class='ocr_line' id='line_1_23' title="bbox 332 2001 1954 2058; baseline 0.001 -13"><span class='ocrx_word' id='word_1_191' title='bbox 332 2016 455 2058; x_wconf 85' lang='lat' dir='ltr'>mus;</span> <span class='ocrx_word' id='word_1_192' title='bbox 492 2016 604 2046; x_wconf 94' lang='lat' dir='ltr'>nam</span> <span class='ocrx_word' id='word_1_193' title='bbox 639 2016 749 2046; x_wconf 90' lang='lat' dir='ltr'>cum</span> <span class='ocrx_word' id='word_1_194' title='bbox 785 2001 846 2046; x_wconf 89' lang='lat' dir='ltr'>ad</span> <span class='ocrx_word' id='word_1_195' title='bbox 882 2001 1053 2057; x_wconf 81' lang='lat' dir='ltr'>uiginti</span> <span class='ocrx_word' id='word_1_196' title='bbox 1088 2001 1164 2046; x_wconf 87' lang='lat' dir='ltr'>hic</span> <span class='ocrx_word' id='word_1_197' title='bbox 1198 2017 1579 2056; x_wconf 83' lang='lat' dir='ltr'>commoremur,</span> <span class='ocrx_word' id='word_1_198' title='bbox 1619 2002 1743 2047; x_wconf 90' lang='lat' dir='ltr'>adeo</span> <span class='ocrx_word' id='word_1_199' title='bbox 1784 2003 1954 2047; x_wconf 87' lang='lat' dir='ltr'>domus</span> 
     </span>
     <span class='ocr_line' id='line_1_24' title="bbox 331 2078 1954 2137; baseline 0.001 -14"><span class='ocrx_word' id='word_1_200' title='bbox 331 2078 571 2135; x_wconf 83' lang='lat' dir='ltr'>angustiis</span> <span class='ocrx_word' id='word_1_201' title='bbox 609 2079 893 2134; x_wconf 90' lang='lat' dir='ltr'>premimur,</span> <span class='ocrx_word' id='word_1_202' title='bbox 936 2088 987 2123; x_wconf 91' lang='lat' dir='ltr'>ut</span> <span class='ocrx_word' id='word_1_203' title='bbox 1027 2080 1211 2124; x_wconf 88' lang='lat' dir='ltr'>multae</span> <span class='ocrx_word' id='word_1_204' title='bbox 1251 2079 1457 2125; x_wconf 91' lang='lat' dir='ltr'>cellulae</span> <span class='ocrx_word' id='word_1_205' title='bbox 1495 2079 1650 2137; x_wconf 90' lang='lat' dir='ltr'>binos,</span> <span class='ocrx_word' id='word_1_206' title='bbox 1693 2080 1954 2125; x_wconf 86' lang='lat' dir='ltr'>nonnullae</span> 
     </span>
     <span class='ocr_line' id='line_1_25' title="bbox 331 2156 1953 2213; baseline 0.001 -14"><span class='ocrx_word' id='word_1_207' title='bbox 331 2164 500 2200; x_wconf 91' lang='lat' dir='ltr'>ternos</span> <span class='ocrx_word' id='word_1_208' title='bbox 529 2156 789 2211; x_wconf 77' lang='lat' dir='ltr'>accipiant3</span> <span class='ocrx_word' id='word_1_209' title='bbox 817 2156 993 2211; x_wconf 89' lang='lat' dir='ltr'>quibus</span> <span class='ocrx_word' id='word_1_210' title='bbox 1026 2157 1174 2201; x_wconf 88' lang='lat' dir='ltr'>rebus</span> <span class='ocrx_word' id='word_1_211' title='bbox 1197 2165 1270 2201; x_wconf 92' lang='lat' dir='ltr'>est</span> <span class='ocrx_word' id='word_1_212' title='bbox 1293 2156 1543 2213; x_wconf 90' lang='lat' dir='ltr'>effectum,</span> <span class='ocrx_word' id='word_1_213' title='bbox 1566 2166 1617 2201; x_wconf 91' lang='lat' dir='ltr'>ut</span> <span class='ocrx_word' id='word_1_214' title='bbox 1640 2157 1953 2213; x_wconf 83' lang='lat' dir='ltr'>gymnasium</span> 
     </span>
     <span class='ocr_line' id='line_1_26' title="bbox 333 2232 1953 2289; baseline 0.001 -13"><span class='ocrx_word' id='word_1_215' title='bbox 333 2248 481 2276; x_wconf 89' lang='lat' dir='ltr'>unum</span> <span class='ocrx_word' id='word_1_216' title='bbox 516 2232 559 2277; x_wconf 91' lang='lat' dir='ltr'>in</span> <span class='ocrx_word' id='word_1_217' title='bbox 595 2232 806 2287; x_wconf 89' lang='lat' dir='ltr'>triclinii,</span> <span class='ocrx_word' id='word_1_218' title='bbox 843 2232 1103 2277; x_wconf 90' lang='lat' dir='ltr'>triclinium</span> <span class='ocrx_word' id='word_1_219' title='bbox 1145 2242 1308 2278; x_wconf 90' lang='lat' dir='ltr'>autem</span> <span class='ocrx_word' id='word_1_220' title='bbox 1345 2233 1602 2289; x_wconf 90' lang='lat' dir='ltr'>pristinum</span> <span class='ocrx_word' id='word_1_221' title='bbox 1638 2233 1683 2278; x_wconf 93' lang='lat' dir='ltr'>in</span> <span class='ocrx_word' id='word_1_222' title='bbox 1719 2234 1953 2279; x_wconf 89' lang='lat' dir='ltr'>cellarum</span> 
     </span>
     <span class='ocr_line' id='line_1_27' title="bbox 333 2309 1954 2367; baseline 0.001 -14"><span class='ocrx_word' id='word_1_223' title='bbox 333 2324 451 2354; x_wconf 89' lang='lat' dir='ltr'>usus</span> <span class='ocrx_word' id='word_1_224' title='bbox 474 2309 567 2353; x_wconf 89' lang='lat' dir='ltr'>sint</span> <span class='ocrx_word' id='word_1_225' title='bbox 590 2324 850 2354; x_wconf 88' lang='lat' dir='ltr'>conuersa.</span> <span class='ocrx_word' id='word_1_226' title='bbox 879 2309 1005 2354; x_wconf 90' lang='lat' dir='ltr'>Nam</span> <span class='ocrx_word' id='word_1_227' title='bbox 1041 2309 1099 2354; x_wconf 89' lang='lat' dir='ltr'>de</span> <span class='ocrx_word' id='word_1_228' title='bbox 1134 2311 1302 2355; x_wconf 88' lang='lat' dir='ltr'>sacelli</span> <span class='ocrx_word' id='word_1_229' title='bbox 1328 2310 1511 2366; x_wconf 81' lang='lat' dir='ltr'>exigua</span> <span class='ocrx_word' id='word_1_230' title='bbox 1535 2311 1814 2367; x_wconf 85' lang='lat' dir='ltr'>capacitate</span> <span class='ocrx_word' id='word_1_231' title='bbox 1839 2310 1954 2355; x_wconf 84' lang='lat' dir='ltr'>nihil</span> 
     </span>
     <span class='ocr_line' id='line_1_28' title="bbox 332 2387 1953 2445; baseline 0.001 -14"><span class='ocrx_word' id='word_1_232' title='bbox 332 2396 407 2432; x_wconf 85' lang='lat' dir='ltr'>est</span> <span class='ocrx_word' id='word_1_233' title='bbox 442 2387 569 2443; x_wconf 90' lang='lat' dir='ltr'>quod</span> <span class='ocrx_word' id='word_1_234' title='bbox 604 2387 786 2443; x_wconf 90' lang='lat' dir='ltr'>dicam,</span> <span class='ocrx_word' id='word_1_235' title='bbox 823 2402 933 2432; x_wconf 89' lang='lat' dir='ltr'>cum</span> <span class='ocrx_word' id='word_1_236' title='bbox 968 2387 1247 2432; x_wconf 88' lang='lat' dir='ltr'>sacrificum</span> <span class='ocrx_word' id='word_1_237' title='bbox 1283 2387 1439 2445; x_wconf 90' lang='lat' dir='ltr'>ipsum</span> <span class='ocrx_word' id='word_1_238' title='bbox 1474 2404 1620 2433; x_wconf 88' lang='lat' dir='ltr'>sacro</span> <span class='ocrx_word' id='word_1_239' title='bbox 1656 2389 1801 2434; x_wconf 90' lang='lat' dir='ltr'>altari</span> <span class='ocrx_word' id='word_1_240' title='bbox 1837 2389 1953 2433; x_wconf 90' lang='lat' dir='ltr'>assi-</span> 
     </span>
     <span class='ocr_line' id='line_1_29' title="bbox 332 2463 1953 2521; baseline 0.001 -13"><span class='ocrx_word' id='word_1_241' title='bbox 332 2472 540 2508; x_wconf 91' lang='lat' dir='ltr'>stentem</span> <span class='ocrx_word' id='word_1_242' title='bbox 580 2463 812 2509; x_wconf 89' lang='lat' dir='ltr'>confussa</span> <span class='ocrx_word' id='word_1_243' title='bbox 851 2463 1177 2509; x_wconf 89' lang='lat' dir='ltr'>foeminarum</span> <span class='ocrx_word' id='word_1_244' title='bbox 1218 2465 1366 2510; x_wconf 91' lang='lat' dir='ltr'>turba</span> <span class='ocrx_word' id='word_1_245' title='bbox 1404 2465 1688 2510; x_wconf 79' lang='lat' dir='ltr'>circunstet,</span> <span class='ocrx_word' id='word_1_246' title='bbox 1731 2464 1953 2521; x_wconf 84' lang='lat' dir='ltr'>Quarum</span> 
     </span>
     <span class='ocr_line' id='line_1_30' title="bbox 333 2541 1954 2598; baseline 0.001 -13"><span class='ocrx_word' id='word_1_247' title='bbox 333 2557 566 2586; x_wconf 85' lang='lat' dir='ltr'>accessus</span> <span class='ocrx_word' id='word_1_248' title='bbox 590 2541 822 2586; x_wconf 89' lang='lat' dir='ltr'>cancellis</span> <span class='ocrx_word' id='word_1_249' title='bbox 856 2541 894 2586; x_wconf 91' lang='lat' dir='ltr'>si</span> <span class='ocrx_word' id='word_1_250' title='bbox 930 2541 1067 2586; x_wconf 84' lang='lat' dir='ltr'>uellis</span> <span class='ocrx_word' id='word_1_251' title='bbox 1102 2556 1293 2598; x_wconf 87' lang='lat' dir='ltr'>arcere,</span> <span class='ocrx_word' id='word_1_252' title='bbox 1323 2542 1400 2586; x_wconf 88' lang='lat' dir='ltr'>ubi</span> <span class='ocrx_word' id='word_1_253' title='bbox 1433 2542 1706 2588; x_wconf 84' lang='lat' dir='ltr'>consistant</span> <span class='ocrx_word' id='word_1_254' title='bbox 1730 2542 1954 2598; x_wconf 88' lang='lat' dir='ltr'>profecto</span> 
     </span>
     <span class='ocr_line' id='line_1_31' title="bbox 334 2618 1952 2675; baseline 0.001 -12"><span class='ocrx_word' id='word_1_255' title='bbox 334 2618 424 2663; x_wconf 91' lang='lat' dir='ltr'>loci</span> <span class='ocrx_word' id='word_1_256' title='bbox 460 2619 574 2663; x_wconf 88' lang='lat' dir='ltr'>nihil</span> <span class='ocrx_word' id='word_1_257' title='bbox 609 2619 717 2664; x_wconf 86' lang='lat' dir='ltr'>erit.</span> <span class='ocrx_word' id='word_1_258' title='bbox 746 2618 916 2675; x_wconf 85' lang='lat' dir='ltr'>Itaque</span> <span class='ocrx_word' id='word_1_259' title='bbox 952 2618 1157 2663; x_wconf 87' lang='lat' dir='ltr'>uiuimus</span> <span class='ocrx_word' id='word_1_260' title='bbox 1189 2629 1239 2664; x_wconf 90' lang='lat' dir='ltr'>ut</span> <span class='ocrx_word' id='word_1_261' title='bbox 1273 2619 1478 2675; x_wconf 86' lang='lat' dir='ltr'>quimus,</span> <span class='ocrx_word' id='word_1_262' title='bbox 1507 2619 1702 2675; x_wconf 87' lang='lat' dir='ltr'>quando</span> <span class='ocrx_word' id='word_1_263' title='bbox 1737 2630 1786 2664; x_wconf 92' lang='lat' dir='ltr'>ut</span> <span class='ocrx_word' id='word_1_264' title='bbox 1821 2620 1952 2664; x_wconf 91' lang='lat' dir='ltr'>uolu-</span> 
     </span>
     <span class='ocr_line' id='line_1_32' title="bbox 333 2694 1952 2753; baseline 0.001 -14"><span class='ocrx_word' id='word_1_265' title='bbox 333 2711 438 2740; x_wconf 90' lang='lat' dir='ltr'>mus</span> <span class='ocrx_word' id='word_1_266' title='bbox 473 2712 565 2740; x_wconf 91' lang='lat' dir='ltr'>non</span> <span class='ocrx_word' id='word_1_267' title='bbox 603 2696 730 2741; x_wconf 93' lang='lat' dir='ltr'>licet.</span> <span class='ocrx_word' id='word_1_268' title='bbox 769 2694 956 2740; x_wconf 90' lang='lat' dir='ltr'>Uerum</span> <span class='ocrx_word' id='word_1_269' title='bbox 992 2694 1215 2751; x_wconf 83' lang='lat' dir='ltr'>profecto</span> <span class='ocrx_word' id='word_1_270' title='bbox 1251 2711 1338 2740; x_wconf 88' lang='lat' dir='ltr'>cur</span> <span class='ocrx_word' id='word_1_271' title='bbox 1369 2697 1735 2753; x_wconf 88' lang='lat' dir='ltr'>conqueramur</span> <span class='ocrx_word' id='word_1_272' title='bbox 1768 2712 1952 2741; x_wconf 85' lang='lat' dir='ltr'>causae</span> 
     </span>
     <span class='ocr_line' id='line_1_33' title="bbox 334 2772 1950 2830; baseline 0.001 -14"><span class='ocrx_word' id='word_1_273' title='bbox 334 2772 449 2816; x_wconf 83' lang='lat' dir='ltr'>nihil</span> <span class='ocrx_word' id='word_1_274' title='bbox 474 2781 563 2829; x_wconf 88' lang='lat' dir='ltr'>est,</span> <span class='ocrx_word' id='word_1_275' title='bbox 601 2773 638 2817; x_wconf 91' lang='lat' dir='ltr'>si</span> <span class='ocrx_word' id='word_1_276' title='bbox 669 2773 731 2818; x_wconf 90' lang='lat' dir='ltr'>ad</span> <span class='ocrx_word' id='word_1_277' title='bbox 760 2772 1049 2817; x_wconf 89' lang='lat' dir='ltr'>semirutum</span> <span class='ocrx_word' id='word_1_278' title='bbox 1082 2772 1197 2817; x_wconf 91' lang='lat' dir='ltr'>illud</span> <span class='ocrx_word' id='word_1_279' title='bbox 1232 2772 1647 2818; x_wconf 86' lang='lat' dir='ltr'>behtlemithicum</span> <span class='ocrx_word' id='word_1_280' title='bbox 1685 2774 1950 2830; x_wconf 90' lang='lat' dir='ltr'>stabulum,</span> 
     </span>
     <span class='ocr_line' id='line_1_34' title="bbox 334 2847 1951 2906; baseline 0 -13"><span class='ocrx_word' id='word_1_281' title='bbox 334 2848 522 2893; x_wconf 90' lang='lat' dir='ltr'>cunctis</span> <span class='ocrx_word' id='word_1_282' title='bbox 546 2865 720 2905; x_wconf 80' lang='lat' dir='ltr'>regum</span> <span class='ocrx_word' id='word_1_283' title='bbox 745 2849 870 2894; x_wconf 89' lang='lat' dir='ltr'>aulis</span> <span class='ocrx_word' id='word_1_284' title='bbox 898 2847 1005 2906; x_wconf 85' lang='lat' dir='ltr'>jure</span> <span class='ocrx_word' id='word_1_285' title='bbox 1029 2847 1424 2904; x_wconf 83' lang='lat' dir='ltr'>praeferendum,</span> <span class='ocrx_word' id='word_1_286' title='bbox 1454 2849 1628 2900; x_wconf 88' lang='lat' dir='ltr'>mentis</span> <span class='ocrx_word' id='word_1_287' title='bbox 1654 2849 1809 2894; x_wconf 91' lang='lat' dir='ltr'>aciem</span> <span class='ocrx_word' id='word_1_288' title='bbox 1841 2864 1951 2894; x_wconf 92' lang='lat' dir='ltr'>con-</span> 
     </span>
     <span class='ocr_line' id='line_1_35' title="bbox 332 2925 1948 2981; baseline 0.001 -12"><span class='ocrx_word' id='word_1_289' title='bbox 332 2934 533 2970; x_wconf 90' lang='lat' dir='ltr'>uertere</span> <span class='ocrx_word' id='word_1_290' title='bbox 572 2926 792 2970; x_wconf 86' lang='lat' dir='ltr'>uelimus.</span> <span class='ocrx_word' id='word_1_291' title='bbox 835 2925 931 2971; x_wconf 82' lang='lat' dir='ltr'>Sed</span> <span class='ocrx_word' id='word_1_292' title='bbox 970 2925 1135 2970; x_wconf 85' lang='lat' dir='ltr'>nescio</span> <span class='ocrx_word' id='word_1_293' title='bbox 1175 2940 1269 2980; x_wconf 86' lang='lat' dir='ltr'>quo</span> <span class='ocrx_word' id='word_1_294' title='bbox 1309 2935 1454 2981; x_wconf 84' lang='lat' dir='ltr'>pacto</span> <span class='ocrx_word' id='word_1_295' title='bbox 1495 2926 1691 2981; x_wconf 87' lang='lat' dir='ltr'>pietatis</span> <span class='ocrx_word' id='word_1_296' title='bbox 1730 2927 1948 2981; x_wconf 77' lang='lat' dir='ltr'>obtentU,</span> 
     </span>
    </p>
   </div>
   <div class='ocr_carea' id='block_1_3' title="bbox 411 3037 614 3040">
    <p class='ocr_par' dir='ltr' id='par_1_4' title="bbox 411 3037 614 3040">
     <span class='ocr_line' id='line_1_36' title="bbox 411 3037 614 3040; baseline 0 0"><span class='ocrx_word' id='word_1_297' title='bbox 411 3037 614 3040; x_wconf 95' lang='lat' dir='ltr'> </span> 
     </span>
    </p>
   </div>
   <div class='ocr_carea' id='block_1_4' title="bbox 382 3092 1156 3137">
    <p class='ocr_par' dir='ltr' id='par_1_5' title="bbox 382 3092 1156 3137">
     <span class='ocr_line' id='line_1_37' title="bbox 382 3092 1156 3137; baseline 0 -9"><span class='ocrx_word' id='word_1_298' title='bbox 382 3099 399 3118; x_wconf 72' lang='lat'>³</span> <span class='ocrx_word' id='word_1_299' title='bbox 443 3092 620 3128; x_wconf 76' lang='lat' dir='ltr'>Abscisa</span> <span class='ocrx_word' id='word_1_300' title='bbox 642 3093 793 3128; x_wconf 66' lang='lat' dir='ltr'>charta</span> <span class='ocrx_word' id='word_1_301' title='bbox 813 3093 881 3128; x_wconf 74' lang='lat' dir='ltr'>lzsc</span> <span class='ocrx_word' id='word_1_302' title='bbox 901 3095 939 3128; x_wconf 79' lang='lat' dir='ltr'>et</span> <span class='ocrx_word' id='word_1_303' title='bbox 958 3092 1156 3137; x_wconf 60' lang='lat' dir='ltr'>inferius</span> 
     </span>
    </p>
   </div>
  </div>
 </body>
</html>
