2051 3516
561 305 797 343 3.—-EBORA
823 305 866 342 31
896 304 1144 342 DECEMBRIS
1175 304 1265 340 1556
1638 304 1680 340 13

79 418 218 460 -quas
251 403 316 448 illi
350 401 652 459 aequissimo
677 402 840 447 animo
864 399 1286 456 libentissimoque
1310 398 1598 455 suscipiunt.
1632 398 1724 444 Ita-

92 495 185 537 que
224 495 408 536 magno
448 480 612 524 animo
650 478 712 524 ad
751 477 915 523 omnia
950 476 1131 534 parati,
1168 475 1397 533 quicquid
1427 476 1726 531 imperatum

94 568 184 615 est,
213 558 259 603 id
284 557 522 603 alacriter
546 564 874 613 exequuntur.
904 554 966 609 Et
990 554 1104 599 licet
1130 553 1340 599 uirtutes
1359 568 1527 598 omnes
1547 552 1727 598 studio-

93 650 145 681 se
179 635 588 692 complectantur,
625 643 790 679 tamen
826 632 872 677 in
907 631 1202 682 obedientia,
1241 645 1389 687 quam
1423 629 1726 687 peculiarem

94 711 361 758 Societatis
395 721 598 757 nostrae
633 710 866 755 uirtutem
898 724 1008 754 esse
1032 708 1328 764 intelligunt,
1356 707 1424 752 ita
1448 722 1501 752 se
1526 716 1725 763 gerunt,

94 799 146 834 ut
185 789 435 834 excellere
474 788 752 833 uideantur.
797 785 1027 832 Christus
1067 784 1181 841 Opt.
1225 785 1381 835 Max.,
1424 784 1499 829 cui
1540 799 1591 829 se
1626 793 1728 828 tam

95 865 305 911 fideliter
344 867 562 918 tradunt,
606 879 692 910 eos
732 865 794 909 ad
834 872 1032 920 optatos
1072 862 1233 907 exitus
1273 862 1534 918 prouehat.
1582 861 1729 918 Quod

95 955 262 990 autem
287 944 349 989 ad
373 958 545 988 eorum
569 941 904 987 ualetudinem
937 941 1127 996 attinet,
1165 955 1448 996 quanquam
1483 939 1619 984 multi
1654 953 1727 983 su-

94 1020 372 1077 perioribus
413 1019 662 1064 mensibus
701 1018 746 1063 in
786 1017 955 1063 uarios
994 1018 1196 1062 morbos
1230 1016 1521 1068 inciderunt,
1559 1030 1730 1061 omnes

96 1108 259 1143 tamen
286 1098 375 1142 hoc
402 1107 626 1153 tempore
652 1096 834 1151 ualent,
857 1110 954 1140 uno
974 1105 1202 1151 excepto,
1225 1094 1304 1151 qui
1329 1094 1494 1145 etiam,
1523 1103 1574 1138 ut
1598 1093 1729 1138 uide-

97 1184 194 1232 tur,
222 1175 361 1221 breui
388 1190 451 1220 ex
477 1175 652 1219 morbo
677 1172 1006 1218 recreabitur.

159 1253 225 1297 11.
294 1251 370 1296 De
395 1251 592 1308 collegii
617 1265 736 1295 uero
761 1248 986 1294 aedificio
1011 1247 1127 1293 nihil
1150 1248 1462 1293 scribendum
1492 1248 1587 1293 hoc
1610 1257 1730 1293 tem-

94 1345 216 1386 pore
250 1329 461 1383 uidetur,
499 1327 729 1385 quoniam
764 1327 859 1371 iam
895 1326 1060 1371 omnia
1094 1326 1157 1370 ad
1187 1335 1234 1370 te
1260 1325 1444 1381 scripta
1468 1340 1577 1370 esse
1601 1324 1731 1370 arbi-

94 1417 299 1452 tramur.
328 1405 450 1450 Illud
474 1416 658 1458 tamen,
693 1403 823 1460 quod
859 1413 1033 1460 postea
1068 1403 1287 1447 additum
1321 1417 1429 1447 6556
1463 1401 1728 1457 credimus,

96 1484 439 1540 adiungemus.
468 1482 722 1527 Habemus
747 1482 793 1526 in
818 1481 979 1526 medio
1014 1480 1252 1537 peristylo
1286 1479 1473 1524 fontem
1508 1494 1571 1524 ex
1603 1494 1731 1523 mar-

95 1577 252 1617 more,
279 1561 403 1606 miro
429 1575 580 1617 opere
600 1568 957 1615 constructum,
980 1574 1042 1603 ex
1062 1573 1156 1614 quo
1176 1573 1273 1602 non
1294 1572 1454 1614 parua
1474 1557 1549 1602 uis
1569 1572 1730 1613 aquae

94 1639 220 1684 belle
244 1654 364 1683 sane
391 1637 510 1682 fluit.
539 1635 692 1682 Cuius
715 1634 932 1693 jucundo
953 1646 1158 1691 aspectu
1178 1635 1317 1679 locus
1340 1634 1420 1679 ille
1444 1643 1594 1690 totus,
1617 1633 1733 1679 licet

96 1717 194 1761 iam
229 1725 359 1760 esset
393 1724 648 1759 structura
682 1729 772 1758 sua
796 1722 989 1769 gratus,
1017 1722 1224 1768 propter
1248 1712 1429 1757 multas
1454 1711 1629 1768 quibus
1655 1726 1731 1756 or-

96 1803 242 1838 natus
282 1801 356 1838 est
397 1806 703 1836 marmoreas
745 1791 1015 1846 columnas,
1058 1799 1224 1834 tamen
1264 1790 1417 1834 multo
1458 1798 1532 1834 est
1567 1789 1732 1834 factus

96 1871 290 1915 laetior.
318 1869 446 1914 Tres
485 1877 751 1924 praeterea
786 1868 987 1912 scholae
1023 1866 1317 1913 aedificatae
1352 1876 1480 1924 sunt,
1519 1882 1730 1924 quarum

96 1964 194 1993 una
218 1948 264 1992 in
285 1963 381 2004 qua
401 1946 709 2003 philosophia
729 1945 1009 2002 exponitur,
1032 1945 1130 1990 iam
1151 1945 1375 2001 perfecta
1396 1955 1485 1995 est:
1509 1945 1732 2000 reliquae

97 2026 223 2071 duae
257 2025 473 2070 nondum
508 2025 652 2080 plane
686 2036 797 2068 sunt
832 2024 1109 2069 absolutae.
1139 2022 1333 2068 Verum
1368 2039 1480 2068 cum
1504 2023 1732 2079 princeps

97 2102 364 2148 cardinalis
388 2100 675 2157 Olisippone
700 2100 905 2152 uenerit,
930 2100 1109 2152 omnia,
1132 2110 1183 2145 ut
1203 2115 1479 2157 speramus,
1503 2100 1732 2144 absoluta

98 2179 420 2236 perfectaque
459 2178 764 2223 habebimus
809 2176 949 2222 Haec
988 2188 1116 2231 sunt,
1160 2176 1311 2221 Pater
1345 2177 1566 2225 colende,
1605 2191 1733 2232 quae

98 2257 237 2302 nobis
260 2255 592 2301 scribentibus
616 2264 903 2305 occurrunt;
932 2253 1172 2310 reliquum
1196 2264 1286 2305 est,
1310 2263 1361 2298 ut
1385 2263 1432 2298 te
1452 2268 1653 2298 oremus
1672 2268 1733 2297 ne

99 2334 144 2379 in
169 2333 399 2390 precibus
423 2330 778 2387 sacrificiisque
803 2331 987 2376 sanctis
1011 2331 1167 2376 nostri
1192 2329 1519 2386 obliuiscaris,
1548 2340 1598 2374 ut
1617 2345 1645 2374 a
1665 2340 1731 2387 te,

100 2420 152 2456 ut
187 2425 399 2467 aequum
432 2418 522 2459 est,
561 2406 714 2453 adiuti
733 2423 823 2464 pro
848 2408 1043 2453 nomine
1067 2408 1186 2467 Jesu
1211 2409 1333 2453 haec
1360 2417 1495 2453 recte
1520 2422 1733 2463 exequa-

100 2504 224 2544 mur,
267 2496 315 2532 et
353 2486 415 2531 ad
454 2486 551 2530 alia
591 2485 783 2530 maiora
821 2495 927 2530 toto
966 2495 1169 2542 pectore
1209 2485 1503 2541 aspiremus.
1547 2484 1731 2529 Datum

191 2642 331 2687 Iussu
356 2640 520 2685 Patris
544 2638 742 2688 Leonis,

912 2754 937 2803 †
971 2749 1289 2795 FRANCIscrs
1323 2748 1557 2794 MORALIS
1580 2750 1610 2794 ².

152 2944 162 2962 ¹
216 2942 362 2978 Annus
398 2941 558 2976 videtur
593 2940 673 2976 alia
708 2951 829 2974 manu
864 2938 1033 2974 additus.
1072 2938 1237 2972 Revera
1273 2936 1443 2983 epistola
1478 2938 1626 2985 scripta
1660 2939 1735 2976 {uit

105 3015 208 3038 anno
230 3001 332 3038 1556.
355 2999 419 3037 Cf.
442 2999 578 3045 Epist.
601 2999 851 3045 Quadrima,
872 2997 945 3037 IV,
968 2997 1048 3036 451,
1070 2995 1151 3032 520.

152 3061 164 3080 '2
215 3060 279 3096 De
299 3060 372 3095 hoc
391 3058 516 3095 fratre
535 3057 584 3094 ef.
606 3057 850 3097 POLANCUM,
873 3056 1034 3097 Clzron,
1056 3054 1131 3097 VI,
1150 3054 1232 3099 ‘279;
1263 3054 1456 3092 Litterae
1481 3056 1731 3102 Quadrima,

103 3121 180 3156 loc.
203 3119 284 3160 cit..
305 3119 386 3154 451.
