2051 3516
592 314 979 351 161.—V1ND0130NA
1012 317 1025 351 1
1057 315 1166 361 MAJI
1198 316 1286 351 1558
1642 311 1712 348 639

120 424 211 454 suo
247 418 475 453 versetur
510 408 681 465 offitio;
720 410 833 455 nihil
868 410 1051 455 habent
1084 409 1221 466 prius
1261 409 1473 466 nihilque
1508 408 1758 464 antiquius

119 501 266 541 quam
305 485 615 530 obedientiae
655 501 834 531 sacrae
874 486 1037 542 legem
1077 485 1231 542 sequi.
1274 485 1560 530 Literarum
1595 483 1759 529 studia

120 562 396 619 procedunt
420 561 667 607 foeliciter
690 572 738 607 et
763 578 873 607 cum
897 562 1082 608 fructu.
1109 560 1289 607 Sumus
1315 562 1459 607 modo
1478 560 1552 616 39,
1575 561 1758 606 charis-

119 638 241 683 simo
265 637 423 683 fratre
449 647 620 682 nostro
645 638 838 698 Joanne
863 639 995 684 Isola
1022 639 1029 662 ¹
1058 654 1214 694 nuper
1239 639 1303 683 ab
1328 639 1419 683 hoc
1439 637 1759 684 turbulentis-

119 715 243 760 simo
266 716 435 760 seculo
460 715 522 759 ad
547 716 958 771 tranquillitatem
983 727 1241 761 aeternam
1267 725 1497 761 euocato.
1532 714 1627 760 Hic
1661 730 1757 759 non

120 792 223 837 sine
247 793 376 837 bono
401 793 678 837 sanctitatis
705 793 858 838 odore
884 793 1126 850 presentis
1154 793 1286 837 vitae
1318 792 1568 837 miseriam
1593 791 1754 837 derili-

122 870 239 926 quit.
276 868 441 926 Quum
476 869 603 914 enim
641 879 836 925 tempus
871 869 1188 915 resolutionis
1222 884 1343 914 suae
1377 869 1423 913 in
1464 868 1622 913 ianuis
1648 884 1757 913 esse

120 946 325 991 sentiret
350 947 364 970 ‘²
388 962 478 1003 per
502 946 690 1002 aliquot
714 947 1070 1002 hebdomadas,
1100 946 1262 991 crucis
1286 955 1333 991 et
1355 947 1600 1002 sculptam
1621 955 1668 991 et
1693 945 1760 1002 pi-

122 1033 254 1068 ctam
279 1023 546 1080 imaginem
572 1034 686 1069 ante
712 1040 764 1069 se
799 1024 983 1080 iugiter
1013 1023 1250 1068 collocari
1288 1024 1458 1078 voluit;
1498 1025 1574 1069 cui
1611 1024 1760 1068 inter-

121 1101 233 1145 dum
257 1101 397 1157 quasi
422 1101 468 1146 in
495 1101 707 1146 extasim
731 1110 904 1157 raptus
928 1101 1136 1157 hymnos
1171 1101 1489 1146 admirabiles
1525 1101 1757 1146 decanta-

120 1179 260 1223 tabat
283 1193 396 1223 cum
421 1178 703 1235 ingentibus
727 1178 950 1234 suspiriis
975 1188 1023 1222 et
1043 1178 1401 1223 lachrimarum
1420 1178 1576 1222 imbre
1596 1177 1758 1233 copio-

121 1271 192 1301 so.
222 1255 285 1300 Et
315 1256 407 1300 hoc
440 1256 587 1301 modo
622 1256 685 1300 ad
719 1265 998 1300 extremum
1036 1270 1189 1312 vsque
1225 1255 1507 1312 suspirium,
1545 1269 1761 1310 corpore

122 1343 171 1378 et
196 1333 358 1378 animo
384 1349 583 1378 crucem
608 1334 917 1390 amplexans,
947 1333 1192 1390 requieuit
1216 1333 1263 1377 in
1288 1332 1520 1377 Domino.

180 1410 224 1455 5.
278 1410 387 1455 Non
407 1411 696 1466 praeteribo
718 1410 846 1467 (cum
869 1411 928 1456 de
947 1410 1191 1456 fratribus
1210 1410 1393 1455 nostris
1413 1426 1578 1455 sermo
1598 1409 1762 1455 factus

121 1487 214 1543 est)
240 1487 353 1544 quin
377 1487 454 1532 hic
479 1503 672 1545 quoque
697 1487 995 1533 mentionem
1019 1487 1203 1532 faciam
1240 1487 1578 1544 augustissimi
1612 1487 1761 1543 impe⁴

124 1565 323 1622 ratoris‚
351 1565 549 1622 patroni
574 1566 729 1611 nostri
754 1565 1150 1622 singularissimi,
1185 1565 1506 1618 Ferdinandi,
1535 1565 1613 1611 cui
1648 1565 1761 1621 (iam

123 1642 481 1699 imperatoriae
522 1642 797 1687 maiestatis
843 1643 1085 1699 dignitate
1126 1643 1293 1698 aucto)
1335 1658 1444 1687 cum
1492 1642 1643 1687 Pater
1689 1658 1763 1687 re-

122 1729 234 1764 ctor
258 1720 273 1744 3
308 1721 770 1775 congratularetur,
810 1729 857 1765 et
890 1720 954 1765 illi
991 1729 1175 1765 statum
1206 1720 1403 1776 collegii
1439 1721 1595 1765 nostri
1631 1735 1762 1764 com-

123 1797 396 1851 mendaret,
432 1798 593 1842 laetus
618 1797 883 1842 admodum
919 1797 1406 1853 congratulationem
1445 1797 1679 1853 suscepit,
1717 1806 1764 1842 et

124 1889 176 1918 se
201 1884 462 1930 patronum
489 1874 630 1919 nobis
655 1883 963 1931 perpetuum,
991 1873 1211 1919 hilariori
1243 1890 1390 1930 quam
1430 1890 1646 1931 vnquam
1681 1889 1764 1918 an-

122 1961 204 1996 tea
228 1951 408 2005 fronte,
436 1951 712 2008 spopondit.
743 1951 805 1996 Et
838 1952 967 1997 hanc
1001 1951 1407 2007 pollicitationem
1445 1967 1596 2007 opere
1631 1967 1762 1996 com-

122 2030 340 2085 probare
385 2045 502 2073 mox
540 2029 718 2085 coepit,
761 2029 985 2074 ducentis
1024 2029 1218 2074 ducatis
1258 2029 1306 2074 in
1344 2029 1763 2085 complementum

123 2105 332 2151 aedificii
356 2120 604 2150 nouarum
629 2106 914 2150 scholarum
939 2106 1181 2162 erogatis,
1210 2106 1286 2151 De
1311 2122 1521 2151 numero
1542 2108 1663 2150 satis
1685 2121 1762 2150 co·

125 2183 263 2240 pioso
289 2192 392 2228 tam
415 2183 632 2228 fratrum
657 2199 805 2241 quam
830 2183 1135 2229 scholarium
1162 2194 1210 2229 et
1234 2184 1440 2229 miratus
1465 2194 1513 2228 et
1537 2183 1763 2228 similiter

111 2261 331 2317 gauisus
351 2270 435 2315 ‚est
470 2261 809 2315 vehementer,
846 2276 1055 2317 sperans
1085 2276 1323 2317 magnum
1348 2261 1458 2305 inde
1483 2261 1765 2305 animarum

126 2339 511 2384 emolumentum
537 2348 914 2394 prouenturum.

182 2415 227 2462 6.
293 2414 509 2461 Similem
534 2416 679 2471 plane
704 2416 964 2461 charitatis
988 2415 1033 2460 in
1059 2431 1148 2461 nos
1173 2415 1413 2460 affectum
1449 2416 1598 2460 habet
1632 2430 1764 2460 sere-

125 2491 328 2537 nissima
352 2493 528 2548 regina
553 2492 823 2537 Bohemiae
842 2494 874 2548 4,
897 2508 1024 2549 quae
1043 2493 1192 2538 etiam
1212 2493 1513 2537 liberalitate
1533 2508 1623 2537 sua
1643 2501 1765 2536 tem-

127 2571 257 2626 plum
283 2578 507 2615 nostrum
533 2564 895 2615 cohonestauit.

185 2648 228 2692 7.
296 2647 533 2703 Magnam
558 2662 753 2703 quoque
777 2647 1179 2692 beneuolentiam
1210 2658 1257 2692 et
1292 2647 1604 2692 dilectionem
1639 2662 1766 2704 erga

126 2734 327 2769 nostros
365 2724 579 2769 ostendit
613 2723 906 2770 Rdissimus.
944 2725 1141 2769 nuntius
1181 2724 1486 2781 apostolicus
1526 2724 1765 2782 Augusti·

176 2900 183 2918 ¹
238 2897 386 2934 Frater
400 2897 579 2944 Joannes
606 2897 700 2941 Isla,
730 2898 937 2945 hispanus,
968 2898 1176 2945 coadjutor
1203 2898 1452 2943 temporalis.
1484 2896 1549 2934 Cf.
1579 2897 1767 2935 BRAUNS-

119 2968 311 3003 BERGER,
332 2958 387 2994 Β.
411 2958 461 2994 P.
487 2957 655 2995 Cam‘siz·
673 2959 810 3003 epist„
832 2957 880 3003 II,
906 2958 984 3001 151;
1008 2957 1162 2994 Laz'm'i
1180 2957 1393 3001 Mommv,
1415 2957 1464 3002 H,
1485 2956 1543 2995 25.

176 3018 188 3037 ‘²
240 3017 304 3055 Cf.
326 3018 362 3055 ΙΙ
381 3017 492 3062 Tm„
516 3017 591 3063 IV,
612 3017 648 3054 6.

177 3077 190 3097 ³
241 3077 286 3113 P.
308 3077 503 3113 Nicolaus
522 3076 719 3125 Lanojus.

177 3137 190 3156 4
241 3136 375 3173 Maria
394 3136 630 3181 Austriaea,
648 3136 922 3173 Maximiliani
942 3149 1052 3173 uxor.
