2051 3516
486 307 821 344 119.--B1LL10›10
853 308 894 344 19
920 308 1165 344 DEcEMssRis
1195 310 1284 345 1357
1584 308 1650 345 451

70 403 253 448 nostris
277 403 338 448 D.
366 403 640 460 Pasquasio
675 419 733 449 ac
757 403 983 460 Baptista
1017 403 1192 447 abhinc
1230 414 1415 459 septem
1452 404 1701 450 mensibus

71 479 134 524 nil
173 479 525 536 audiuerimus‚
568 482 793 536 quamuis
826 496 998 526 eorum
1039 480 1284 524 aduentus
1318 481 1361 525 in
1397 481 1699 536 Aruerniam

68 565 291 602 nostram
317 567 431 602 ante
455 573 544 602 sex
567 573 762 603 menses
786 566 1139 614 expectaretur
1170 560 1200 602 ¹.
1239 558 1348 602 Non
1374 558 1599 614 equidem
1623 574 1699 603 su—

70 649 177 678 mus
200 634 351 679 nescii
376 635 529 679 multa
553 635 617 679 ab
641 650 700 680 eo
725 645 946 691 tempore
970 635 1174 690 negotia
1199 635 1369 680 forsan
1395 636 1554 679 ardua
1574 635 1699 680 acci-

70 710 187 755 dere
227 711 462 767 potuisse,
504 720 604 756 tum
644 712 893 768 generalis
931 711 1142 767 eligendi
1178 711 1306 756 inter
1350 720 1422 756 tot
1465 712 1701 757 tumultos

70 786 178 844 [sic]
204 787 407 833 bellicos
441 788 623 844 gratia,
650 799 751 834 tum
777 788 1030 834 infortunii
1060 803 1118 833 ac
1143 787 1309 833 diluuii
1334 788 1526 833 romani
1551 798 1700 845 atque

69 863 195 909 adeo
238 864 483 909 florentini
524 866 561 916 2;
609 865 850 910 miramur
893 874 1114 910 attamen
1161 864 1289 920 quod
1334 864 1590 909 literarum
1635 866 1699 909 nil

67 951 206 987 tanto
232 942 468 998 temporis
492 943 652 998 spatio
677 952 948 992 transacto,
977 958 1006 987 a
1030 942 1171 987 vobis
1196 943 1275 986 vel
1310 943 1372 987 ab
1406 942 1462 987 iis
1496 957 1699 999 accepe-

68 1018 236 1064 rimus.
281 1019 508 1064 Ferimus
547 1019 741 1064 interim
782 1035 940 1076 aequo
979 1019 1142 1064 animo
1182 1028 1404 1064 nostram
1444 1018 1699 1064 fortunam

67 1096 283 1140 contenti
318 1096 356 1140 si
392 1095 604 1141 Domino
645 1096 876 1152 episcopo
910 1096 1291 1141 claramontano
1316 1096 1331 1120 3
1361 1095 1447 1141 fiat
1480 1096 1616 1141 satis.
1652 1096 1700 1141 Is

69 1173 212 1218 modo
237 1173 446 1218 diuersis
480 1174 542 1218 oh
578 1174 894 1229 episcopatus
934 1173 1120 1218 reditus
1155 1188 1345 1218 annuos
1380 1173 1608 1229 negotiis,
1651 1185 1698 1219 et

67 1251 280 1295 nondum
307 1251 349 1295 in
380 1251 677 1295 Aruernian]
703 1267 887 1306 parans
914 1251 1142 1303 reditum,
1170 1259 1339 1306 posset
1362 1250 1589 1295 aduersis
1607 1250 1697 1296 flu-

66 1328 227 1372 ctibus
251 1343 310 1372 ac
338 1327 488 1373 variis
514 1328 767 1372 desideriis
792 1328 991 1384 agitari,
1014 1327 1125 1372 licet
1150 1327 1194 1372 in
1221 1328 1350 1372 bono
1370 1343 1459 1372 suo
1479 1328 1698 1384 proposi-

66 1413 116 1448 to
141 1404 301 1461 magis
326 1419 386 1449 ac
409 1404 569 1461 magis
593 1420 925 1460 perseuerare
948 1420 1002 1449 se
1030 1403 1326 1460 profiteatur
1350 1406 1382 1449 4.
1621 1401 1625 1408 ’

125 1481 166 1526 2.
233 1482 345 1541 Jam
370 1498 492 1527 vero
518 1482 579 1527 ad
605 1498 665 1527 ea
695 1498 789 1539 que
823 1493 1047 1527 nostram
1082 1492 1312 1538 spectant
1345 1483 1697 1539 congregatio-

64 1573 193 1608 nem,
221 1559 384 1604 venio.
412 1558 599 1615 Scripsi
624 1575 792 1604 mense
815 1559 1074 1615 superiore
1094 1559 1339 1615 quomodo
1359 1559 1582 1604 dominus
1600 1559 1697 1604 Ro-

66 1635 291 1683 bertus
317 1635 480 1680 frater
503 1645 687 1692 noster,
717 1636 1103 1681 concionaturus
1137 1645 1248 1681 erat
1281 1635 1422 1681 huius
1457 1636 1700 1682 aduentus

64 1725 288 1768 tempore
311 1712 491 1763 Riomi,
520 1713 647 1768 quod
672 1713 935 1769 negocium
971 1723 1071 1757 tam
1107 1712 1350 1757 foeliciter
1384 1713 1612 1769 prestitit,
1640 1729 1700 1758 ac

64 1804 173 1834 cum
192 1799 331 1834 tanto
352 1790 568 1834 omnium
589 1791 848 1846 applausu,
871 1799 923 1834 vt
943 1790 1004 1834 ad
1024 1790 1273 1835 dominum
1298 1790 1583 1846 episcopum
1603 1792 1698 1836 cla-

64 1876 411 1912 romontanum
452 1868 584 1912 ciues
620 1867 769 1913 scribi
808 1867 1047 1924 curarint,
1085 1877 1139 1913 vt
1177 1868 1223 1913 in
1258 1868 1698 1924 quadragesimam

63 1944 342 2000 proximam
367 1944 585 1990 eiusdem
610 1960 813 2001 operam
839 1945 1115 1990 concedere
1140 1945 1452 2001 dignaretur.
1479 1945 1579 1990 Alii
1598 1945 1696 1990 fra-

64 2030 165 2066 tres
188 2031 388 2067 strenue
414 2038 608 2079 quoque
632 2037 722 2067 suo
746 2022 1022 2078 funguntur
1052 2022 1217 2067 officio
1252 2023 1296 2067 in
1333 2022 1606 2068 erudienda
1629 2022 1697 2080 ju-

63 2108 279 2153 uentute,
317 2099 501 2144 nullum
543 2099 676 2157 [non]
706 2105 723 2125 ³
746 2110 1003 2144 mouentes
1037 2100 1249 2155 lapidem
1291 2116 1386 2156 quo
1423 2115 1508 2145 eos
1532 2101 1575 2145 in
1602 2100 1698 2156 pie-

62 2184 164 2220 tate
188 2190 248 2220 ac
267 2175 495 2221 doctrina
515 2176 677 2233 magis
695 2191 755 2221 ac
778 2176 940 2233 magis
958 2192 1257 2232 promouere
1277 2176 1506 2221 sentiant.
1529 2176 1694 2233 Magr.

61 2252 357 2297 Leonardus
387 2253 402 2276 ⁶
427 2269 488 2298 ex
522 2253 686 2298 Patris
720 2253 974 2310 Baptistae
1009 2254 1320 2310 praescripto
1359 2253 1698 2309 philosophiae

108 2425 127 2444 ἃ
178 2425 272 2462 Hoc
291 2426 487 2471 negandi
503 2427 684 2463 verbnm
703 2428 918 2464 sententia
938 2428 1036 2473 ipsa
1058 2428 1254 2473 requirit.

111 2590 120 2607 ¹
173 2588 428 2633 Paschasius,
450 2601 471 2625 e
491 2589 629 2635 primis
647 2589 796 2636 Ignatii
815 2589 945 2632 sociis,
968 2594 1007 2626 et
1022 2588 1201 2636 Joannes
1221 2588 1267 2624 B.
1286 2588 1423 2630 Viola,
1441 2589 1605 2635 collegii
1624 2589 1697 2625 bil-

62 2649 252 2685 lomensis
271 2649 621 2695 superintendensv
640 2650 811 2685 Romam
832 2648 1000 2696 profecti
1019 2656 1148 2689 erant,
1171 2649 1219 2684 ad
1245 2648 1463 2695 praepositi
1488 2649 1698 2695 generalis

63 2709 316 2745 electionem.

109 2769 122 2786 ²
174 2768 280 2804 Vide
301 2781 434 2815 supra.
456 2781 549 2815 pag.
573 2768 653 2811 435,
677 2775 812 2805 annot.
833 2768 868 2806 2.

108 2828 120 2847 ³
172 2827 380 2865 Guilelmo
400 2829 449 2864 de
468 2828 591 2864 Prato
612 2829 678 2869 (du
696 2828 825 2874 Prat),
847 2829 1011 2875 collegii
1031 2828 1247 2864 fundatori.

109 2888 122 2906 ⁴
172 2888 324 2924 Verbis
342 2887 449 2924 facta
467 2894 772 2925 consenserunt.
796 2887 858 2926 Cf.
888 2888 1168 2931 FOUQUERAY‚
1199 2887 1394 2925 Histoire
1425 2888 1480 2925 de
1506 2889 1549 2925 la
1580 2888 1698 2925 Com-

58 2949 223 2994 pagm'e
240 2947 294 2984 de
305 2947 454 2994 Je‘szts,
476 2948 504 2991 I,
529 2947 695 2985 iss-192.

109 3007 121 3025 ⁵
173 3007 377 3043 Robertus
397 3006 662 3054 Clayssonius
682 3006 928 3054 (Claysson),
947 3008 1062 3055 cujus
1082 3007 1263 3044 meminit
1287 3019 1411 3054 saepe
1430 3006 1695 3055 Fouqueray,

62 3079 183 3113 opere
203 3067 337 3103 citato.

109 3127 122 3145 ⁶
172 3126 412 3162 Leonardus
432 3126 641 3163 Masserus
660 3126 862 3171 (Masser).
