2051 3516
537 295 858 333 lot—Coromsx
887 294 909 331 2
936 294 1143 331 Oc'i‘oBRIs
1173 295 1261 331 1557
1593 295 1664 331 391)

84 394 277 439 sistunt.
307 392 592 447 Caeterum,
620 401 671 437 ut
697 392 758 448 hi,
786 392 823 436 si
850 399 1065 447 possent,
1094 391 1232 435 nobis
1256 400 1509 442 nocerent,
1538 392 1604 436 ita
1628 392 1707 436 alii

84 469 342 526 innumeri,
370 478 418 514 et
452 469 497 513 in
533 479 725 521 senatu,
754 478 801 514 et
835 477 979 513 extra
1015 483 1143 523 eum,
1171 483 1260 512 nos
1294 468 1450 512 modis
1485 469 1709 513 omnibus

82 547 334 592 adiuuant.
364 545 607 602 Exemplo
642 561 752 590 esse
787 553 948 602 potest
983 546 1138 589 bonus
1173 544 1369 600 quidam
1394 533 1602 596 &diues
1636 562 1708 590 se-

83 639 194 680 nex,
221 623 299 680 qui
325 622 495 667 diebus
530 622 868 678 superioribus
901 637 954 666 se
989 622 1201 678 amplam
1236 621 1432 665 domum
1467 620 1706 667 Societati

81 700 309 745 daturum
351 699 486 751 dixit,
529 708 577 743 et
617 699 809 756 quidem
853 707 968 743 ante
1013 706 1238 743 mortem.
1283 696 1557 743 Confirmet
1596 715 1705 743 eum

81 777 218 822 Deus
241 776 286 821 in
313 785 413 821 tam
448 777 576 821 bono
602 776 872 833 proposito.
900 775 1043 820 Alius
1078 775 1215 820 nobis
1250 775 1485 831 templum
1509 776 1571 820 ad
1595 791 1708 820 con-

80 853 376 898 cionandum
397 853 589 909 obtulit„
616 853 662 898 in
688 869 783 910 quo
807 853 920 898 licet
943 867 972 897 a
999 852 1206 908 prandio
1231 851 1370 896 festis
1395 852 1566 896 diebus
1596 868 1707 897 con-

79 931 155 976 cio
180 930 282 987 fiat,
310 930 458 975 uellet
482 939 648 975 tamen
673 941 720 975 et
744 939 942 974 nostros
966 944 1110 974 mane
1135 929 1180 974 in
1205 928 1379 974 eodem
1404 928 1705 979 concionari,

80 1017 347 1064 propterea
373 1007 503 1063 quod
526 1018 724 1052 nostros
748 1016 918 1064 sperat
941 1005 1117 1051 maiori
1143 1020 1254 1051 cum
1278 1005 1561 1050 auditorum
1586 1005 1707 1050 utili-

78 1095 180 1130 tate
204 1085 249 1130 id
274 1084 515 1130 facturos.
545 1084 642 1130 Alii
667 1084 865 1141 quidam
901 1083 967 1129 ita
1002 1099 1090 1129 nos
1124 1092 1312 1139 amant,
1341 1092 1393 1128 vt
1417 1099 1528 1128 cum
1554 1099 1709 1140 nuper

78 1162 146 1207 eis
171 1162 369 1218 quidam
394 1161 562 1218 magni
586 1162 796 1207 nominis
815 1162 990 1206 doctor
1010 1160 1221 1206 offerret
1240 1176 1505 1206 censuram
1525 1161 1706 1206 theolo-

81 1255 258 1295 gorum
280 1238 625 1294 parisiensium
645 1239 704 1283 de
725 1237 977 1284 Societate
1004 1240 1014 1262 1
1042 1238 1159 1295 (qua
1178 1238 1399 1283 inimicus
1420 1247 1597 1283 contra
1620 1254 1708 1282 nos

82 1316 147 1361 uti
172 1325 399 1361 conatur:
422 1315 508 1361 sed
533 1315 686 1368 Deus,
713 1331 877 1373 spem,
905 1316 1009 1360 eius
1029 1324 1238 1360 conatus
1257 1315 1416 1361 malos
1441 1314 1705 1371 impediet),

78 1394 143 1438 illi
178 1409 265 1450 per
290 1389 398 1438 eam
425 1394 559 1438 nulla
583 1409 647 1438 ex
669 1404 811 1450 parte
836 1410 865 1438 a
889 1393 1029 1439 nobis
1052 1392 1238 1438 fuerint
1260 1392 1479 1449 alienati,
1511 1393 1597 1437 sed
1631 1408 1707 1437 ar-

78 1471 314 1516 ctioribus
332 1471 493 1527 potius
509 1471 694 1516 amoris
708 1471 912 1516 uinculis
929 1470 1096 1525 iuneti,
1113 1480 1161 1516 et
1175 1480 1406 1516 strenuos
1419 1486 1470 1515 se
1488 1470 1708 1516 Societa-

77 1547 137 1593 tis
156 1548 448 1593 defensores
467 1548 789 1605 praebuerint
809 1547 1054 1593 aduersus
1074 1558 1277 1593 autores
1297 1547 1424 1593 illius
1444 1563 1706 1593 censurae.

168 1626 258 1670 Est
281 1625 359 1670 hic
383 1641 565 1682 magna
601 1625 743 1670 nobis
777 1634 1056 1670 monstrata
1080 1625 1271 1682 messis,
1299 1641 1446 1682 quam
1470 1625 1707 1682 paulatim

79 1718 227 1759 spero
251 1703 559 1760 colligemus,
587 1703 668 1748 ubi
692 1702 775 1758 illi,
803 1718 926 1759 quos
960 1719 990 1748 a
1023 1702 1164 1748 uobis
1195 1712 1535 1760 expectamus,
1562 1703 1707 1748 aduc-

78 1780 257 1826 nerint.
285 1780 442 1825 Multa
476 1780 554 1825 hic
587 1781 717 1825 bona
752 1780 990 1836 paulatim
1025 1779 1158 1837 fient,
1185 1780 1272 1825 sed
1305 1780 1418 1836 quia
1452 1780 1529 1825 hic
1563 1780 1706 1836 pauci

79 1857 159 1913 qui
184 1857 411 1902 laborent
435 1872 621 1913 sumus,
649 1872 743 1902 non
769 1856 930 1902 adhuc
955 1866 1123 1902 tantus
1147 1856 1225 1902 hic
1248 1856 1439 1902 fructus
1464 1856 1530 1913 fit,
1559 1872 1706 1913 quan-

78 1943 158 1979 tus
192 1933 439 1990 apparuit.
477 1932 575 1979 Sed
615 1949 674 1979 ne
712 1933 1020 1990 negligentia
1060 1944 1232 1979 nostra
1267 1934 1427 1990 potius
1461 1933 1603 1979 huius
1639 1934 1707 1979 rei

78 2026 232 2056 causa
256 2011 317 2056 sit
342 2026 486 2066 quam
511 2011 754 2067 paucitaS,
781 2012 1182 2056 commendamus
1216 2027 1306 2056 nos
1341 2027 1529 2067 omnes,
1556 2011 1706 2055 nomi-

77 2087 230 2133 natim
271 2104 392 2132 uero
433 2087 497 2132 M.
542 2087 829 2140 Henricum,
866 2087 932 2132 M.
976 2087 1317 2144 Franciscum,
1361 2088 1427 2133 M.
1474 2087 1707 2133 Ioannem

77 2165 407 2222 Catenaeum,
435 2175 482 2210 et
508 2165 572 2210 M.
601 2164 837 2210 Ioannem
871 2165 1198 2218 Bercaelium,
1236 2175 1384 2222 atque
1424 2166 1484 2211 M.
1512 2164 1705 2223 Grego-

81 2243 206 2288 rium
231 2242 441 2288 Fabium
466 2242 533 2288 V.
562 2242 615 2288 Ρ.
643 2252 691 2287 et
715 2241 931 2288 omnium
956 2243 1161 2288 Patrum
1186 2259 1246 2289 ac
1270 2244 1482 2289 fratrum
1514 2243 1705 2289 feruen-

81 2320 210 2365 tibus
233 2321 480 2376 precibus
507 2336 645 2376 quos,
673 2335 786 2365 cum
811 2335 917 2375 nos,
946 2330 1046 2365 tum
1081 2329 1239 2366 totum
1264 2322 1529 2377 collegium
1555 2331 1602 2367 et
1626 2322 1704 2366 do-

76 2406 187 2442 ctor
212 2395 505 2454 Gropperus
530 2398 544 2421 2
569 2407 718 2453 atque
743 2398 882 2454 prior
916 2397 1200 2443 carthusiae
1225 2399 1240 2422 3
1265 2413 1376 2443 cum
1401 2398 1573 2443 amicis
1592 2414 1706 2444 cun-

81 2475 168 2520 ctis·
209 2491 353 2531 quam
393 2474 755 2520 officiosissime
789 2475 1081 2521 salutamus,
1119 2476 1254 2521 Bene
1287 2477 1415 2522 uale.
1446 2475 1703 2532 Coloniae,

74 2552 103 2597 (ὁ
127 2568 283 2597 nonas
305 2551 483 2598 Octob.
515 2552 643 2598 1557.

167 2628 244 2674 Ex
279 2629 627 2674 commissione
650 2629 711 2675 R.
740 2629 792 2674 P.
819 2630 1088 2686 Leonardi,
1120 2630 1182 2675 V.
1211 2630 1271 2675 R.
1299 2630 1528 2686 indignus
1560 2629 1702 2681 filius,

802 2723 1025 2769 IOANNES
1058 2724 1287 2770 RETfflUs
1321 2723 1533 2770 Corom.
1571 2726 1587 2749 4

123 2869 133 2887 ¹
186 2867 249 2904 De
269 2868 343 2904 hoc
367 2868 531 2904 decreto
557 2867 621 2913 cf„
651 2868 716 2909 sis,
746 2867 992 2909 POLANCUM,
1027 2868 1195 2907 C'll1'0]l.,
1225 2866 1297 2912 IV,
1326 2867 1397 2903 328
1426 2880 1525 2915 sqq.;
1558 2867 1607 2912 V,
1636 2868 1706 2905 320

75 2938 176 2973 sqq.;
198 2927 393 2964 Monam.
416 2926 575 2972 Ignat.‚
597 2939 676 2964 ser.
700 2927 768 2970 lfl,
790 2925 880 2971 XII,
901 2925 971 2962 614
990 2940 1075 2973 sqq.

122 2986 135 3005 ²
187 2986 294 3023 Vide
313 2999 359 3022 su
389 2999 447 3029 ra,
497 3000 518 3023 a
556 3017 562 3023 .
584 2986 618 3029 2,
641 2992 776 3023 annot.
801 2987 832 3023 1.

122 3046 135 3065 ⁸
186 3045 294 3082 Vide
314 2999 407 3092 pa}
428 2999 621 3091 2‚pangnot.
641 3045 674 3083 2.

121 3107 135 3125 ⁴
186 3105 295 3142 Vide
315 3118 408 3153 pag.
429 3104 511 3150 237,
534 3112 670 3143 annot.
694 3106 724 3143 1.
