2051 3516
629 276 928 313 §sssCoroxm
958 276 1005 312 ‘25
1031 276 1139 323 AIA—11
1172 278 1260 313 1557
1641 280 1711 316 235

124 370 484 426 Apostolorum
511 372 842 416 contulerunt.
870 371 960 416 His
980 371 1127 416 etiam
1153 372 1563 418 hebdomadalem
1590 376 1755 420 adiun-

124 456 307 491 xerunt
331 446 728 503 disputationem.
754 448 1102 504 Amplissimus
1127 458 1396 504 praeterea
1421 460 1592 495 noster
1616 468 1753 497 seua-

124 534 202 567 tus
226 522 598 580 inffhnguarum,
628 524 1027 580 mathematicae,
1063 513 1566 581 philosophiaesiuris
1600 529 1753 583 ponti-

124 598 232 652 ficii,
260 609 308 644 et
337 600 503 655 plures
538 616 716 646 sacrae
751 601 1034 657 theologiae
1069 601 1399 658 professores,
1429 604 1756 651 canonicatus

122 675 354 721 conferre
380 687 605 731 conatur,
634 694 728 735 quo
764 688 811 723 et
847 678 1147 723 uniuersitas
1182 679 1503 737 instauretur,
1533 691 1581 726 et
1612 683 1751 727 breui

121 753 359 809 temporis
394 754 554 810 spatio
590 759 695 800 tota
728 755 902 800 Bz'blz'cz
938 762 955 781 ³
989 756 1330 801 absoluantur.
1370 757 1552 803 Totum
1586 769 1751 804 autem

120 829 226 883 hoc,
257 839 366 885 post
401 824 562 875 Deum
598 832 849 889 diuosque
871 830 906 883 b,
935 831 996 876 D.
1033 831 1298 889 Groppero
1333 846 1592 890 acceptum
1627 836 1752 881 fere-

117 921 240 961 mus,
270 907 408 952 cuius
433 923 589 964 opera
614 919 872 965 peractum
896 918 986 954 est.

175 982 218 1028 8.
286 983 534 1039 Quoniam
564 1000 686 1030 uero
718 985 875 1030 nostri
908 985 955 1030 in
990 986 1090 1034 suis
1124 987 1545 1043 praelectionibus
1568 990 1750 1035 theolo-

117 1059 242 1115 gicis
281 1062 528 1116 permulta
568 1077 758 1118 graeca
792 1074 839 1108 et
874 1063 1060 1108 hebrea
1104 1064 1310 1109 subinde
1355 1065 1643 1122 admiscent,
1681 1067 1751 1112 fa-

116 1135 250 1182 ciunt
284 1146 336 1182 ut
369 1153 588 1194 graecus
623 1148 670 1184 et
704 1140 917 1185 hebreus
955 1140 1213 1196 professor
1253 1143 1401 1199 longe
1444 1142 1752 1199 frequentius

117 1214 258 1259 solito
294 1215 593 1261 auditorium
628 1217 825 1262 habeat.
853 1217 964 1263 Dici
990 1218 1071 1262 uix
1096 1229 1258 1275 potest
1293 1231 1529 1277 quantum
1566 1221 1749 1266 theolo-

115 1291 260 1348 gicae
289 1292 383 1337 hae
406 1304 691 1338 nostrorum
726 1295 1090 1351 praelectiones
1125 1293 1429 1342 Societatem
1455 1299 1584 1354 apud
1608 1314 1750 1344 sena-

116 1379 232 1423 tum,
260 1369 447 1414 clerum
483 1380 531 1415 et
564 1371 799 1427 populum
834 1373 1179 1417 commendent
1214 1383 1363 1430 atque
1398 1385 1745 1430 promoueant.

116 1444 223 1490 Non
260 1447 403 1502 pauci
428 1447 486 1492 de
511 1446 763 1493 Societate
797 1464 908 1493 eam
944 1460 1281 1506 conceperunt
1315 1466 1468 1508 spem,
1496 1453 1625 1508 quod
1660 1469 1750 1510 per

114 1537 223 1567 eam
250 1523 534 1580 theologiae
559 1524 771 1571 studium
796 1526 988 1582 penitus
1023 1527 1296 1584 collapsum
1322 1528 1368 1573 in
1395 1530 1654 1586 pristinum
1675 1547 1747 1576 re-

114 1600 415 1646 stituendum
437 1602 498 1647 sit
523 1612 725 1648 statum.

171 1677 214 1722 9.
282 1677 446 1724 Tanto
480 1695 569 1724 nos
604 1680 840 1737 religiosi,
869 1682 1109 1735 canonici,
1137 1693 1398 1729 senatores
1423 1696 1469 1729 et
1494 1685 1574 1730 alii
1598 1685 1747 1731 hono-

113 1768 166 1798 re
191 1766 575 1813 prosequuntur‚
603 1767 656 1802 ut
679 1772 775 1802 non
801 1773 920 1803 raro
948 1759 1113 1816 magni
1138 1759 1285 1817 aliqui
1323 1761 1413 1806 uiri
1448 1762 1641 1818 priores
1666 1778 1746 1808 ue-

110 1830 355 1877 nientibus
391 1833 573 1878 nostris
607 1843 756 1890 caput
795 1836 1039 1892 aperiant,
1081 1846 1129 1881 et
1169 1837 1227 1882 de
1257 1837 1338 1883 uia
1375 1839 1568 1885 cedant.
1604 1840 1744 1885 Multi

110 1910 359 1964 praeclari
384 1910 491 1964 uiri,
519 1911 599 1968 qui
624 1921 772 1958 antea
797 1928 978 1958 auerso
1004 1930 1033 1959 a
1058 1915 1197 1960 nobis
1222 1917 1527 1971 putabantur
1561 1918 1743 1974 animo,

111 2001 240 2031 nunc
264 1988 482 2033 maxima
517 1989 704 2034 amoris
728 1990 871 2046 signa
896 1991 1177 2037 ostendunt.
1206 1992 1435 2038 Nonnulli
1471 1995 1637 2052 etiam,
1665 1996 1744 2052 qui

110 2072 225 2108 ante
250 2064 585 2111 credebantur
619 2066 872 2121 haeretici,
900 2068 998 2112 iam
1024 2069 1220 2115 catolici
1244 2086 1353 2116 esse
1378 2072 1630 2129 incipiunt,
1659 2083 1745 2118 aut

110 2140 287 2185 saltem
311 2156 363 2186 se
392 2142 519 2187 tales
553 2143 798 2188 simulant.
838 2144 982 2189 Certe
1016 2146 1385 2193 haereticorum
1421 2149 1745 2196 ecclesiastae

111 2228 158 2261 et
182 2227 494 2273 protectores
528 2229 629 2264 tam
671 2220 905 2266 dissolute
941 2223 1129 2281 uiuunt,
1166 2233 1368 2281 tamque
1404 2226 1531 2271 inter
1566 2243 1617 2272 se
1652 2228 1742 2272 dis-

109 2298 342 2346 sentiunt,
370 2307 422 2341 ut
447 2297 623 2342 mirum
647 2298 692 2342 in
718 2298 917 2343 modum
942 2300 1055 2345 hinc
1084 2302 1280 2346 catolici
1316 2302 1670 2349 confirmentur
1694 2315 1743 2350 et

109 2371 344 2417 haeretici
380 2384 647 2431 angantur.
676 2374 933 2422 Haeretici
969 2377 1105 2423 aiunt
1138 2378 1379 2424 Luterum
1417 2382 1569 2426 multa
1601 2382 1660 2426 de
1690 2382 1739 2427 li-

108 2449 301 2495 bertate
326 2450 595 2496 christiana
630 2465 765 2497 recte
799 2453 1109 2511 disseruisse,
1143 2457 1227 2501 sed
1263 2457 1351 2502 hos
1387 2458 1626 2514 pessimos
1660 2459 1741 2515 pia

108 2525 212 2571 eius
238 2527 465 2573 doctrina
489 2529 551 2573 ad
578 2530 842 2578 luxuriam,
870 2531 1118 2577 libidinem
1139 2543 1186 2578 et
1205 2550 1397 2579 omnem
1421 2535 1738 2594 prauitatem,

107 2603 319 2660 turpiter
353 2606 505 2660 abuti,
533 2622 593 2651 ac
627 2607 1007 2654 concionatores
1042 2625 1225 2666 magna
1261 2627 1343 2656 sua
1388 2612 1633 2658 discordia
1658 2630 1739 2659 ue-

108 2697 215 2726 rum
251 2682 545 2728 subuertere
580 2685 895 2741 euangelium
931 2696 979 2731 et
1013 2687 1110 2732 iam
1145 2688 1501 2743 propemodum
1535 2691 1738 2737 subuer-

108 2758 240 2804 tisse.
1624 2770 1627 2771 ⁷

168 2836 235 2881 10.
304 2836 512 2882 Colonia
552 2839 833 2896 Agrippina
874 2840 1029 2886 fidelis
1074 2858 1220 2899 spero
1264 2854 1441 2901 perget
1486 2861 1594 2891 esse
1638 2845 1739 2892 filia

106 2922 310 2958 sanctae
336 2930 573 2961 romanae
600 2916 845 2963 Eclesiae.
873 2917 1088 2964 Senatus
1114 2920 1289 2976 quippe
1314 2937 1442 2967 nunc
1476 2922 1736 2970 feruentis-

153 3087 170 3107 a
216 3083 343 3116 totum
364 3082 480 3118 vetus
499 3089 538 3118 et
557 3096 707 3120 nouum
727 3091 1028 3121 testamentum.
1083 3085 1149 3112 ——b
1181 3094 1435 3134 sanctosque.
