2051 3516
624 331 938 368 179.—PERi·s1‹)
966 333 987 367 4
1009 332 1124 378 ⁵Ian
1156 332 1247 367 15:38
1635 330 1704 366 737

114 435 302 471 rentur.
331 425 564 481 Augetur
587 426 633 470 in
658 426 761 472 dies
784 424 1124 471 confitentium
1149 440 1402 479 numerus,
1425 433 1574 481 atque
1593 425 1749 470 incre-

113 502 286 548 dibiles
309 501 504 547 fructus
529 512 805 559 reportant.

171 579 214 625 8.
282 578 480 624 Accidit
504 579 632 625 enim
657 580 785 625 inter
814 579 928 635 alia,
967 588 1020 624 ut
1053 593 1163 624 cum
1199 579 1275 624 uir
1309 579 1507 636 quidam
1541 578 1757 625 fratrem¹

114 670 272 711 suurn,
300 670 330 701 a
355 671 452 712 quo
476 671 530 702 se
553 666 858 713 extorquere
887 655 1070 712 aliquid
1104 657 1359 712 sperabat,
1397 656 1443 701 in
1478 656 1759 713 periculum.

111 732 288 789 capitis
311 733 462 778 uellet
485 733 752 790 adducere,
779 733 909 791 quod
933 732 1012 779 ille
1037 733 1135 778 iam
1160 732 1349 789 pridem
1374 733 1631 790 utriusque
1651 733 1752 779 fra·

111 820 238 854 trem
263 808 505 855 maiorem
529 820 649 856 natu
674 810 1022 866 interfecisset,
1050 818 1099 855 et
1122 808 1220 854 iam
1246 824 1401 865 prope
1426 825 1520 855 non
1546 810 1653 855 iure
1687 810 1752 856 le-

111 901 230 942 gum
254 895 342 931 aut
364 885 661 932 iudiciorum
685 887 1024 939 contenderet,
1049 885 1135 931 sed
1169 885 1324 931 armis
1359 900 1553 942 quoque
1588 898 1743 933 certa-

113 971 268 1019 retur3
296 977 407 1008 eam
431 978 625 1009 ornnem
659 963 1058 1009 controuersiam
1093 962 1174 1007 Pr.
1200 966 1381 1008 'rector
1415 963 1580 1008 diuino
1614 965 1752 1010 auxi-

113 1038 176 1084 lio
200 1039 455 1085 diremerit
480 1052 527 1085 et
560 1040 922 1086 inimicissimos
956 1039 1145 1085 fratres
1178 1041 1242 1085 ab
1275 1040 1504 1085 intestino
1540 1041 1652 1086 odio
1689 1041 1752 1087 ad

111 1130 356 1161 summam
379 1117 602 1172 gratiam
627 1128 674 1163 et
698 1116 1098 1163 beneuolentiam
1132 1117 1402 1162 reuocarit.
1431 1117 1575 1162 Alius
1610 1133 1750 1175 uero,

111 1192 192 1248 qui
217 1193 397 1238 multos
421 1208 579 1239 annos
602 1208 764 1250 graue
787 1193 1036 1250 quoddam
1060 1202 1322 1250 peccatum
1357 1194 1404 1238 in
1438 1193 1754 1241 confessione

111 1270 322 1325 celarat,
349 1271 550 1316 tandem
574 1271 819 1317 adductus
842 1280 918 1316 est
942 1280 995 1316 ut
1018 1269 1358 1326 confiteretur,
1383 1286 1534 1328 seque
1554 1281 1752 1317 contra-

113 1356 195 1391 cta
219 1347 455 1393 uitiorum
480 1349 610 1394 mole
634 1364 694 1394 ac
717 1348 1058 1405 magnitudine
1082 1348 1337 1394 liberaret.
1361 1349 1489 1393 Tum
1508 1348 1651 1405 alius,
1675 1350 1754 1405 qui

112 1433 301 1480 septem
325 1439 482 1469 annos
502 1425 783 1482 turpissime
806 1425 1006 1471 uixerat
1025 1426 1089 1471 ob
1107 1426 1383 1482 impudicae
1402 1426 1622 1471 mulieris
1641 1442 1753 1471 con-

111 1500 436 1558 suetudinem,
464 1501 528 1547 ab
552 1502 634 1547 illa
659 1501 858 1547 tandem
884 1502 1128 1548 abductus
1147 1511 1237 1559 est,
1260 1518 1321 1548 ac
1339 1502 1536 1548 uidetur
1555 1503 1754 1548 omnino

114 1593 282 1623 mores
321 1578 558 1634 pristinos
598 1579 899 1625 immutasse.
944 1579 1238 1625 Foeminam
1278 1590 1548 1636 praeterea
1586 1581 1754 1626 nescio

114 1671 278 1712 quam,
307 1657 554 1702 humanae
578 1667 790 1703 naturae
814 1657 970 1703 hostis
994 1673 1053 1703 eo
1084 1658 1381 1703 temeritatis
1411 1658 1673 1715 adegerat,
1702 1668 1756 1704 ut

114 1733 174 1778 de
199 1733 364 1779 diuina
398 1734 743 1780 misericordia
778 1735 906 1780 omni
942 1750 1006 1780 ex
1039 1745 1183 1791 parte
1217 1736 1527 1793 desperaret,
1565 1736 1755 1792 sibique

112 1811 441 1867 persuaderet
465 1811 627 1857 Deum
651 1812 888 1868 optimum
913 1828 1011 1858 non
1036 1828 1200 1869 posse,
1227 1828 1317 1858 nec
1343 1813 1525 1858 dolenti
1559 1813 1753 1870 quidem

115 1888 205 1933 sibi
245 1897 436 1934 tantam
476 1890 794 1935 atrocitatem
833 1890 1093 1935 criminum
1134 1890 1437 1943 condonare,
1479 1906 1755 1948 parumque

113 1965 288 2019 abfuit,
326 1965 439 2022 quin
474 1966 563 2011 sibi
598 1976 810 2012 mortem
845 1967 1163 2013 consciuerit.
1206 1967 1360 2013 Pater
1399 1976 1583 2023 autem,
1624 1969 1754 2013 omni

112 2057 289 2088 errore
313 2044 527 2100 sublato,
555 2059 666 2089 eam
690 2044 847 2100 ipsam
873 2044 919 2089 in
945 2044 1203 2090 meliorem
1229 2054 1442 2090 mentem
1473 2060 1534 2090 ex
1560 2061 1756 2090 summa

113 2119 306 2165 insania
332 2129 380 2165 et
405 2120 752 2177 desperatione
776 2121 1015 2167 traduxit.

173 2196 216 2242 9.
285 2195 560 2242 Carcerem
584 2213 644 2243 ac
678 2198 989 2243 xenodochia
1025 2200 1175 2255 (quod
1209 2199 1471 2255 diligenter
1502 2215 1531 2244 a
1573 2200 1756 2245 nostris

113 2274 283 2319 curari
307 2275 452 2330 solet)
478 2290 598 2320 raro
621 2275 893 2331 inuisimus,
921 2275 1013 2320 nisi
1038 2276 1220 2332 rogati,
1243 2292 1302 2321 ne
1322 2276 1540 2322 fortasse
1560 2277 1668 2322 aliis
1688 2276 1754 2321 vi-

114 2351 183 2395 ris
206 2351 472 2408 religiosis,
501 2352 678 2409 quibus
709 2352 805 2398 iam
839 2353 920 2397 diu
955 2368 1016 2398 ea
1051 2368 1174 2398 cura
1209 2353 1475 2398 commissa
1509 2363 1599 2405 est,
1638 2354 1755 2399 iniu-

115 2427 241 2473 riam
266 2428 440 2475 facere
464 2429 738 2475 uideamur.

175 2505 243 2552 10.
312 2506 402 2552 His
427 2508 577 2553 rebus
601 2517 818 2564 augetur
843 2508 889 2553 in
914 2523 1004 2553 nos
1028 2508 1206 2553 ciuium
1232 2524 1375 2554 amor
1405 2519 1454 2554 et
1487 2510 1756 2554 obseruan-

113 2582 182 2627 tia
206 2583 492 2641 singularis,
520 2599 680 2640 neque
703 2584 845 2630 nobis
869 2583 1126 2641 patiuntur
1150 2585 1333 2642 aliquid
1367 2601 1584 2642 unquam
1620 2586 1755 2631 dees-

115 2673 183 2704 se.
212 2658 538 2706 Gubernator
562 2661 704 2706 huius
727 2661 884 2719 vrbis,
905 2677 1032 2718 quae
1057 2662 1119 2707 ad
1145 2678 1233 2707 nos
1258 2662 1521 2719 pertinent,
1544 2672 1592 2708 et
1612 2673 1757 2708 curat

114 2745 163 2780 et
186 2745 356 2782 tuetur
381 2736 770 2794 diligentissime.
799 2738 956 2783 Rdus.
980 2748 1146 2784 autem
1165 2739 1426 2795 episcopus
1451 2741 1464 2763 ¹
1490 2755 1581 2785 nec
1604 2741 1758 2786 rebus

114 2828 206 2858 nec
230 2813 538 2860 authoritate
563 2815 713 2860 deest.
738 2815 808 2860 At
832 2831 955 2860 vero
992 2816 1297 2872 amplissimo
1331 2815 1576 2862 cardinali
1609 2832 1754 2874 peru-

112 2890 219 2936 sino
256 2892 290 2948 2,
331 2891 472 2937 cuius
516 2901 716 2938 exstant
755 2892 801 2937 in
843 2908 933 2939 nos
971 2892 1211 2939 beneficia
1251 2893 1485 2950 maxima,
1522 2893 1617 2939 dici
1658 2909 1760 2939 non

114 2977 279 3024 potest
302 2980 519 3026 quantae
543 2985 697 3016 curae
720 2971 889 3017 simus.

164 3087 174 3106 ¹
227 3087 336 3125 Vide
356 3102 450 3136 pag.
472 3089 553 3135 477,
575 3096 712 3126 annot.
733 3090 768 3126 3.

165 3145 178 3164 ²
229 3147 331 3195 Pag.
352 3148 434 3194 478,
457 3154 594 3185 annot.
618 3149 649 3186 1.

264 3225 432 3254 L1TT1-:RAE
454 3225 753 3259 QUADR1MESTRES.
775 3226 867 3254 TOM.
890 3226 927 3254 V.
1589 3228 1626 3256 47
