2051 3516
508 314 832 353 llo—Commu
861 313 903 350 19
929 312 1176 350 Novssnissms
1207 312 1294 347 1357
1598 310 1662 346 421

84 421 215 456 trum
240 425 300 455 ac
325 409 536 454 fratrum
572 408 762 465 aspirat
799 406 1068 457 laboribus,
1107 406 1450 451 conuictorum
1488 405 1711 461 multipli-

81 497 225 533 catur
248 501 501 531 numerus.
529 486 579 530 In
607 501 776 530 mensa
801 499 929 529 nunc
953 482 1029 528 hic
1053 498 1221 528 sumus
1243 482 1314 534 33,
1348 492 1396 527 et
1430 482 1595 538 plures
1629 497 1709 526 ex<

82 576 353 622 pectamus.
396 562 447 608 In
484 563 556 608 his
591 571 757 608 autem
795 561 1001 616 duobus,
1039 559 1210 604 schola
1245 567 1292 604 et
1326 559 1709 612 conuictoribus,

82 643 262 688 bonam
288 640 461 686 messis
486 649 685 685 nostrae
710 648 903 696 partem
927 637 1072 683 sitam
1093 651 1201 682 esse
1221 635 1484 681 credimus.
1512 636 1639 681 Nam
1666 636 1710 681 in

82 718 226 764 nullis
249 717 385 762 Deus
409 716 780 761 misericordius
805 714 946 760 nobis
969 714 1126 770 adest,
1155 728 1302 769 quam
1333 712 1377 757 in
1412 712 1532 768 istis3
1570 714 1633 757 ob
1667 712 1713 757 id

84 794 311 841 fortassis
335 794 465 851 quod
488 794 603 839 nihil
629 793 794 838 utilius
819 802 867 838 et
890 790 1065 836 maiori
1102 805 1213 835 cum
1248 789 1585 835 aedificatione
1617 788 1709 834 Co<

83 871 245 918 ioniae
285 887 314 916 a
348 869 602 915 Societate
636 868 882 926 praestari
918 876 1097 925 potest,
1136 882 1283 924 quam
1318 875 1370 911 ut
1403 866 1632 911 iuuentus
1669 866 1713 911 in

87 948 256 994 schola
280 956 329 993 et
352 947 481 992 domi
509 956 645 992 recte
670 946 883 998 iuuetur,
912 953 963 990 vt
987 944 1119 989 bona
1150 952 1198 989 et
1231 943 1377 988 docta
1414 940 1512 987 fiat.
1552 942 1714 988 Habe-

87 1041 195 1071 mus
233 1023 459 1082 profecto
500 1024 805 1068 iuuentutem
845 1036 1163 1067 numerosam
1203 1019 1249 1065 in
1290 1019 1486 1071 scholis,
1535 1020 1714 1065 bonam

87 1112 234 1159 atque
258 1101 512 1146 selectam.
535 1099 587 1145 In
607 1099 837 1145 conuictu
860 1114 979 1144 uero
1000 1113 1096 1143 non
1115 1097 1353 1143 habemus
1372 1096 1462 1141 nisi
1483 1096 1715 1141 nobilium

88 1189 136 1226 et
169 1178 461 1236 optimatum
498 1176 637 1223 filios.
675 1176 1002 1233 Quorundam
1033 1184 1267 1231 parentes
1291 1189 1506 1230 magnae
1530 1173 1713 1219 autori-

89 1257 204 1303 tatis
227 1264 339 1302 sunt
362 1255 493 1312 apud
519 1254 706 1300 uicinos
729 1253 990 1311 principes:
1029 1261 1078 1298 et
1112 1252 1242 1309 quod
1277 1252 1454 1297 mirum
1490 1260 1580 1303 est,
1619 1250 1716 1308 qui-

92 1334 205 1379 dam
241 1333 304 1378 ad
338 1348 428 1378 nos
463 1332 595 1377 missi
629 1340 742 1377 sunt
775 1331 839 1376 ab
873 1330 989 1387 ipsis
1012 1328 1294 1375 haereticis.
1324 1328 1387 1373 Et
1411 1338 1578 1373 tamen
1602 1343 1713 1373 con-

90 1412 306 1458 uictores
339 1426 510 1455 omnes
545 1419 726 1455 natura
760 1408 874 1454 boni
907 1417 1037 1465 sunt,
1070 1406 1377 1461 tractabiles,
1406 1405 1645 1462 morigeri
1669 1415 1717 1451 et

90 1489 270 1546 optime
307 1487 410 1545 spei
450 1488 669 1533 iuuenes.
707 1486 920 1543 Quidam
955 1485 1262 1541 adolescens,
1301 1484 1537 1530 haeretici
1573 1482 1714 1539 filius,

92 1565 280 1611 iuuenis
304 1565 496 1622 quidem
523 1564 784 1609 admodum
809 1571 990 1615 aetate,
1015 1562 1100 1608 sed
1125 1570 1321 1607 statura
1353 1577 1430 1606 me
1463 1561 1638 1610 maior,
1667 1561 1714 1605 li*

90 1653 168 1688 cet
202 1641 339 1688 breui
375 1651 564 1687 tantum
600 1650 823 1697 tempore
857 1640 987 1696 apud
1021 1655 1111 1684 nos
1145 1638 1310 1694 fuerit,
1349 1638 1523 1695 caligis
1554 1646 1718 1683 tamen

92 1719 332 1775 dissectis,
360 1734 483 1775 quas
506 1734 673 1764 secum
699 1717 878 1775 attulit,
905 1716 1114 1774 amplius
1138 1717 1206 1762 uti
1230 1732 1325 1762 non
1351 1716 1470 1772 uult,
1498 1725 1547 1761 et
1582 1731 1715 1761 rosa-

91 1797 217 1843 rium
243 1812 411 1843 secum
436 1795 533 1841 fert
557 1795 705 1852 (quod
731 1795 858 1840 inter
882 1794 1131 1840 studiosos
1155 1794 1396 1839 hactenus
1417 1793 1556 1838 nimis
1576 1793 1718 1838 inusi-

90 1885 247 1921 tatum
273 1873 383 1930 fuit)
408 1883 456 1919 et
479 1873 594 1919 nihil
619 1872 957 1929 magistimet,
985 1887 1133 1929 quam
1157 1871 1287 1928 quod
1312 1887 1372 1917 ne
1407 1887 1496 1928 per
1530 1880 1721 1927 patrem

92 1969 121 1997 a
144 1951 284 1998 nobis
307 1960 565 1997 auocetur.

152 2030 194 2075 4.
262 2029 366 2074 Hos
398 2028 714 2074 conuictores
738 2028 798 2072 R.
827 2027 880 2072 P.
908 2026 1205 2072 Leonardus
1237 2036 1285 2072 et
1319 2027 1384 2071 M.
1422 2026 1724 2071 Franciscus

96 2106 339 2152 Costerus
363 2121 456 2151 non
479 2120 622 2150 secus
647 2105 692 2150 in
718 2104 901 2161 pietate
925 2112 1162 2149 exercent
1197 2118 1341 2160 quam
1377 2103 1543 2148 nouitii
1570 2103 1723 2148 nostri

94 2183 322 2230 exerceri
360 2183 519 2229 solent
558 2182 604 2227 in
644 2181 818 2228 Italiae
857 2181 1098 2238 collegiis.
1140 2181 1333 2226 Dextre
1373 2190 1537 2226 tamen
1574 2180 1619 2225 id
1655 2180 1721 2225 fa-

93 2262 249 2308 ciunt:
296 2270 349 2307 ut
392 2276 485 2306 non
533 2270 768 2317 tanquam
817 2259 1101 2317 religiosos,
1151 2259 1237 2304 sed
1282 2267 1519 2314 tanquam
1571 2259 1725 2303 bonos

95 2340 440 2385 adolescentes
464 2348 511 2383 et
536 2337 832 2383 christianos
857 2346 1080 2382 tractare
1104 2351 1191 2381 eos
1215 2336 1495 2381 uideantur.
1518 2335 1725 2391 Hocque

95 2426 267 2474 agunt,
307 2427 357 2463 vt
391 2416 669 2462 existiment
704 2414 1018 2460 conuictores
1052 2413 1225 2459 leniter
1260 2413 1522 2458 admodum
1557 2427 1724 2457 secum

52 2493 55 2495 ’
95 2495 194 2551 agi,
239 2494 367 2551 quod
403 2491 702 2551 poenitentia
737 2501 928 2538 tantum
962 2507 1100 2536 more
1131 2490 1396 2536 Societatis
1431 2490 1486 2535 iis
1521 2489 1724 2545 iniungi-

95 2581 191 2629 tur3
219 2584 264 2618 et
292 2587 385 2617 non
416 2571 700 2616 caeduntur·
730 2569 901 2627 uirgis,
930 2580 980 2614 vt
1015 2569 1059 2614 in
1096 2568 1275 2614 scholis
1309 2567 1588 2613 triuialibus
1622 2566 1726 2612 fieri

97 2648 370 2695 consueuit.
398 2648 540 2693 Nunc
564 2648 632 2693 ita
656 2646 963 2704 poenitentiis
993 2646 1097 2692 istis
1130 2645 1313 2691 assueti
1349 2654 1476 2701 sunt,
1504 2656 1554 2689 vt
1579 2644 1725 2689 liben-

96 2737 173 2773 ter
198 2743 284 2772 eas
308 2737 475 2783 agant.
507 2725 609 2771 Imo
644 2740 833 2782 coquus
866 2735 1036 2769 noster
1070 2722 1333 2779 aliquando
1368 2721 1645 2779 ingreditur
1679 2731 1727 2766 et

98 2803 413 2862 reprehendit
431 2819 517 2849 eos
537 2803 738 2858 acriter,
763 2811 815 2847 vt
834 2802 994 2847 frater
1014 2809 1183 2846 noster
1202 2799 1448 2844 Antonius
1468 2798 1671 2844 Reonus
1692 2800 1723 2853 ¹,

147 3014 154 3032 ¹
209 3011 276 3047 Ad
296 3010 462 3047 fratrem
483 3009 709 3046 Antonium
729 3009 835 3045 Rion
856 3008 1008 3055 pluries
1027 3006 1173 3042 allusio
1193 3005 1234 3041 fit
1253 3005 1292 3041 in
1313 3005 1458 3042 nostris
1487 3005 1727 3042 Monumen-

99 3073 160 3109 tis.
184 3070 270 3108 Cfr.
293 3083 326 3107 e.
346 3082 386 3116 g.
408 3069 651 3113 ΡοιΑΝωΜ,
678 3069 845 3112 Chron..
866 3067 915 3111 II,
941 3067 1018 3111 lo&
1042 3066 1234 3102 illommz.
1255 3065 1397 3111 Jgnat.
1416 3077 1494 3102 ser.
1509 3066 1580 3110 U,
1597 3065 1627 3109 Ι,
1644 3066 1725 3111 205,

99 3131 181 3176 518,
200 3130 286 3167 633.
