2051 3516
589 336 913 373 loz—PATAwo
943 336 986 373 16
1007 336 1117 384 Jurn
1146 336 1237 372 1558
1271 382 1272 385 Ἴ
1615 334 1684 371 753

95 431 194 476 mul
217 430 571 476 eucharistiam
595 432 883 488 suscipiunt.
912 431 1093 477 Postea
1123 446 1247 476 uero
1282 431 1327 475 in
1362 431 1512 475 rebus
1546 430 1635 486 piis
1669 445 1730 475 ac

94 506 469 552 misericordiae
493 508 728 563 operibus
752 509 949 554 assidue
973 523 1026 554 se
1054 506 1329 565 [ex]ercent
1353 507 1391 563 ²¹,
1414 507 1730 563 quibuscum·

94 599 188 640 que
212 593 418 640 possunt
442 583 576 629 uitae
600 585 978 631 sanctimoniam
1003 584 1306 642 persuadere
1331 593 1588 629 conantes.
1617 583 1733 640 Quo

93 660 290 706 facilius
313 670 479 705 autem
504 661 549 705 id
574 662 773 718 assequi
797 663 1016 719 ualeant,
1045 676 1308 719 pauperes,
1335 670 1384 706 et
1417 675 1504 706 eos
1539 661 1731 717 praeci-

94 753 188 793 pue
212 737 291 793 qui
317 737 447 782 omni
472 753 626 794 prope
652 739 866 784 humano
891 739 1077 784 auxilio
1109 738 1325 784 destituti
1350 752 1542 783 summa
1577 737 1624 782 in
1649 752 1729 782 ne-

92 813 324 859 cessitate
350 829 518 858 rerum
543 815 761 862 omnium
786 825 898 860 sunt
924 815 1084 871 positi,
1108 814 1321 872 propriis
1339 814 1662 860 facultatibus
1683 824 1732 859 et

92 891 395 947 inquirendis
433 892 745 937 eleemosinis
784 892 1040 937 adiuuant:
1083 892 1212 937 inter
1237 886 1337 937 eos
1377 903 1592 949 quatuor
1630 893 1730 937 exi-

90 978 225 1013 stunt
250 968 516 1014 uniuersae
540 969 948 1025 congregationis
980 969 1222 1025 praefecti
1247 970 1388 1015 iuxta
1412 980 1627 1026 quatuor
1651 985 1728 1013 ur—

23 1043 26 1046 ’
94 1045 167 1090 bis
191 1055 362 1101 partes
387 1045 625 1102 dispositi,
648 1046 820 1091 diebus
844 1045 983 1091 festis
1009 1045 1235 1091 omnibus
1255 1047 1661 1092 conuenientibus
1681 1056 1730 1091 et

94 1122 231 1167 circa
270 1137 546 1178 pauperum
583 1122 797 1168 officium
846 1123 1258 1179 consultantibus,
1302 1124 1510 1179 singulis
1549 1123 1731 1179 aliquid

91 1199 341 1255 agendum
368 1200 731 1255 praescribunt.
761 1199 920 1244 Enixe
955 1199 1105 1244 etiam
1130 1199 1329 1244 student
1359 1200 1593 1257 uulgatas
1630 1216 1733 1244 mu·

91 1275 241 1321 lieres
263 1291 289 1320 e
312 1277 494 1321 tartari
518 1276 745 1322 faucibus
769 1276 982 1333 eripere,
1017 1285 1065 1321 et
1089 1275 1151 1320 ad
1182 1276 1459 1332 perfectam
1496 1277 1628 1321 uitae
1664 1277 1730 1321 in-

90 1352 380 1408 tegritatem
420 1354 662 1399 reducere
706 1353 732 1399 ¹.
776 1353 917 1410 Quas
957 1355 1020 1399 ob
1061 1369 1142 1399 res
1180 1354 1443 1410 episcopus
1482 1354 1497 1378 2
1539 1369 1730 1399 necnon

90 1430 226 1475 urbis
250 1441 459 1487 praetor
493 1432 617 1476 miro
652 1447 739 1477 eos
774 1447 948 1477 amore
983 1431 1214 1488 prosequi
1251 1431 1496 1487 uidentur,
1535 1447 1731 1476 omnem

90 1522 231 1552 suam
257 1523 465 1564 operam
489 1508 581 1553 illis
607 1508 913 1565 pollicentes:
951 1508 1078 1553 inter
1113 1520 1317 1553 caetera
1353 1506 1481 1553 e'nim
1516 1509 1730 1553 relatum

93 1594 168 1629 est
192 1585 334 1630 nobis
358 1595 643 1641 praetorem
670 1601 766 1630 non
792 1585 957 1630 multis
981 1585 1153 1630 diebus
1179 1594 1293 1630 ante
1314 1585 1495 1630 festum
1515 1583 1730 1641 Spiritus

93 1659 281 1718 Sancti,
308 1662 402 1707 illis
424 1661 513 1708 200
535 1677 718 1707 aureos
742 1663 1046 1718 pauperibus
1072 1662 1439 1708 distribuendos
1463 1677 1722 1719 erogasse,

151 1739 192 1784 7.
260 1739 504 1796 Exemplo
524 1741 746 1785 uirorum
765 1740 1034 1785 nobiliores
1055 1740 1299 1796 quaedam
1318 1751 1578 1785 matronae
1598 1741 1730 1785 exci-

91 1826 246 1868 tatae,
273 1826 618 1862 conuenerunt
641 1817 841 1862 circiter
860 1817 1029 1862 decem
1055 1828 1102 1862 et
1122 1826 1255 1872 octo,
1282 1817 1459 1862 eadem
1485 1833 1574 1874 pro
1599 1818 1728 1862 uirili

90 1903 233 1950 parte
258 1894 386 1940 Inter
410 1895 642 1940 mulieres
673 1905 985 1952 exercentes,
1014 1895 1221 1952 singulis
1256 1895 1508 1940 mensibus
1538 1895 1731 1940 confes-

90 1970 278 2016 sionem
304 1986 363 2016 ac
387 1972 783 2017 communionem
807 1972 1202 2028 frequentantes

147 2047 190 2092 8.
258 2047 405 2104 Quod
445 2058 612 2094 autem
653 2049 715 2093 ad
756 2049 954 2094 scholas
994 2048 1224 2106 pertinet,
1267 2049 1491 2105 discipuli
1533 2049 1730 2094 externi

91 2135 201 2181 post
226 2126 413 2181 pascha
449 2126 493 2170 in
529 2125 632 2171 dies
666 2135 955 2181 creuerunt,
984 2126 1063 2182 qui
1089 2126 1186 2171 iarn
1218 2141 1481 2171 numerum
1517 2125 1729 2182 quadra-

89 2203 333 2259 gesimum
366 2213 684 2260 superarunt,
712 2219 922 2260 quorum
958 2203 1181 2260 plerique
1217 2203 1515 2259 rhetoricae,
1555 2203 1730 2260 reliqui

88 2280 456 2337 grammaticae
479 2280 695 2326 student:
724 2296 984 2337 speramus
1009 2292 1177 2325 autem
1214 2280 1353 2326 breui
1381 2281 1535 2325 multo
1562 2281 1733 2336 plures

90 2358 301 2413 futuros,
329 2358 367 2403 si
392 2358 463 2414 (ut
487 2357 796 2415 confidimus)
822 2358 868 2403 in
894 2358 1055 2403 locum
1080 2358 1329 2414 aptiorem
1355 2358 1401 2402 in
1426 2358 1586 2402 medio
1612 2357 1729 2403 ciui·

88 2435 204 2480 tatis
228 2435 576 2492 migrabimus,
603 2445 652 2480 et
676 2435 870 2491 aliquos
904 2434 983 2491 qui
1020 2450 1257 2491 magnam
1293 2445 1341 2480 et
1377 2434 1451 2480 sui
1486 2445 1534 2480 et
1570 2434 1729 2480 nostri

89 2512 488 2568 expectationem
514 2512 761 2558 sustinere
786 2513 1004 2569 ualeant,
1033 2513 1253 2558 mittetis.

137 2656 156 2674 ‘¹
206 2656 411 2692 Abscissa
431 2655 511 2692 cha
519 2658 598 2692 itta.

137 2789 147 2807 ¹
199 2787 264 2824 De
292 2788 367 2824 hac
395 2787 717 2833 congregatione
744 2787 793 2823 cf.
824 2786 1084 2830 §Aecum-itm,
1115 2785 1231 2822 Hz‘st.
1263 2786 1354 2822 Soc.
1378 2785 1506 2832 Jeszt,
1539 2791 1642 2832 part.
1677 2785 1729 2828 II,

88 2847 156 2884 lib.
178 2846 227 2893 II,
248 2860 286 2884 n.
308 2845 366 2892 72;
389 2852 429 2883 et
448 2846 612 2883 TACCHI
637 2846 840 2889 visurum,
864 2846 1088 2888 Istorz'a...‚
1109 2845 1140 2888 I,
1160 2845 1243 2888 379.
1272 2845 1339 2881 ubi
1366 2845 1474 2881 inter
1501 2845 1582 2882 alia
1609 2845 1730 2882 docu-

90 2912 228 2943 menta
246 2907 349 2942 hanc
369 2906 582 2953 epistolam
602 2912 816 2942 memorat.

135 2966 147 2985 ²
197 2965 441 3002 Patavinam
476 2965 681 3002 dioecesin
715 2964 1026 3002 administrabat
1065 2964 1265 3011 Aloysius
1305 2964 1524 3001 cardinalis
1563 2964 1731 3011 pisanus

87 3025 264 3070 (EUBEL,
293 3025 620 3067 Hz‘erarcln·a....
650 3024 719 3070 III,
747 3024 832 3070 284>
861 3026 975 3073 cujus
1003 3023 1293 3070 suffraganeus
1320 3037 1393 3061 seu
1419 3024 1645 3069 auxiliaris,
1679 3024 1728 3060 de

87 3098 166 3132 quo
184 3085 248 3122 hic
267 3085 417 3131 agitur,
439 3085 602 3121 videtur
620 3084 743 3122 fuisse
759 3083 972 3122 Gerardus
991 3083 1235 3131 Busdraghi.
1258 3083 1422 3129 EL’BEL,
1444 3085 1519 3121 loc.
1541 3084 1622 3121 cit..
1647 3084 1728 3128 130,

87 3144 170 3182 1361.

200 3229 369 3256 LITTERAE
390 3227 689 3261 QUADRlMESTRES.
711 3228 800 3255 ΤΟΜ.
823 3228 859 3255 V.
1588 3228 1623 3254 48
