2051 3516
651 326 914 363 67.—PRAGA
946 326 983 361 11
1017 335 1120 372 JUNn
1151 326 1239 361 1557
1648 326 1719 363 2(ss

129 436 219 477 pro
259 421 436 477 forma,
475 431 523 466 et
563 430 614 465 ut
651 421 889 478 paulatim
922 420 1122 476 linguae
1160 420 1342 465 latinae
1375 432 1765 476 praegustarem

128 512 285 551 usum,
323 507 371 543 et
404 499 693 554 parentibus
726 498 909 554 aliquid
943 497 1102 542 maius
1137 496 1512 553 pollicerentur,
1546 498 1634 542 has
1668 498 1762 553 epi-

129 574 550 630 stolas2audirent.
577 573 886 631 Cuperemus
905 573 1029 619 mitti
1048 573 1189 618 nobis
1209 573 1499 618 Terentium
1521 589 1762 629 repurga-

127 662 229 695 tum
254 650 326 707 (ut
357 651 635 708 opinamur)
670 667 700 696 a
733 651 795 696 R.
832 651 983 696 Patre
1018 650 1198 695 Frusio
1223 651 1333 706 piae
1368 650 1655 707 memoriae,
1683 666 1760 696 co-

127 728 347 773 moedias
382 728 488 784 pias
522 738 570 774 et
600 729 842 785 dialogos:
871 728 1032 785 illum,
1060 729 1292 785 inquam,
1319 728 1409 785 qni
1430 728 1766 786 lzabz'tnsfnit

129 819 160 849 a
206 806 397 850 nostris
440 806 491 850 in
537 806 813 851 natz'nz'tczte
858 805 1071 862 Cln‘e'stz',
1114 805 1199 849 cni
1241 805 1644 849 a‘zztrodncmztm
1672 806 1762 862 jn-

127 881 305 938 daens,
330 883 560 939 gentilis,
585 883 944 939 philosophus.
972 886 1082 938 ete„
1109 882 1406 939 similesque
1433 889 1466 937 ³,
1493 881 1576 938 qui
1610 882 1763 938 pieta-

126 967 225 1004 tem
249 959 413 1004 facete
438 959 667 1016 doceant,
688 961 849 1016 potius
873 975 1021 1015 quam
1045 959 1133 1004 hos
1158 959 1380 1004 homines
1404 959 1540 1004 circa
1564 968 1763 1004 contro—

125 1051 275 1081 uersa
298 1036 574 1082 mordeant:
598 1038 728 1095 quod
744 1037 860 1083 'alibi
880 1037 1063 1082 scimus
1088 1037 1288 1082 liberius
1312 1052 1457 1093 posse
1482 1035 1589 1082 fieri
1618 1052 1762 1093 quam

124 1112 219 1169 hic,
246 1113 327 1157 ubi
352 1113 497 1169 pauci
531 1124 643 1159 sunt
676 1130 773 1159 non
807 1114 1046 1170 corrupti,
1074 1113 1171 1158 imo
1202 1113 1331 1159 inter
1362 1123 1538 1170 gentes
1563 1129 1671 1159 esse
1695 1114 1763 1158 ui-

125 1190 316 1248 demur,
344 1191 469 1236 adeo
494 1200 607 1236 sunt
629 1191 795 1237 omnia
818 1190 1251 1248 superstitionibus
1275 1190 1353 1236 hic
1378 1190 1561 1248 ubique
1594 1190 1756 1247 plena.

183 1267 226 1313 2.
295 1268 541 1324 Magister
581 1268 828 1314 Henricus
862 1270 875 1292 ¹
912 1268 1291 1313 concionabitur
1330 1283 1502 1313 coram
1542 1268 1762 1325 principe

125 1343 202 1389 die
227 1344 470 1390 dominico
496 1346 740 1402 proximo,
762 1361 907 1402 quem
928 1345 1082 1390 uoluit
1105 1344 1293 1390 audire.
1314 1343 1366 1389 Si
1391 1345 1623 1401 placeant
1646 1360 1761 1407 con-

124 1421 307 1479 ciones,
335 1422 551 1479 uelitque
586 1439 698 1468 eum
732 1422 1019 1468 concionari
1052 1421 1260 1478 singulis
1285 1422 1455 1467 diebus
1487 1421 1759 1479 dominiciS,

124 1498 274 1543 alium
300 1500 547 1555 oportebit
585 1500 742 1557 nobis,
769 1499 815 1544 id
849 1509 939 1557 est,
976 1509 1181 1544 nostrae
1216 1499 1459 1544 ecclesiae
1494 1514 1757 1555 quaerere,

124 1575 204 1632 qui
230 1575 417 1620 utinam
453 1576 692 1622 bohemus
726 1591 835 1622 esse
858 1577 1030 1633 possit,
1059 1576 1139 1632 qui
1163 1576 1304 1621 breui
1327 1575 1491 1620 Roma
1514 1576 1756 1620 mittatur.

124 1651 432 1709 Florianum,
450 1653 529 1710 qui
545 1654 784 1698 hactenus
800 1653 847 1698 in
864 1653 1045 1698 scholis
1061 1653 1227 1709 pueris
1243 1652 1477 1709 praefuit,
1497 1652 1761 1697 statuimus

125 1729 445 1775 concionibus
469 1730 590 1776 dare
615 1746 820 1787 operam
853 1729 1172 1787 germanicis,
1199 1730 1442 1787 simulque
1477 1730 1760 1775 rhetoricae

126 1807 420 1864 quibusdam
444 1808 580 1853 horis
602 1808 650 1852 in
675 1808 769 1865 die,
796 1823 1076 1865 curareque
1110 1818 1162 1853 ut
1196 1807 1404 1864 singulis
1429 1808 1599 1853 diebus
1623 1823 1653 1852 a
1676 1823 1760 1853 no-

126 1884 254 1930 uitiis
289 1901 376 1941 per
410 1885 585 1930 horam
619 1885 790 1930 audiat
824 1885 1179 1930 catechismum
1215 1885 1501 1942 recitantes,
1539 1894 1587 1930 et
1624 1885 1758 1930 illum

124 1961 294 2007 iisdem
328 1962 541 2019 explicet
571 1962 885 2019 regulasque
917 1962 1249 2019 singulorum
1283 1976 1401 2007 cnm
1434 1962 1647 2007 lectione
1689 1976 1761 2006 re-

120 2038 375 2095 gularum
426 2039 778 2084 communium
828 2038 1116 2084 Socz'etcztis.
1164 2038 1362 2095 Aliique
1412 2039 1601 2084 fratres
1651 2054 1762 2084 sese

124 2126 361 2160 exercent
384 2116 478 2160 hoc
502 2116 665 2171 modo,
687 2125 747 2168 ut
764 2116 962 2172 quidam
986 2115 1077 2161 sibi
1096 2115 1318 2172 deligant
1342 2116 1551 2173 aliquos,
1574 2116 1653 2172 qui
1675 2132 1760 2161 eos

124 2191 424 2238 mortificent
447 2202 495 2237 et
519 2193 564 2238 in
591 2192 864 2238 humilitate
888 2203 1176 2238 exerceant.

142 2287 145 2290 “
179 2269 223 2314 3.
291 2269 521 2326 Quidam
545 2270 730 2326 frater
765 2270 1064 2314 viennensis
1083 2270 1202 2327 fnit
1237 2276 1396 2326 saepe
1434 2274 1662 2314 tentatus
1696 2269 1761 2314 (le

124 2345 386 2390 redeundo
423 2345 688 2391 Wennam.
736 2348 916 2391 Verum
952 2347 1058 2391 iant
1093 2346 1231 2391 nullo
1267 2346 1417 2391 morlo
1449 2347 1560 2390 etnlt
1589 2360 1758 2391 rener-

127 2423 179 2467 tz'.
225 2422 369 2467 Dicit
410 2424 547 2468 enim
574 2423 783 2481 fratres
826 2424 1134 2468 viennenses
1176 2428 1297 2468 sunl
1341 2424 1497 2468 ninn's
1537 2424 1758 2481 delicati,

124 2513 219 2556 ego
265 2500 378 2544 nolo
417 2500 631 2546 solidior
654 2501 798 2557 fieri,
846 2505 966 2544 ante
1004 2515 1162 2558 qnam
1202 2505 1440 2546 reuertar
1491 2500 1755 2547 Wenlzam.

125 2575 271 2620 Foris
296 2577 590 2632 quandoque
614 2587 915 2622 exercentur
949 2577 1137 2622 fratres
1162 2578 1207 2622 in
1232 2578 1484 2633 patientia.
1513 2576 1603 2622 His
1628 2578 1759 2623 enim

125 2652 297 2698 diebus
332 2654 566 2709 colaphis
604 2654 861 2712 infractis,
902 2670 1011 2699 cum
1047 2654 1091 2698 in
1130 2654 1333 2699 ciuitate
1358 2653 1496 2698 multi
1527 2655 1759 2700 adessent

171 2808 188 2828 a
236 2802 287 2838 In
317 2803 639 2848 marg-mealia
669 2814 808 2839 mann
836 2803 942 2839 llaec
969 2803 1128 2839 addita
1151 2803 1356 2848 juerant:
1384 2801 1534 2839 adferri
1565 2815 1758 2850 rogamus

127 2860 247 2897 etiam
271 2861 433 2898 Patrum
453 2862 667 2907 hystorias,
688 2862 728 2901 id
744 2867 817 2907 est,
834 2861 956 2898 Vitas
975 2868 1205 2898 sanctorum
1226 2873 1298 2907 per
1313 2861 1545 2908 episcopum
1561 2874 1760 2899 veronen-

123 2931 222 2965 sem,
252 2920 443 2966 epistolas
470 2920 514 2958 S.
544 2921 771 2958 Katherine
800 2922 848 2957 de
877 2919 998 2958 Senis
1026 2921 1163 2965 latine;
1195 2920 1314 2956 Vitas
1341 2920 1510 2957 Patrum
1540 2921 1759 2959 heremita-

125 2990 226 3024 rum,
247 2990 360 3026 qnae
378 2982 510 3016 etiam
530 2980 672 3017 deleta
692 2984 810 3017 sunt.

173 3125 181 3142 ¹
234 3123 279 3161 P.
305 3123 503 3160 Henricus
523 3123 776 3166 Blissemius,
795 3124 1027 3170 theologiae
1051 3124 1193 3159 lector.
