2051 3516
362 307 431 341 774)
850 304 1065 340 LITTERAE
1092 303 1447 348 QUADmMEsrRes

1075 526 1175 577 187

759 647 812 692 P.
849 645 1158 706 JOANNES
1198 645 1496 691 RETHIUS

810 750 987 777 COLONIA
1015 739 1057 776 31
1086 749 1266 776 AUGUSTI
1296 738 1386 775 1558
1414 741 1436 775 ¹.

312 824 346 859 1.
370 823 436 859 De
454 823 812 859 sclzolasticormn
834 826 871 859 et
881 822 1085 868 fratrum
1091 821 1344 867 frequentia
1366 825 1405 857 et
1424 823 1602 867 optimis
1624 822 1831 859 moribus.
1853 823 1940 859 Als-

384 882 461 927 qni
477 892 627 917 eorum
646 882 691 917 in
711 881 967 918 Societatem
987 880 1162 926 ingredi
1175 881 1370 926 cupiunt.
1393 880 1458 917 Ex
1474 881 1723 927 longinquis
1738 882 1866 918 terris
1880 881 1941 918 ad

385 940 626 976 coloniense
655 941 884 985 collegium
916 938 1259 976 accurrunt—2.
1303 939 1368 975 De
1408 941 1757 976 contionatorum
1789 941 1938 986 inopia

383 1009 518 1045 quarn
535 1001 708 1044 patitur
726 999 1066 1036 Germanz’a.—3.
1087 998 1153 1035 De
1171 998 1281 1034 bona
1300 1003 1376 1044 spe
1402 999 1572 1044 collegii
1595 999 1878 1036 sustentandi
1895 1002 1939 1035 in

374 1058 602 1104 fitturum.
624 1058 691 1095 De
708 1062 887 1095 senatus
907 1062 946 1095 et
964 1060 1068 1094 novi
1084 1058 1401 1104 archiepiscopi
1418 1058 1727 1095 benevolentia.

381 1148 420 1193 1.
487 1151 515 1199 †
558 1145 683 1193 IHS.
726 1147 832 1192 Pax
872 1146 1074 1201 Christi,
1116 1158 1208 1192 etc.
1260 1146 1360 1203 [Ex
1401 1147 1688 1192 obedientia
1730 1147 1940 1203 scribit.]

315 1223 549 1270 Scholam
590 1223 946 1280 propemodum
984 1224 1178 1279 plenam
1219 1223 1480 1280 discipulis,
1523 1223 1719 1269 domum
1757 1232 1940 1269 utram·

314 1317 409 1358 que
443 1300 683 1346 refertam
719 1300 1105 1357 conuictoribus‚
1143 1300 1357 1345 fratrum
1391 1300 1585 1357 copiam
1625 1316 1940 1346 numerosam

315 1393 727 1434 commemorare,
755 1392 1183 1433 superuacaneum
1208 1377 1350 1422 duco.
1373 1376 1558 1422 Omnes
1578 1378 1624 1422 in
1643 1377 1814 1422 studiis
1833 1392 1941 1422 esse

316 1456 594 1511 diligentes,
621 1455 667 1499 in
691 1453 986 1510 quotidianis
1010 1454 1165 1499 sacris
1189 1469 1298 1498 esse
1322 1454 1528 1499 deuotos
1553 1463 1601 1499 et
1630 1454 1809 1511 ubique
1844 1469 1939 1499 mo-

315 1533 499 1587 destos,
527 1531 721 1587 saepius
745 1531 982 1587 scriptum
1008 1546 1116 1576 esse
1140 1541 1273 1587 puto,
1302 1547 1449 1587 quam
1483 1540 1534 1576 ut
1558 1547 1686 1576 nunc
1721 1542 1940 1588 repeten-

315 1610 429 1655 dum
455 1609 529 1653 sit.
558 1609 739 1653 Multos
763 1618 943 1653 octauo
968 1608 1060 1664 die,
1086 1608 1322 1664 plurimos
1356 1608 1736 1664 decimoquinto,
1773 1623 1942 1653 omnes
1992 1653 1995 1656 .

316 1702 439 1743 pene
463 1686 749 1741 frequenter
773 1694 983 1741 peccata
1007 1683 1244 1741 confiteri,
1272 1695 1318 1729 et
1343 1700 1438 1741 quo
1468 1685 1514 1729 in
1539 1685 1693 1729 literis
1725 1694 1773 1729 et
1797 1684 1940 1729 mori-

317 1764 408 1808 bus
432 1762 593 1818 magis
616 1761 891 1818 proficiant,
918 1761 1280 1806 sanctissimum
1306 1762 1532 1818 corporis
1567 1760 1838 1806 CHRISTI
1867 1776 1941 1806 sa-

315 1848 624 1884 cramentum
645 1837 790 1882 auide
810 1846 859 1883 et
877 1837 1109 1893 religiose
1129 1838 1394 1894 suscipere,
1411 1847 1579 1883 notum
1596 1853 1788 1894 quoque
1807 1837 1863 1881 T.
1888 1837 1941 1881 R.

310 1915 535 1960 arbitror
559 1930 621 1959 ex
645 1914 714 1959 eis
733 1929 856 1969 quas
875 1913 1163 1970 frequenter
1182 1914 1351 1959 literas
1369 1914 1603 1959 misimus.
1626 1914 1796 1970 Quare
1815 1930 1942 1959 nunc

316 1991 432 2036 illud
455 1990 647 2035 silentio
672 1990 885 2038 inuoluo.
913 1991 1006 2035 hoc
1029 1990 1222 2035 interim
1246 1990 1441 2036 minime
1470 1990 1709 2036 silendum
1745 2000 1939 2047 putans,

317 2067 446 2124 quod
485 2066 623 2112 breui
667 2066 853 2123 aliquot
892 2066 1085 2123 egregii
1130 2067 1472 2112 adolescentes
1511 2067 1574 2112 ad
1612 2066 1851 2113 Societati
1889 2082 1942 2112 se

313 2143 658 2200 ,adiungendos
681 2143 895 2188 animum
920 2144 1104 2188 habere
1129 2153 1415 2200 coeperunt,
1442 2159 1650 2201 quorum
1674 2160 1798 2189 unus
1817 2144 1942 2190 adeo

314 2220 530 2278 ingenio,
559 2220 812 2277 diligentia
846 2230 894 2265 et
928 2221 1201 2266 eruditione
1235 2221 1450 2277 excellit,
1487 2230 1540 2266 ut
1572 2236 1694 2277 pene
1728 2221 1941 2266 omnium

317 2297 495 2343 iudicio
519 2297 773 2342 rhetorum
802 2296 989 2353 primus
1024 2296 1283 2342 iudicetur.
1322 2297 1527 2354 Augeat
1561 2297 1699 2345 Deus
1733 2298 1863 2354 quod
1895 2297 1940 2342 in

318 2375 422 2431 ipso
447 2374 624 2430 coepit,
652 2383 699 2418 et
723 2373 804 2419 det
827 2374 1086 2430 operarios
1111 2374 1302 2429 uineae,
1330 2390 1539 2430 quorum
1565 2374 1728 2431 inopia
1747 2375 1941 2419 labora-

316 2466 441 2497 mus,
469 2450 684 2496 Dubium
708 2465 803 2495 non
827 2459 902 2495 est
925 2450 1036 2506 quin
1062 2451 1203 2506 plura
1228 2451 1273 2495 in
1297 2451 1493 2508 scholis,
1520 2450 1663 2507 plura
1687 2451 1733 2495 in
1752 2450 1943 2506 templis

318 2529 462 2584 plura
496 2527 541 2571 in
577 2536 681 2572 tota
716 2527 968 2582 republica
1002 2526 1194 2583 fierent,
1231 2528 1398 2583 plures
1436 2528 1474 2572 si
1513 2536 1677 2573 essent
1711 2527 1939 2581 lectores,

312 2604 699 2650 concionatores
723 2612 871 2660 atque
896 2602 1203 2648 confessarii.
1237 2604 1417 2649 Procul
1451 2604 1578 2649 enim
1613 2612 1661 2649 et
1695 2619 1721 2649 e
1754 2603 1941 2660 longin-

318 2680 424 2738 quis
447 2681 593 2725 terris
616 2680 710 2725 huc
734 2679 1000 2736 confluunt,
1029 2689 1195 2736 utpote
1220 2695 1282 2724 ex
1306 2680 1553 2736 Heluetia,
1589 2679 1791 2737 Sueuia‚
1828 2680 1941 2737 Ael-

318 2757 463 2811 satia‚
501 2755 800 2811 Franconia,
837 2755 1098 2812 Turingia.
1135 2755 1313 2800 Hessia
1346 2765 1394 2801 et
1428 2756 1726 2813 Argentina‚
1762 2764 1814 2801 ut
1848 2756 1942 2812 epi-

318 2842 571 2889 scopatus,
597 2832 794 2877 scholas
817 2841 864 2877 et
888 2833 998 2877 loca
1022 2832 1260 2877 uiciniora
1285 2848 1380 2878 non
1405 2848 1710 2878 recenseam.
1734 2832 1798 2878 Et
1815 2832 1942 2878 inter

369 2976 376 2993 ¹
429 2973 491 3010 Ex
509 2973 761 3020 autographo
781 2973 820 3009 in
840 2973 975 3009 codice
1009 2973 1149 3009 Germ.
1172 2972 1265 3014 139,
1297 2973 1320 3009 3
1338 2972 1396 3018 ff.,
1418 2986 1484 3011 nn.
1504 2972 1603 3018 8-10;
1636 2973 1746 3019 prius
1763 2972 1936 3009 538-541.

320 3032 419 3080 Ejus
436 3033 699 3069 summarium
718 3032 826 3068 dedit
845 3031 1032 3076 HANSEN‚
1054 3031 1317 3069 Rheinz'sche
1335 3032 1534 3077 Akten...,
1555 3032 1621 3068 311
1643 3044 1693 3068 ex
1710 3032 1944 3079 apographo

314 3091 551 3129 coloniensi.
