2051 3516
460 277 868 315 lot—INGOLsfrAmo
893 275 916 312 8
943 274 1154 312 Ocmssms
1185 274 1273 311 1557
1566 260 1631 311 401

57 374 282 432 proximo
306 389 394 431 per
417 373 665 419 nouellam
688 373 816 417 hanc
839 371 1108 428 plantulam
1135 369 1334 426 operari
1360 369 1564 427 dignata
1587 380 1678 422 est,

57 451 338 498 summatim
363 451 630 504 relaturus,
657 448 764 494 R.de
788 448 832 493 in
859 447 1011 493 Chro.
1038 446 1208 503 Pater,
1236 447 1299 491 ab
1323 461 1382 491 eo
1416 447 1681 503 praecipue

56 529 171 574 mihi
195 527 523 573 inchoandum
549 536 682 584 puto,
710 526 789 583 qui
814 541 902 570 suo
938 524 1129 581 labore,
1166 522 1407 568 industria
1441 534 1488 568 et
1525 523 1680 568 chari-

56 616 158 652 tate
181 622 278 651 non
303 605 447 650 modo
472 604 600 660 huic,
637 605 722 649 sed
758 603 906 648 etiam
941 601 1090 647 totius
1125 598 1428 646 Germaniae
1462 600 1684 656 collegiis

57 693 248 730 tantum
298 682 565 728 adiumenti
617 690 809 738 prestat
852 689 900 724 et
948 677 1266 724 authoritatis
1319 687 1580 734 quantum,
1633 687 1684 722 ut

59 778 186 807 nunc
216 771 328 806 sunt
362 770 605 816 tempora,
643 757 918 804 desiderari
942 765 1122 814 potest,
1149 756 1243 801 hoc
1267 764 1357 812 est,
1385 771 1414 800 a
1438 754 1545 799 R.d⁰
1568 754 1681 800 Pre.

58 837 276 893 Canisio,
303 836 442 892 cuius
466 837 530 881 ab
553 837 677 881 vrbe
703 836 945 881 aduentus
969 828 1110 879 nobis
1134 848 1230 878 non
1263 833 1419 877 solum
1456 840 1684 887 expecta-

56 915 289 971 tissimus,
327 914 414 959 sed
448 913 614 969 etiam,
657 913 719 958 ob
758 912 994 968 pleraque
1033 909 1351 967 perficienda,
1394 925 1521 965 quae
1560 925 1687 953 nunc

55 1009 151 1038 non
175 1002 249 1037 est
276 990 511 1037 narrandi
540 991 694 1047 locus,
724 989 1008 1035 utilissimus
1033 987 1211 1033 extitit.
1239 987 1434 1033 Verum
1459 987 1531 1043 (ut
1554 987 1687 1032 laeta

59 1069 140 1114 uix
164 1084 415 1125 nunquam
439 1079 550 1113 sunt
576 1067 828 1123 diuturna)
852 1066 1036 1122 exiguo
1071 1065 1335 1110 admodum
1371 1064 1531 1121 spatio
1566 1064 1686 1121 opti-

59 1147 122 1191 mi
156 1146 322 1191 Patris
357 1145 641 1202 praesentia
678 1144 771 1188 frui
807 1144 957 1200 licuit,
996 1143 1407 1199 quandoquidem,
1445 1142 1530 1187 uix
1563 1142 1688 1186 bene

58 1223 181 1268 actis
205 1222 578 1280 quatuordecim
605 1222 792 1277 diebus,
830 1220 1028 1265 litterae
1065 1218 1448 1276 urgentissimae
1482 1235 1512 1264 a
1547 1219 1689 1275 regia

57 1300 317 1347 maiestate
360 1298 387 1357 ¹,
428 1308 689 1355 uenerunt,
733 1299 908 1355 quibus
946 1298 1311 1342 admonebatur
1349 1306 1402 1342 ut
1441 1296 1688 1354 quampri-

59 1395 207 1436 mum,
234 1395 331 1423 una
357 1394 466 1423 cum
491 1378 602 1422 Pre.
631 1377 840 1422 Nicolao
864 1374 1130 1429 Gaudano,
1159 1376 1239 1431 qui
1265 1384 1313 1420 et
1349 1375 1452 1432 ipse
1488 1375 1550 1420 ad
1585 1374 1687 1419 dies

59 1457 246 1513 aliquot
270 1455 587 1513 gratissimus
611 1455 789 1511 hospes
816 1454 955 1499 nobis
978 1453 1162 1509 fuerat,
1187 1452 1525 1498 VVormatiam
1546 1451 1690 1508 profi-

60 1536 293 1580 ciscatur.
320 1533 620 1578 Posthabitis
654 1548 777 1589 ergo
813 1532 1054 1586 omnibus,
1093 1546 1219 1587 quae
1254 1540 1476 1576 statuere
1510 1531 1556 1575 in
1591 1529 1690 1575 ani-
1744 1566 1747 1567 γ

61 1629 139 1657 mo
179 1621 306 1667 erat,
349 1620 397 1656 et
437 1610 578 1667 regio
618 1610 886 1655 instructus
926 1618 1225 1662 commeatu,
1264 1608 1356 1652 iter
1391 1607 1686 1664 ingreditur:

61 1690 146 1735 sed
171 1691 229 1735 de
253 1689 326 1735 his
351 1688 489 1734 satis.

118 1767 159 1812 2.
226 1767 328 1812 Res
352 1767 636 1812 scholarum
660 1776 961 1817 nostrarum,
998 1779 1156 1820 nuper
1193 1763 1554 1814 inchoatarum,
1590 1761 1690 1807 foe-

59 1845 216 1890 liciter
240 1860 359 1890 sane
392 1854 563 1900 preter
597 1844 863 1888 multorum
895 1856 1033 1897 spem
1067 1840 1357 1885 succedunt.
1395 1840 1540 1894 Nam,
1580 1839 1692 1884 licet

61 1923 291 1980 oppidum
316 1922 375 1968 sit
398 1930 759 1979 perangustum
783 1936 874 1966 nec
898 1920 1057 1965 minus
1081 1919 1383 1976 infrequens,
1416 1927 1466 1963 et
1499 1917 1693 1974 plurimi

60 2010 327 2057 praeterea
349 2009 463 2045 sunt
486 2015 549 2045 ex
572 1998 821 2053 studiosis,
849 1998 930 2055 qui
966 1997 1197 2054 priuatim
1235 1997 1426 2053 aliquos
1461 1997 1689 2050 doceant,

61 2087 109 2122 et
132 2078 395 2134 plerosque
420 2076 608 2134 proprii
630 2075 907 2132 compendii
931 2090 1086 2120 causa
1121 2091 1149 2119 a
1184 2074 1325 2120 nobis
1360 2074 1590 2130 alienent,
1624 2084 1692 2118 ta—

61 2171 172 2200 men
212 2156 372 2200 adhuc
410 2154 626 2212 quotidie
664 2153 823 2199 ferme
862 2151 1329 2213 ducenti‘lectiones
1362 2161 1563 2196 nostras
1596 2150 1693 2196 fre—

62 2242 316 2290 quentant,
345 2233 424 2290 qui
448 2248 635 2289 omnes,
662 2247 754 2288 pro
788 2231 934 2276 etatis
967 2241 1015 2276 et
1049 2210 1361 2286 iiigeniorum
1399 2229 1608 2285 ratione,
1646 2229 1691 2285 in

63 2311 136 2356 his
159 2321 207 2356 et
230 2311 414 2368 pietate
437 2311 576 2356 iuxta
600 2309 878 2367 proficiunt.
905 2308 1109 2364 Omnes,
1137 2308 1352 2353 dumodo
1376 2307 1473 2353 doli
1498 2308 1593 2352 sint
1617 2323 1694 2352 ca·

64 2404 228 2446 paces,
254 2390 436 2434 crebro
460 2388 771 2443 confitentur,
799 2403 997 2433 sacram
1024 2397 1290 2444 praeterea
1313 2386 1524 2443 synaxin
1544 2401 1695 2441 gran-

63 2466 226 2512 diores
251 2466 298 2511 in
321 2465 682 2512 solennioribus
707 2466 879 2515 diebus
903 2465 1082 2511 deuote
1107 2473 1320 2521 sumunt,
1359 2462 1507 2519 aliqui
1544 2463 1694 2508 etiam

64 2543 387 2600 frequentius.

121 2622 165 2667 3.
232 2621 380 2678 Quod
419 2622 483 2666 ad
520 2621 630 2666 loca
669 2621 953 2666 scholarum
992 2620 1184 2675 attinet,
1222 2635 1318 2664 non
1353 2618 1531 2663 tacebo
1567 2618 1695 2674 quod

64 2714 193 2744 nunc
216 2714 245 2743 a
269 2699 399 2744 Dno.
421 2699 703 2759 camerario
727 2698 1065 2743 uniuersitatis
1085 2698 1117 2753 ²,
1141 2697 1219 2753 qui
1240 2697 1379 2741 nobis
1398 2695 1693 2751 impensissi-

66 2792 142 2822 me
166 2776 320 2833 fauet,
347 2777 419 2822 his
444 2776 691 2822 adiectum
716 2785 806 2822 est.
834 2775 961 2821 Erat
985 2776 1122 2821 locus
1147 2773 1420 2833 demissior,
1447 2782 1495 2818 et
1519 2773 1564 2818 in
1601 2789 1696 2829 quo

115 2984 124 3001 ¹
177 2981 473 3027 Ferdinandus,
494 2982 728 3028 imperator.

115 3048 126 3061 ²
173 3043 351 3088 joannes
371 3042 570 3088 Agricola
585 3042 780 3086 (Peurle).
798 3040 1128 3080 BAUNSBERGER,
1150 3038 1202 3075 Β.
1222 3039 1347 3075 Petri
1363 3038 1530 3076 szisz'i
1543 3038 1696 3084 Epist„

69 3102 118 3141 ΙΙ,
139 3101 220 3138 903.

211 3184 376 3213 LiTTt-:RAE
388 3169 693 3218 4ΩΙ]Αιπῐιινυεετιῑιῑε.
716 3184 806 3210 ΤΟΜ.
831 3183 866 3210 v.
1525 3181 1559 3208 26
