2051 3516
369 297 439 333 242
840 296 1058 332 LITTERAE
1086 294 1442 338 QUADRIMESTRES

324 406 405 436 res
429 399 476 436 et
502 390 697 435 modum
732 390 965 446 precandi
1000 390 1043 434 in
1081 387 1278 443 templo.
1316 386 1458 430 Nunc
1491 386 1734 431 excolitur
1773 386 1946 431 diuinis

268 508 270 512 .
324 467 722 512 meditationibus
746 466 941 521 quidam
965 464 1156 522 juuenis
1179 463 1440 516 haebreus‚
1467 461 1545 516 qui
1569 462 1797 517 proximo
1817 477 1945 508 anno

323 560 433 590 cum
458 543 762 599 parentibus,
788 542 1027 587 fratribus
1051 550 1098 586 et
1131 539 1386 584 sororibus
1418 537 1581 582 factus
1615 547 1689 583 est
1724 539 1944 584 christia-

326 636 427 666 nus.
455 620 548 665 Hic
571 618 777 676 juuenis,
804 629 855 663 ut
880 618 1089 674 primum
1123 615 1330 661 salutari
1354 615 1562 659 lauacro
1586 614 1676 660 fuit
1700 615 1942 671 expiatus,

322 696 554 753 flagrauit
578 695 737 740 studio
761 710 870 739 sese
895 693 1149 738 addicendi
1177 691 1376 737 Christo
1401 691 1447 735 in
1479 691 1642 748 aliquo
1677 691 1944 736 monacho-

323 787 429 817 rum
453 772 687 817 institutO.
717 771 972 816 Postremo
997 769 1129 814 uenit
1155 767 1408 824 religionis
1432 767 1598 823 gratia
1623 767 1685 812 ad
1710 768 1804 813 hoc
1827 767 1945 812 Vir-

323 848 450 905 ginis
473 849 723 903 templum,
751 847 796 892 in
822 847 949 903 quod
973 861 1081 891 cum
1105 846 1251 890 etiam
1277 859 1457 900 agmen
1481 842 1695 889 fratrum
1730 844 1944 901 singula-

324 925 365 970 ri
389 923 628 969 modestia
653 932 700 968 et
724 923 1002 968 animorum
1027 921 1311 966 sinceritate
1345 920 1639 965 instructum
1674 920 1844 965 uenire
1879 920 1945 965 ui-

324 1001 488 1056 disset,
516 1000 640 1045 adeo
665 999 726 1043 ad
751 998 954 1044 instituti
988 998 1143 1043 nostri
1177 996 1386 1041 studium
1419 1004 1493 1041 est
1516 995 1863 1049 inflammatus,
1892 1005 1945 1042 ut

323 1076 613 1132 contemptis
637 1075 810 1130 opibus
834 1084 882 1119 et
906 1074 1069 1118 mundi
1095 1073 1432 1129 apparatibus,
1466 1081 1700 1127 parentes
1734 1088 1944 1129 rogaue-

309 1142 387 1198 ⁴rit
424 1153 783 1209 praecibusque
822 1151 1018 1196 tandem
1059 1150 1319 1206 impulerit,
1358 1158 1409 1193 ut
1443 1150 1489 1194 in
1523 1148 1827 1194 Societatem
1862 1149 1944 1194 ad-

324 1229 643 1274 scriberetur.
671 1228 751 1272 Ad
774 1228 864 1273 hec
888 1236 935 1272 et
961 1236 1141 1283 rogatu
1166 1226 1336 1271 matris
1360 1225 1620 1271 adiunctus
1644 1226 1735 1271 fuit
1764 1241 1942 1282 paruu-

323 1306 398 1350 lus
420 1305 593 1361 frater‚
620 1314 672 1349 ut
696 1305 738 1349 in
765 1313 938 1349 nostra
961 1303 1217 1349 erudiatur
1240 1304 1393 1354 scola,
1417 1312 1463 1347 et
1483 1303 1748 1348 virtutibus
1772 1313 1819 1348 et
1844 1319 1943 1348 mo-

324 1381 459 1427 ribus
482 1392 691 1431 crescat,
714 1389 762 1425 et
785 1381 831 1424 in
854 1389 1094 1435 tempore,
1121 1379 1293 1424 fratris
1317 1379 1560 1435 exemplo,
1589 1379 1634 1423 in
1659 1379 1751 1424 hac
1775 1378 1942 1424 Socie-

322 1465 424 1503 tate
449 1457 647 1502 Christo
672 1457 886 1501 Domino
910 1465 1246 1501 consecretur.
1276 1455 1434 1500 Huius
1469 1455 1539 1501 rei
1574 1456 1740 1512 gratia
1778 1465 1945 1501 manet

323 1535 456 1590 apud
480 1534 723 1590 quendam
749 1533 923 1583 uirum,
952 1533 1198 1588 aliturque
1222 1533 1441 1587 paternis
1465 1532 1655 1588 opibus.

385 1610 452 1655 12.
519 1609 721 1655 Plurimi
746 1610 1018 1654 adcurrunt
1043 1610 1105 1653 ad
1128 1624 1233 1663 nos,
1260 1618 1312 1653 ut
1337 1609 1379 1653 in
1407 1610 1499 1654 bac
1523 1607 1774 1655 Societate
1800 1608 1938 1654 Chri-

322 1695 398 1731 sto
442 1686 653 1731 Domino
697 1686 917 1736 militent,
970 1685 1165 1729 adducti
1210 1694 1309 1729 tum
1356 1685 1517 1730 diuino
1562 1685 1634 1742 (ut
1678 1685 1942 1742 credimus)

324 1777 494 1807 amore
518 1773 619 1807 tum
644 1762 783 1806 fama
808 1772 854 1805 et
880 1760 1144 1806 Societatis
1168 1761 1309 1806 huius
1335 1762 1532 1806 minime
1566 1762 1944 1807 commendatio-

322 1851 399 1886 ne:
426 1853 602 1882 verum
627 1853 723 1882 non
751 1836 950 1892 expedit
974 1837 1194 1892 quemuis
1219 1836 1470 1883 Societate
1496 1838 1697 1883 donare.
1736 1838 1804 1883 At
1838 1854 1941 1894 pro-

323 1913 463 1959 ximis
487 1914 657 1959 diebus
682 1922 908 1969 receptus
934 1924 1004 1957 est
1029 1913 1224 1968 quidam
1258 1914 1494 1959 sacerdos
1530 1914 1790 1959 mediocris
1829 1929 1940 1959 con—

322 1990 515 2035 ditionis
533 1997 569 2046 ³,
597 1990 676 2046 qui
697 1989 783 2046 (uti
809 2004 943 2044 spem
968 1990 1026 2034 de
1051 1990 1130 2033 illo
1155 1991 1489 2045 concepimus)
1510 1990 1709 2036 Christo
1728 1991 1943 2036 Domino

324 2066 555 2111 inseruiet
580 2066 624 2110 in
649 2066 850 2122 eiusque
874 2065 1017 2110 uinea
1042 2066 1246 2121 egregie
1272 2066 1607 2112 elaborabit...
1646 2067 1689 2112 ¹³.

412 2143 729 2199 Praescripto
755 2142 918 2187 Patris
943 2143 1155 2187 rectoris
1179 2145 1209 2197 ¹,
1238 2143 1294 2187 T.
1326 2144 1377 2187 P.
1406 2144 1634 2189 minimus
1657 2143 1798 2197 filius,

1400 2238 1624 2283 FRANCIS
1657 2236 1826 2283 SCIPIO
1850 2239 1882 2284 2.

412 2324 702 2379 ffizscmfitio.
750 2322 873 2368 IHS.
913 2324 977 2369 M.
1022 2324 1266 2380 perquam
1309 2326 1624 2371 obseruando
1662 2326 1707 2370 in
1743 2325 1943 2371 Christo

294 2436 298 2440 .
323 2400 431 2445 Iesu
455 2399 610 2455 Patri,
638 2400 881 2456 magistro
906 2400 1106 2456 Laynez
1143 2400 1330 2445 vicario
1361 2408 1375 2427 ς
1399 2402 1624 2457 generali
1659 2402 1703 2446 in
1739 2402 1944 2447 aedibus

325 2475 590 2521 Societatis
613 2475 740 2521 Iesu,
767 2475 974 2521 Romae.

411 2553 529 2597 Alia
568 2566 744 2597 manu.
791 2552 950 2611 jesus.
1003 2553 1127 2597 1557.
1179 2553 1397 2599 Laureti.
1444 2554 1845 2610 Quadi-imestres
1889 2554 1945 2599 29

324 2627 456 2673 Maii.
1900 2631 1908 2638 '

371 2798 387 2817 ³
457 2791 716 2827 condictionis
736 2803 814 2828 ms.
869 2792 934 2819 *b
980 2792 1254 2828 Omsttzmtm'
1271 2793 1348 2828 lzoc
1376 2793 1463 2830 loco
1484 2805 1532 2830 ea
1551 2805 1664 2840 quae
1680 2799 1783 2831 sunt
1802 2796 1846 2831 2'71
1868 2807 1940 2831 nn.

330 2848 422 2885 O—IO
439 2851 557 2895 epist.
577 2850 642 2886 34.
708 2858 756 2877 -c
802 2851 938 2888 Prius
957 2852 1170 2897 preposito.

374 3003 380 3020 ¹
434 3002 477 3037 P.
501 3002 706 3038 Oliverius
726 3002 984 3040 Manameus.

373 3060 384 3077 ²
438 3060 498 3096 De
520 3061 714 3106 epistolae
735 3067 897 3098 auctore
919 3062 1008 3098 vide
1030 3062 1168 3108 Epist.
1196 3062 1330 3103 Mixt„
1360 3063 1431 3105 IV,
1453 3063 1531 3100 607.
