2051 3516
589 316 826 352 :›.—PRA‹:;..x
855 325 976 352 INITlo
1004 325 1102 349 Ami
1133 314 1220 349 1337
1627 313 1673 348 *23

89 428 212 458 unus
247 412 484 469 egregius
519 412 642 456 baro
677 427 729 456 se
763 410 888 455 Rdo.
917 409 1013 454 Pri.
1043 418 1214 453 nostro
1239 407 1582 462 confessurum
1610 424 1718 463 pro-

89 490 231 535 misit.
256 489 397 534 Alius
421 489 497 533 uir
520 488 866 541 nobilissimus,
894 487 978 532 sed
1003 486 1309 536 lutheranus,
1347 494 1480 529 statu
1514 494 1720 530 nostrae

89 567 362 613 uocationis
402 566 664 623 diligenter
702 566 981 621 explorato,
1024 578 1083 608 ac
1122 562 1323 618 cognito
1364 562 1498 606 tenui
1538 562 1718 617 ubique

88 659 254 689 rerum
278 659 386 695 usu,
414 643 591 687 mirum
615 643 661 687 in
686 641 883 686 modum
908 650 1080 685 nostra
1105 638 1487 684 conuersatione
1507 638 1718 683 delecta-

87 731 185 775 tur,
213 720 446 776 templum
471 720 652 773 uisitat,
679 718 943 763 conciones
966 716 1117 772 audit,
1145 731 1255 761 cum
1279 714 1512 760 Patribus
1536 715 1720 760 nostris

87 797 352 853 aliquando
376 796 435 842 de
461 795 750 852 quibusdam
775 795 1005 850 disputat,
1033 791 1407 850 quantumlibet
1429 791 1718 847 illiteratus,

89 889 148 919 ac
181 874 380 920 tandem
414 883 515 918 tam
551 872 776 917 omnibus
810 870 1125 916 manifestam
1161 885 1220 914 ac
1255 883 1286 913 a
1313 875 1329 894 ²³
1354 868 1592 913 Bohemia
1616 872 1723 913 tota

89 951 395 996 uu'i‘aln'litei'
430 950 448 976 b
487 949 851 1006 praedicatam,
895 948 1154 1004 plusquam
1194 946 1476 1002 exprimere
1520 945 1719 1001 possim,

90 1028 438 1081 obedientiam,
476 1035 822 1083 paupertatem
859 1034 906 1070 et
940 1024 1240 1080 castitatem,
1278 1018 1486 1078 denique
1516 1023 1680 1067 omnia
1707 1029 1724 1049 0

89 1105 412 1149 uehementer
456 1104 717 1159 approbat,
760 1111 969 1157 excepto
1009 1101 1089 1145 illo
1129 1099 1258 1156 quod
1301 1099 1540 1154 Luthero,
1578 1114 1722 1154 quem

88 1185 326 1226 sanctum
366 1184 414 1225 et
450 1181 654 1225 doctum
695 1180 869 1224 uirum
904 1177 1207 1222 nominabat
1241 1190 1300 1221 ac
1322 1175 1340 1202 d
1365 1176 1720 1231 uenerabatur,

88 1273 182 1302 non
208 1257 555 1302 adhereamus.

153 1334 219 1379 12.
289 1332 470 1379 Comes
495 1333 755 1389 quaedam,
782 1332 876 1376 sed
897 1331 1163 1381 catholiea,
1193 1330 1324 1375 dedit
1355 1340 1520 1375 uestes
1554 1345 1720 1375 sacer-

89 1410 294 1463 dotales,
322 1410 559 1463 cortinas,
586 1409 694 1454 lina
718 1418 765 1454 et
789 1408 887 1453 alia
911 1407 956 1452 id
980 1422 1154 1464 genus,
1182 1406 1347 1451 diuino
1373 1405 1527 1451 cultui
1550 1421 1719 1451 neces-

89 1487 239 1540 saria,
277 1503 403 1543 quae
438 1502 586 1543 saepe
621 1486 787 1531 uisitat
820 1486 1055 1541 templum
1095 1494 1335 1535 nostrum;
1377 1483 1562 1528 saltem
1602 1488 1723 1528 ante

85 1564 379 1621 pragensia
399 1564 626 1621 frigora,
656 1567 711 1607 ut
730 1577 1001 1619 speramus,
1025 1562 1128 1606 eius
1154 1561 1382 1617 exemplo
1405 1561 1574 1616 plures
1598 1561 1723 1605 alios

90 1642 152 1686 ad
177 1642 440 1686 conciones
466 1652 679 1695 nostras,
707 1643 754 1685 et
776 1656 805 1685 a
836 1639 1188 1684 remotioribus
1222 1639 1371 1683 etiam
1406 1638 1543 1695 locis,
1580 1653 1719 1683 acce-

90 1733 234 1763 suros
273 1733 397 1763 esse.
440 1718 739 1763 Paecunias
777 1716 921 1761 nobis
964 1716 1082 1772 ipsa
1126 1716 1400 1772 aliquoties
1438 1715 1630 1771 obtulit,
1670 1720 1726 1759 ut

89 1800 184 1851 pro
225 1795 427 1851 manto,
466 1794 764 1839 arcladncis
796 1793 961 1838 nostri
993 1796 1171 1837 eontra
1204 1796 1407 1837 turcam
1442 1796 1616 1837 eastra
1649 1806 1721 1836 se-

91 1876 289 1929 quente,
332 1886 553 1917 oremus.
597 1871 751 1928 ¹Quod
786 1870 1058 1915 charitatis
1096 1869 1393 1927 obsequium
1427 1883 1520 1914 nos
1558 1870 1722 1914 muni-

77 1949 457 2006 ficentissimae
480 1949 722 1993 dominae
746 1948 959 1992 libenter
987 1951 1035 1991 et
1066 1947 1257 2003 gi'cztis,
1287 1951 1341 1991 ut
1378 1947 1533 1998 decet,
1570 1952 1721 2002 prae-

91 2030 306 2071 stamus.

155 2103 222 2148 13.
289 2103 382 2148 Hic
406 2103 611 2149 alterius
630 2103 777 2148 etiam
797 2102 1049 2147 cuiusdam
1069 2102 1357 2158 praediuitis
1378 2101 1554 2146 uiduae
1575 2101 1723 2146 admi-

93 2181 249 2226 randa
271 2181 429 2236 pietas
455 2180 718 2237 praeteriri
752 2195 848 2224 non
884 2180 1044 2235 debet,
1079 2194 1206 2235 quae
1238 2178 1284 2223 in
1309 2179 1585 2234 asperrima
1610 2178 1721 2234 hye-

93 2272 171 2302 me
209 2257 358 2302 etiam
398 2272 427 2302 a
472 2272 663 2302 summo
703 2272 848 2302 mane
887 2271 1041 2312 usque
1080 2256 1234 2313 quasi
1269 2255 1331 2300 ad
1367 2255 1621 2300 meridiem
1649 2261 1665 2281 θ
1693 2270 1724 2300 a

92 2335 273 2390 templo
297 2350 392 2379 non
416 2334 620 2379 discedit
644 2334 951 2379 orationibus
977 2333 1220 2378 insistens.
1243 2332 1387 2377 Hanc
1406 2332 1486 2376 alii
1507 2332 1721 2388 quidam

93 2411 323 2456 catholici
348 2411 581 2467 religiose
606 2411 873 2456 imitantur.
896 2409 979 2455 Ex
997 2409 1181 2467 quibus
1199 2409 1300 2453 duo
1318 2409 1722 2466 senessi‘equen-

93 2491 170 2531 ter
192 2491 239 2531 et
261 2487 474 2532 libenter
497 2501 589 2532 nos
613 2487 894 2532 admonent
917 2487 979 2531 de
1003 2486 1119 2539 illis,
1147 2500 1279 2543 quae
1311 2485 1382 2530 ad
1412 2484 1592 2540 templi
1623 2485 1721 2529 cul-

93 2567 203 2608 tum
237 2567 285 2608 et
318 2567 542 2608 ueterem
572 2563 987 2620 laudabilemque
1010 2562 1193 2607 'diuini
1213 2562 1379 2619 officii
1400 2561 1722 2605 eonsuetudi-

95 2654 211 2684 nem
245 2641 521 2695 pertinent.
565 2640 720 2697 Quod
751 2653 872 2684 uero
907 2640 968 2684 de
1002 2639 1144 2683 lectis
1181 2644 1347 2694 supra
1387 2638 1554 2694 attigi,
1596 2651 1725 2694 quos

95 2730 235 2761 more
265 2717 434 2762 italico
466 2717 579 2762 sine
609 2717 807 2773 plumis
841 2716 1108 2769 babemus,
1149 2729 1249 2760 uno
1282 2714 1519 2770 stragulo
1549 2718 1720 2771 tectos,

95 2793 223 2838 adeo
261 2794 317 2838 lii
353 2794 584 2838 homines
623 2794 899 2849 nzirantzuf,
943 2797 998 2837 ut
1031 2793 1163 2837 nilu'l
1194 2796 1375 2847 supra,
1408 2791 1724 2847 praesertim

96 2870 251 2914 etiam
270 2870 407 2926 quod
428 2870 501 2914 ita
523 2870 695 2915 oculos
719 2884 750 2915 a
775 2869 1077 2914 mulieifibus
1102 2871 1422 2913 auertanius.

158 2946 224 2991 14.
291 2946 398 2991 Sed
418 2947 479 2991 de
502 2947 765 2992 materiali
786 2960 984 3003 quoque
1009 2945 1219 3001 collegio
1243 2943 1402 2988 obiter
1424 2943 1624 3000 aliquid
1651 2948 1721 2989 at-

142 3124 159 3144 a
204 3117 256 3154 in.
310 3121 374 3148 —b
408 3117 499 3153 iam.
554 3124 615 3144 —C
649 3117 782 3153 omnia
817 3122 965 3152 nostra.
1019 3114 1085 3140 —d
1122 3114 1220 3160 ipse.
1274 3121 1337 3140 -e
1375 3114 1584 3150 meridiem
1620 3113 1721 3150 fere.
