2051 3516
385 276 454 312 908
848 273 1001 309 Liri-Ei<
1010 284 1031 307 A
1042 284 1064 307 E
1090 264 1442 316 QUAonnxiEs‘rREs

343 371 470 415 male
494 370 656 425 habet,
684 377 998 425 aegrotatue‚
1026 368 1193 413 statim
1218 367 1351 411 illum
1375 376 1574 411 monent
1597 377 1650 412 vt
1673 367 1850 412 Patres
1874 368 1958 412 ad—

341 455 486 490 vocet
510 446 599 500 (sic
622 445 748 490 enim
782 459 871 489 nos
905 444 1121 499 uocant).
1148 443 1200 487 In
1227 442 1515 499 quibusdam
1540 443 1754 487 castellis
1777 443 1955 488 instan-

340 533 417 567 ter
447 522 664 578 poscitur
698 521 960 578 collegium
996 520 1191 576 aliquod
1226 528 1427 565 nostrae
1460 518 1740 573 Societatis‚
1769 529 1817 564 et
1850 520 1958 565 Deo

343 598 549 643 ductore
573 598 795 654 praeuio,
822 597 964 642 citius
988 596 1253 652 augebitur
1287 597 1332 640 in
1366 596 1438 641 his
1475 596 1759 653 regionibus
1783 596 1958 652 religio

340 686 525 720 nostra.
552 674 725 720 Solent
748 673 1037 731 quibusdam
1061 673 1232 718 diebus
1263 673 1307 718 in
1342 673 1647 718 hebdomade
1682 678 1699 698 ³
1734 673 1959 717 detentos

340 752 386 797 in
411 767 617 797 carcere
642 750 864 795 exortari
899 759 947 795 et
980 749 1218 798 confiteri,
1246 765 1342 805 qua
1365 748 1411 794 in
1435 764 1489 793 re
1514 757 1678 793 tantus
1701 757 1775 793 est
1799 748 1959 804 profe-

341 839 465 884 ctUS‚
493 838 545 873 vt
569 828 717 884 aliqui
743 828 821 883 qui
846 827 893 871 vi
917 837 965 872 et
989 826 1171 871 inuidia
1195 825 1318 870 alios
1342 825 1694 870 incusauerant
1717 834 1763 869 et
1798 827 1958 870 detru-

340 915 511 952 serant
544 906 590 950 in
625 920 898 961 carcerem,
925 904 1201 960 penitencia
1235 903 1431 948 adducti
1455 905 1518 947 ab
1542 903 1634 947 illis
1660 902 1854 947 veniam
1879 918 1959 947 ex-

341 991 602 1040 poscentes
621 981 905 1027 extrudant.
934 980 1058 1026 Cum
1084 980 1255 1036 aliquis
1279 979 1650 1035 suspendendus
1669 989 1758 1034 est,
1782 994 1960 1023 vocan-

341 1070 423 1106 tur
457 1060 650 1113 Patres,
688 1058 786 1114 vbi,
823 1057 930 1102 R.d‘³
970 1057 1134 1111 Pater,
1174 1071 1479 1113 magnopere
1514 1055 1821 1111 subuenitur,
1847 1071 1962 1100 nam

342 1135 491 1193 aliqui
516 1134 843 1191 suspendendi
868 1133 935 1179 ita
958 1142 1070 1178 sunt
1094 1133 1222 1178 male
1247 1132 1416 1178 affecti
1442 1132 1751 1188 perierantes
1780 1140 1828 1176 et
1851 1147 1962 1176 exe-

342 1222 542 1258 crantes
565 1212 744 1265 Deum,
767 1221 818 1256 at
840 1220 889 1255 vt
913 1210 1020 1256 illos
1043 1210 1360 1265 alloquuntur
1379 1209 1552 1264 nostri,
1573 1209 1893 1264 reuiuiscunt‚
1915 1217 1964 1253 et

346 1290 393 1335 in
416 1290 578 1334 Deum
602 1289 774 1333 flentes
798 1295 1171 1333 conuertuntur.

432 1367 715 1411 Asuescunt
744 1364 930 1409 fratres
954 1364 1064 1408 hinc
1091 1364 1283 1419 longius
1312 1362 1556 1419 proficisci
1580 1362 1598 1389 b
1629 1362 1690 1406 ad
1726 1361 1962 1407 articulos

345 1443 455 1488 fidei
499 1442 834 1498 explicandos,
876 1457 937 1485 ex
978 1455 1073 1497 qua
1120 1455 1171 1484 re
1215 1439 1267 1484 fit
1310 1454 1520 1496 magnus
1555 1448 1824 1495 prouentus
1863 1438 1962 1482 ani-

351 1535 562 1564 marum.

402 1596 444 1641 6.
514 1594 838 1640 Escholastici
864 1594 908 1638 in
934 1593 1158 1638 omnibus
1182 1593 1424 1638 classibus
1447 1601 1743 1649 componunt
1767 1608 1823 1637 ac
1859 1591 1964 1636 lati-

344 1689 458 1718 num
492 1673 672 1729 stylum
712 1671 930 1716 indefese
962 1682 1214 1726 exercent,
1247 1670 1542 1725 praesertim
1565 1670 1610 1714 in
1635 1669 1707 1715 3.st
1731 1670 1891 1714 classe
1916 1668 1964 1712 li-

344 1760 466 1808 gata
500 1759 647 1805 atque
680 1749 840 1794 soluta
875 1749 1100 1793 oratione
1135 1747 1445 1792 excoluntur.
1484 1745 1787 1791 Comoediae
1817 1754 1966 1801 atque

345 1826 604 1884 tragediae
629 1826 784 1870 solent
819 1841 848 1870 a
882 1825 1063 1869 nostris
1097 1823 1342 1880 componi,
1379 1833 1527 1879 atque
1561 1824 1624 1867 ab
1658 1821 1966 1867 scholasticis

345 1904 444 1960 agi,
482 1918 608 1959 quae
643 1917 947 1958 magnopere
983 1901 1178 1956 placent
1214 1901 1407 1956 populo.
1440 1899 1526 1944 His
1557 1899 1725 1943 diebus
1750 1899 1795 1943 in
1820 1897 1966 1942 comi-

344 1982 405 2026 tis
429 1983 439 2005 ¹
468 1990 517 2026 et
540 1979 756 2036 episcopi
781 1987 1050 2034 conspectu
1074 1987 1219 2021 actae
1244 1976 1441 2021 fuerunt
1465 1976 1608 2031 duae,
1635 1990 1761 2031 quae
1784 1974 1877 2019 illis
1900 1974 1966 2018 ni-

346 2057 523 2102 mirum
548 2055 882 2112 periucundae
906 2063 953 2099 et
973 2053 1172 2098 nimium
1192 2053 1425 2097 laudatae
1444 2053 1729 2097 extiterunt.
1751 2050 1968 2107 Singulis

346 2133 593 2178 mensibus
626 2118 810 2188 magno
844 2131 1058 2176 omnium
1094 2131 1334 2186 applausu
1359 2130 1603 2174 habentur
1627 2128 1968 2173 conclusiones

347 2210 556 2266 publice,
583 2224 678 2265 quo
703 2207 952 2253 confluunt
978 2206 1134 2251 exteri
1158 2205 1385 2261 magistri
1417 2214 1466 2249 et
1498 2204 1756 2258 dialectici,
1795 2204 1970 2259 quibus

346 2285 813 2343 argumentantibus
851 2283 1005 2328 nostri
1045 2283 1111 2326 ita
1150 2281 1477 2337 satisfaciunt,
1514 2292 1565 2325 vt
1606 2280 1702 2325 iam
1742 2279 1969 2324 audiendi

347 2364 508 2422 potius
529 2378 676 2419 quam
701 2359 1084 2418 argumentandi
1108 2374 1262 2403 causa
1287 2358 1599 2403 conueniant.
1626 2357 1679 2402 In
1698 2356 1968 2402 conclusio-

346 2442 488 2487 nibus
512 2439 758 2496 theologis
782 2438 908 2483 solet
930 2436 1034 2482 fieri
1060 2451 1332 2481 concursus
1356 2434 1474 2480 iuris
1496 2434 1783 2491 peritorum,
1806 2443 1854 2479 et
1871 2449 1969 2478 mo-

347 2517 491 2563 nachi
513 2514 818 2561 franciscani
842 2523 1014 2571 sponte
1045 2512 1356 2568 conueniunt,
1394 2511 1569 2568 quibus
1606 2510 1756 2556 etiam
1794 2509 1970 2555 satisfit

348 2593 561 2650 omnino,
598 2593 666 2638 ita
701 2603 753 2636 vt
788 2590 1065 2647 praesidem
1099 2589 1357 2634 laudantes
1391 2587 1662 2632 discedant.
1698 2585 1971 2643 Episcopus

347 2672 424 2716 hic
457 2670 702 2716 auriensis
735 2668 955 2714 interfuit
989 2665 1280 2723 quibusdam
1311 2664 1720 2718 conclusionibus,
1755 2664 1971 2720 quicum

396 2892 413 2911 ὃ
465 2883 698 2920 aedomade.
754 2881 818 2908 —b
855 2879 1051 2926 profiscici
1071 2889 1151 2914 ms.

399 3078 407 3096 ¹
461 3075 696 3122 Alphonsus
712 3074 760 3109 de
780 3071 975 3108 Acebedo
994 3075 1033 3107 et
1052 3069 1209 3116 Zuniga
1230 3068 1483 3114 (Alphonsus
1500 3067 1549 3103 de
1569 3067 1778 3110 Fonseca).
