2051 3516
538 289 918 326 15‹).-FL0REN1-1A
943 288 990 325 26
1016 288 1177 326 MARTu
1206 290 1297 325 1558
1611 288 1681 324 589

100 386 295 442 spicias,
323 385 589 430 ditissimos
613 400 698 429 605
722 400 830 430 6556
855 384 1002 430 facile
1038 384 1293 430 iudicabis.
1322 385 1384 430 Iis
1408 385 1536 430 enim
1572 383 1729 429 nostri

98 463 236 508 Pres.
264 462 465 518 perinde
490 461 800 506 delectantur
834 472 982 518 atque
1017 460 1054 506 si
1090 461 1351 507 uniuersos
1385 462 1554 507 hostes
1578 461 1727 506 nomi-

98 540 173 585 nis
196 538 450 584 christiani
475 538 537 583 ad
563 538 675 595 Xpi.
707 538 848 583 fidem
872 538 1237 595 pertraherent.
1261 539 1428 596 Atque
1454 548 1504 583 ut
1528 538 1727 594 aliquod

98 633 160 662 ex
198 616 361 661 multis
395 616 676 672 exemplum
716 616 760 661 in
803 616 1014 661 medium
1055 615 1388 672 proferamus,
1427 628 1536 661 erat
1571 631 1728 672 nuper

99 693 344 751 quaedam
390 693 589 744 mulier,
639 708 765 749 quae
815 692 1098 748 pudicitiam
1149 693 1448 748 prostituere
1499 702 1728 749 egestate

97 781 275 816 coacta
301 771 616 816 decreuerat:
646 782 900 816 caeterum
926 770 1005 815 ubi
1040 770 1222 815 nostris
1256 786 1308 815 se
1344 770 1725 822 commendauit,

95 864 191 893 non
217 848 362 893 modo
387 863 416 892 a
440 857 579 892 tanto
604 848 795 892 scelere
819 847 1020 901 destitit,
1050 863 1220 892 uerum
1256 848 1405 892 etiam
1437 848 1611 892 diuinis
1635 848 1727 904 spi-

96 925 422 981 ritalibusque
447 925 598 969 rebus
621 939 673 969 se
699 934 855 969 totam
891 924 1209 980 mancipauit:
1238 925 1458 969 collectis
1489 925 1617 969 enim
1643 924 1728 969 ali-

98 1012 215 1059 quot
249 1018 312 1047 ex
346 1002 403 1047 iis
438 1001 518 1058 qui
551 1002 614 1047 ad
648 1002 920 1048 audiendas
960 1002 1220 1047 conciones
1255 1002 1301 1046 in
1337 1011 1509 1047 nostro
1542 1003 1726 1058 templo

96 1079 413 1134 conueniunt,
441 1079 769 1135 eleemosinis,
798 1079 902 1124 eius
927 1078 1121 1135 inopiae
1145 1079 1446 1124 subuentum
1470 1088 1560 1125 est.

159 1156 224 1200 17.
289 1155 552 1213 Quaedam
587 1166 855 1212 praeterea
879 1171 1005 1212 quae
1029 1156 1312 1212 turpissime
1337 1156 1492 1201 uitam
1518 1156 1562 1201 in
1592 1157 1727 1213 lupa-

94 1233 204 1278 nari
235 1233 488 1290 exigebat,
527 1234 700 1280 matris
734 1249 871 1290 suae,
910 1249 1036 1290 quae
1072 1233 1253 1278 nostris
1284 1232 1632 1290 confitebatur,
1660 1235 1727 1280 la-

100 1310 317 1367 chrymis
348 1326 408 1356 ac
438 1311 667 1367 precibus
702 1311 764 1356 ad
798 1312 979 1356 bonam
1013 1310 1210 1356 uiuendi
1244 1310 1443 1366 frugem
1479 1311 1724 1367 restituta,

95 1387 347 1432 mirabiles
372 1387 419 1432 in
442 1388 524 1433 uia
548 1387 746 1433 Domini
771 1387 988 1444 quotidie
1012 1402 1311 1444 progressus
1336 1386 1471 1432 facit:
1495 1403 1556 1432 ac
1580 1388 1728 1433 matri

95 1464 290 1520 quidem
314 1464 561 1510 maximae
586 1473 660 1510 est
684 1464 944 1520 uoluptati:
973 1464 1186 1509 caeteris
1211 1479 1333 1509 uero
1360 1464 1437 1520 qui
1463 1464 1619 1520 ipsam
1645 1481 1727 1509 an-

97 1555 179 1587 tea
203 1551 501 1599 cognorant,
525 1558 620 1587 non
647 1542 945 1587 mediocrem
970 1541 1122 1586 affert
1147 1542 1546 1586 admirationem.

160 1618 226 1664 18.
298 1618 456 1664 Erant
490 1630 537 1664 et
572 1620 836 1664 nonnullae
871 1619 947 1664 hic
983 1619 1212 1663 mulieres
1248 1634 1375 1675 quae
1411 1634 1632 1665 summas
1665 1636 1727 1665 ex

94 1696 188 1742 hac
218 1695 428 1742 fluminis
461 1697 780 1742 inundatione
814 1706 1116 1753 acceperant
1151 1696 1479 1753 calamitates,
1507 1696 1727 1742 fortuna-

94 1789 303 1830 rumque
328 1789 530 1818 suarum
554 1774 800 1818 iacturam
830 1774 1057 1818 fecerant
1080 1789 1175 1817 non
1200 1773 1518 1819 mediocrem.
1542 1773 1726 1830 Quam-

94 1851 267 1896 obrem
311 1851 373 1896 ad
418 1860 697 1896 extremam
744 1866 897 1907 usque
942 1851 1337 1907 desperationem
1384 1851 1723 1908 deuenissent,

93 1927 184 1972 nisi
209 1928 268 1972 ad
296 1927 465 1974 Prum.
492 1938 779 1975 nostrorum
803 1928 1144 1987 confessiones
1179 1938 1328 1985 atque
1359 1929 1624 1974 conciones
1648 1944 1726 1975 ac-

92 2005 349 2060 cessisent3
377 2020 504 2061 quae
529 2021 626 2050 non
652 2005 798 2050 modo
821 2006 1211 2061 praeteritorum
1235 2006 1479 2051 malorum
1511 2006 1619 2051 illas
1644 2022 1726 2062 pa-

94 2082 273 2128 tientes
308 2082 534 2138 reddunt,
562 2098 737 2128 uerum
773 2083 921 2128 etiam
954 2083 1015 2127 ad
1043 2083 1256 2128 maiores
1281 2099 1370 2139 pro
1395 2083 1506 2139 Xpi.
1532 2083 1726 2129 nomine

95 2159 424 2216 perferendas
449 2160 764 2206 calamitates
788 2160 1111 2205 inflammant.
1140 2160 1391 2205 Plurimae
1427 2161 1574 2205 etiam
1600 2177 1727 2217 quae

94 2238 138 2282 in
181 2253 374 2283 summa
415 2254 583 2283 rerum
624 2238 839 2283 omnium
883 2238 1046 2295 inopia
1086 2240 1165 2283 uel
1199 2239 1610 2295 desperauerant,
1650 2240 1729 2284 uel

95 2330 256 2371 graue
280 2315 478 2372 aliquod
503 2315 691 2360 crimen
727 2315 772 2360 in
807 2314 970 2360 Deum
1006 2316 1318 2360 committere
1354 2315 1722 2372 cogitauerant,

93 2393 173 2437 ubi
198 2392 383 2437 nostris
407 2402 519 2438 sunt
543 2393 820 2450 confessae,
847 2392 1074 2438 foelicem
1101 2393 1227 2438 diem
1251 2393 1382 2438 illum
1408 2392 1725 2450 faustumque

95 2485 469 2526 nuncupauere,
497 2486 593 2527 quo
618 2471 680 2515 ad
705 2480 929 2515 nostrum
959 2471 1193 2527 templum
1228 2470 1398 2515 uenire
1433 2481 1721 2528 coeperunt3

95 2548 223 2605 quod
248 2547 389 2593 unius
414 2548 634 2593 mulieris
668 2549 947 2604 exemplum
984 2548 1055 2604 (ut
1091 2547 1214 2592 alias
1249 2548 1443 2592 interim
1479 2548 1726 2606 omittam)

93 2624 239 2669 facile
264 2624 464 2670 indicat:
492 2640 619 2681 quae
643 2640 672 2669 a
698 2625 806 2669 uiro
831 2640 921 2670 suo
946 2625 992 2669 in
1018 2640 1209 2670 summa
1233 2635 1531 2680 paupertate
1556 2641 1726 2671 rerum

93 2702 310 2746 omnium
337 2701 588 2757 destituta,
617 2712 777 2746 morte
803 2702 1089 2759 grauiorem
1124 2702 1276 2747 uitam
1313 2702 1565 2758 exigebat:
1593 2718 1725 2747 cum-

94 2794 188 2835 que
212 2778 291 2823 ille
316 2794 406 2835 pro
442 2794 600 2823 uxore
635 2779 961 2824 concubinam
996 2779 1086 2823 sibi
1122 2778 1407 2835 delegisset,
1435 2779 1581 2824 uxori
1617 2795 1726 2825 sae-

93 2855 202 2911 pius
228 2855 427 2912 roganti
461 2871 520 2900 ne
556 2872 608 2901 se
643 2856 929 2902 destitutam
963 2856 1010 2901 in
1044 2867 1182 2901 tanta
1217 2871 1386 2901 rerum
1420 2856 1584 2913 inopia
1613 2873 1726 2903 esse

93 2941 368 2989 pateretur,
395 2933 510 2978 nihil
541 2933 673 2978 aliud
708 2934 906 2978 omnino
942 2933 1209 2989 respondit,
1238 2933 1329 2978 nisi
1352 2944 1404 2978 ut
1428 2933 1489 2979 ad
1515 2934 1727 2990 lupanar

93 3025 146 3054 se
171 3010 442 3062 conferret,
469 3010 655 3055 uictum
679 3026 770 3056 suo
795 3025 1006 3066 corpore
1032 3010 1337 3066 quaesitura:
1366 3026 1493 3067 quae
1518 3027 1601 3056 res
1624 3027 1724 3056 mu-

96 3086 331 3132 lierculae
366 3087 583 3132 animum
619 3088 687 3132 ita
722 3087 943 3144 pupugit,
973 3096 1023 3132 ut
1057 3087 1327 3144 desperare
1362 3088 1559 3134 omnino
1595 3089 1725 3135 uide-
