2051 3516
580 280 850 317 16.—BUR<;13
882 280 924 317 17
945 281 1147 328 JANUARH
1177 280 1267 316 1557
1648 281 1694 317 69

101 379 165 425 de
199 378 272 423 his
306 392 432 435 quae
472 376 535 422 ad
574 377 900 422 scholasticos
938 385 1184 432 spectant,
1221 375 1391 431 paucis
1426 375 1483 420 T.
1522 375 1576 420 P.
1614 376 1739 421 acci-

105 455 224 513 piat.
253 454 487 512 Quorum
511 467 762 498 numerus
786 453 878 499 uix
896 453 968 498 ad
983 456 1188 498 centum
1208 452 1464 508 procedet·
1484 466 1609 497 nam
1629 453 1743 498 licet

102 545 220 577 cum
238 531 475 588 primum
499 535 706 575 nostrae
728 530 934 574 scholae
958 530 1097 574 iacta
1129 532 1253 574 sant
1272 529 1653 587 fundamenta)
1687 530 1739 574 in

94 622 220 654 eam
257 607 628 664 confluentiam
666 606 1050 652 multitudinem
1087 606 1515 651 sclzolastz'cormn
1554 606 1739 652 domus

103 688 311 730 nostrae
344 684 626 742 angustiae
659 683 944 742 difficulter
970 687 1188 740 possent
1216 687 1427 739 capere‚·
1450 687 1625 728 tamen
1654 683 1743 728 nbi

98 761 408 818 procedente
451 765 680 817 tempore
719 761 793 805 eis
832 761 1021 805 mentio
1061 760 1408 818 confessionis
1447 764 1627 816 coepta
1666 764 1742 805 est

76 838 231 896 νᾒενί,
250 838 485 894 plurima
509 851 687 882 eorum
702 842 836 893 pars
859 837 1075 882 uerbum
1095 837 1237 882 z'steta'
1252 837 1438 882 darius
1457 851 1614 894 qaam
1634 842 1742 893 par

100 920 213 961 erat
235 916 446 972 accepit,
474 920 626 972 atque
648 915 722 960 sic
746 929 1026 960 numerosa
1052 915 1140 960 illa
1165 920 1376 960 caterua
1399 914 1584 971 subita,
1606 920 1737 970 pau-

100 995 174 1039 cz‘s
196 993 435 1049 demptis,
461 993 827 1051 estelzttz'fzmzzts
845 1006 1179 1049 euanescens,
1202 992 1275 1038 ad
1289 996 1624 1049 preceptores
1645 992 1738 1037 sab

99 1070 284 1129 quihus
306 1070 603 1115 tz'rocz'm'mn
626 1070 823 1116 latinae
847 1070 1063 1127 linguae
1072 1070 1298 1128 fecerat,
1327 1083 1581 1115 conuersa
1606 1074 1682 1114 est
1704 1071 1734 1115 1.

100 1147 197 1204 Qui
214 1151 389 1193 autem
405 1147 670 1193 nobiscnm
684 1153 1041 1204 permansere,
1060 1163 1156 1192 non
1172 1147 1399 1204 equidem
1416 1147 1738 1203 poenitendos

99 1225 146 1270 in
170 1225 325 1271 literis
347 1224 537 1270 faciunt
560 1224 772 1282 fructus,
794 1240 885 1270 nec
907 1224 1170 1282 segniores
1194 1230 1212 1251 ³
1233 1224 1279 1269 in
1303 1223 1376 1280 iis,
1399 1239 1526 1280 quae
1546 1223 1608 1269 ad
1627 1239 1736 1269 sua-

97 1318 210 1348 rum
234 1302 511 1348 animarum
538 1301 798 1347 Vtilitatem
823 1301 1049 1347 attinent.
1077 1300 1201 1347 Sunt
1231 1301 1360 1346 enim
1395 1316 1458 1346 ex
1491 1300 1564 1346 his
1597 1300 1736 1357 pueri

98 1394 254 1436 usque
293 1381 419 1424 adeo
453 1394 665 1436 syncero
700 1394 923 1436 puroque
958 1379 1125 1436 corde,
1164 1388 1215 1424 ut
1244 1394 1340 1424 non
1374 1377 1612 1435 homines,
1649 1378 1736 1423 sed

97 1457 359 1502 columbae
383 1456 664 1513 uideantur;
702 1465 750 1502 et
785 1456 899 1502 licet
932 1457 979 1502 in
1014 1456 1242 1502 omnibus
1275 1456 1516 1502 classibus
1550 1470 1736 1512 magna

98 1533 218 1579 fiant
242 1533 499 1579 literarum
525 1549 712 1590 operae
731 1534 942 1590 praetia,
966 1543 1131 1579 tamen
1150 1534 1197 1578 in
1216 1537 1406 1591 quarta
1425 1533 1585 1578 classe
1604 1546 1737 1590 quae

100 1611 465 1657 rethoricorum
489 1615 564 1657 est
586 1611 605 1638 ¹³
626 1612 778 1657 multo
802 1611 963 1656 maior
986 1612 1176 1657 relucet
1205 1611 1412 1657 fructus.
1447 1609 1632 1656 Uidere
1663 1619 1737 1656 est

99 1680 276 1746 quippe
309 1704 494 1745 pueros
528 1689 729 1734 uixdum
754 1689 996 1734 decimum
1021 1698 1253 1745 quartum
1277 1703 1511 1745 egressos
1535 1703 1731 1741 annum,

98 1767 325 1823 acceptis
347 1782 377 1811 a
401 1782 489 1812 suo
514 1776 845 1823 praeceptore
875 1766 1082 1824 singulis
1116 1766 1508 1812 hebdomadibus
1541 1766 1734 1811 thema-

97 1844 184 1889 tz‘z‘s
201 1850 215 1870 ⁶
242 1854 380 1889 tanta
400 1845 669 1889 uerborum
690 1844 919 1890 ubertate
938 1853 1087 1900 atque
1107 1842 1361 1889 affluentia
1381 1841 1734 1899 amplificatum

96 1921 553 1978 locupletatumque
578 1921 640 1967 ad
664 1921 961 1978 magistrum
986 1921 1180 1967 referre
1208 1920 1242 1977 ⁰¹,
1270 1930 1323 1966 ut
1353 1920 1418 1966 illi
1451 1921 1541 1977 ipsi
1574 1919 1732 1965 nobis-

100 2014 192 2056 que
212 1999 438 2044 omnibus
456 2015 553 2044 non
572 2013 790 2056 paruam
799 2000 1020 2058 faciant
1035 1998 1417 2044 admirationem
1437 2005 1472 2044 e.
1495 1998 1600 2043 Nec
1618 1996 1733 2042 illud

94 2075 292 2121 silentio
321 2076 795 2133 praetermitendum
826 2091 1022 2133 censeo,
1060 2092 1172 2122 cum
1206 2076 1253 2121 in
1287 2084 1459 2121 nostra
1492 2074 1732 2131 Hispania

97 2153 382 2210 neutiquam
400 2154 461 2199 sit
479 2154 906 2210 contemnendum,
922 2154 1152 2210 proximo
1169 2153 1407 2210 siquidem
1420 2152 1550 2211 Julio
1565 2167 1731 2197 mense

97 2245 318 2287 graecae
342 2230 543 2288 linguae
568 2240 838 2288 praecepta
863 2231 955 2276 illis
974 2240 1153 2287 coepta
1178 2240 1289 2276 sunt
1308 2230 1455 2286 tradi,
1479 2244 1604 2286 quae
1628 2238 1730 2274 tam

98 2306 243 2352 auide
268 2307 580 2365 imbiberunt,
617 2317 670 2353 ut
703 2323 796 2353 nec
835 2323 1041 2353 numero
1081 2323 1171 2353 nec
1204 2307 1479 2352 eruditione
1519 2306 1730 2351 aliarum

97 2383 471 2430 academiarum
495 2385 805 2431 scholasticis
834 2386 1282 2442 contemporaneis
1313 2384 1413 2429 ulla
1447 2384 1634 2440 possint
1667 2398 1730 2428 ex

97 2470 239 2517 parte
263 2461 459 2517 cedere3
486 2462 877 2519 quatuordecim
895 2462 1028 2507 enim
1041 2461 1384 2519 grammatici
1401 2463 1726 2516 ezzassermzt,

98 2538 235 2595 quod
256 2552 358 2584 non
377 2544 573 2595 parum
598 2543 674 2584 est
695 2539 748 2584 in
773 2543 952 2584 nostra
976 2539 1259 2595 Hispania.
1290 2538 1403 2583 Diui
1428 2537 1576 2582 etiam
1601 2536 1728 2582 Tho-

98 2630 210 2660 mae
248 2616 461 2672 apostoli
495 2615 573 2661 die
607 2616 860 2672 dialogum
895 2616 1035 2661 nobis
1067 2615 1337 2661 exhibuere
1371 2629 1480 2659 cum
1515 2622 1730 2670 quatuor

146 2826 210 2847 —fl
232 2819 444 2866 segniores
469 2824 574 2855 sunt.
629 2818 693 2845 —b
722 2819 761 2855 in
788 2819 919 2855 classe
947 2817 1253 2854 rhetoricorum.
1308 2823 1369 2844 —C
1407 2822 1615 2863 accepto...
1643 2816 1727 2853 the-

98 2884 220 2915 mate.
275 2878 340 2905 —d
361 2878 548 2916 Emend.
571 2889 621 2915 ex
640 2877 824 2915 refferre.
878 2884 944 2905 —e
964 2890 1043 2913 non
1062 2889 1214 2923 paruae
1232 2876 1311 2912 sint
1330 2876 1595 2913 admirationi.

147 3091 156 3109 ¹
209 3089 316 3126 Vide
336 3089 438 3128 Lz'tt.
460 3090 711 3137 Quadam„
732 3089 805 3133 IV,
828 3089 909 3133 417;
928 3094 966 3125 et
986 3088 1229 3130 POLANCUM,
1248 3088 1322 3125 loc.
1343 3088 1424 3130 cit..
1445 3088 1526 3130 582,
1547 3088 1628 3125 583
