2051 3516
768 308 1001 335 PRAEFATIO
1586 306 1653 330 XXI

159 399 398 457 Jamvero
418 396 656 453 epistolae
681 395 892 440 Romam
918 393 1098 437 missae
1123 400 1170 437 et
1196 392 1239 436 in
1269 391 1483 446 reliquas
1508 391 1698 446 provin-

68 479 169 524 cias
204 475 479 522 destinatae
514 489 610 519 non
645 473 780 531 prius
814 472 977 517 Roma
1012 470 1350 524 mittebantur,
1378 484 1526 525 quam
1558 484 1587 513 a
1612 468 1699 512 Po-

71 555 232 610 lanco,
275 552 314 598 si
355 567 478 608 opus
519 544 652 607 erat,
687 549 1084 595 emendarentur.
1126 545 1424 592 Lectoribus
1464 561 1551 589 nos
1599 560 1701 589 rem

72 642 271 688 gratam
295 644 388 674 nec
412 628 630 674 inutilem
664 627 888 672 facturos
923 624 1219 681 putavimus,
1248 623 1286 668 si
1311 622 1566 678 utriusque
1600 630 1702 666 tex-

71 719 148 755 tus
172 705 504 764 cognitionem
539 705 630 750 illis
664 704 1040 760 praeberemus,
1069 700 1296 747 exhibitis
1321 700 1367 745 in
1393 700 1490 745 ima
1521 699 1705 756 pagina

75 783 502 831 emendationibus
536 780 858 838 polancianis,
885 780 931 825 in
955 788 1095 825 textu
1129 787 1294 824 autem
1331 776 1514 823 notatis
1538 776 1705 822 italica

74 863 353 908 litterarum
378 860 540 906 forma
565 858 732 904 verbis
756 874 785 903 a
810 857 1026 903 Polanco
1051 855 1238 902 deletis.

165 938 436 984 Praeterea
470 951 580 982 cum
614 951 701 992 per
736 935 843 980 illos
877 949 1035 979 annos
1059 943 1293 979 auctores
1317 924 1507 988 hispani
1531 941 1577 976 et
1600 930 1703 976 itali
1768 989 1770 991 ‚

76 1018 295 1074 linguam
326 1015 415 1061 sibi
446 1013 766 1060 domesticam
802 1012 847 1057 in
882 1011 1154 1057 scribendis
1188 1009 1363 1056 litteris
1397 1008 1705 1060 adhiberent,

77 1094 319 1140 interdum
348 1108 466 1138 vero
491 1100 577 1137 aut
600 1091 689 1147 ipsi
714 1099 947 1135 auctores
972 1088 1121 1134 latine
1145 1097 1193 1133 et
1217 1086 1488 1133 vernacule
1523 1085 1704 1131 scribe-

79 1180 189 1217 rent
226 1182 310 1216 aut
350 1170 584 1226 epistolas
619 1168 817 1213 easdem
855 1167 979 1212 alius
1013 1165 1162 1212 latine
1198 1174 1434 1219 verteret;
1472 1162 1710 1219 ancipites

79 1248 326 1294 haesimus
349 1246 651 1303 aliquandiu,
673 1244 994 1302 expediretne
1019 1243 1181 1299 magis
1204 1253 1391 1288 textum
1418 1241 1621 1287 latinum
1646 1256 1708 1285 an

81 1318 405 1372 vernaculum
431 1324 559 1381 typis
583 1323 868 1369 describere
903 1322 1035 1379 (nam
1061 1330 1324 1378 utrumque
1349 1328 1556 1375 textum,
1584 1326 1636 1364 ut
1660 1318 1705 1363 in

77 1404 236 1461 prima
270 1403 382 1448 olim
418 1402 547 1447 serie
581 1400 802 1454 fecimus,
827 1399 1080 1456 exhibere,
1107 1414 1203 1443 non
1239 1397 1398 1443 visum
1423 1405 1498 1442 est
1522 1412 1708 1453 operae

76 1480 322 1538 pretium).
350 1479 418 1526 Ut
442 1479 646 1525 latinum
671 1487 861 1523 textum
886 1476 1276 1533 praeferremus,
1303 1474 1547 1520 suadebat
1581 1489 1708 1519 com-

75 1558 268 1604 munior
291 1558 420 1603 forte
446 1557 687 1601 lectorum
717 1563 1006 1600 nostrorum
1042 1553 1224 1599 latinae
1248 1552 1449 1610 linguae
1473 1551 1708 1608 cognitio;

77 1636 401 1682 vernaculum
436 1643 603 1679 tamen
638 1633 744 1678 fere
779 1631 1118 1689 praetulimus,
1147 1630 1259 1688 quia
1294 1629 1467 1675 melius
1501 1628 1705 1686 propria

77 1714 247 1770 lingua
271 1712 419 1758 animi
444 1727 619 1757 sensus
653 1709 1015 1767 exprimuntur,
1042 1707 1235 1754 facilius
1271 1723 1439 1753 rerum
1464 1716 1511 1752 et
1536 1722 1701 1764 perso-

77 1806 254 1837 narum
295 1798 454 1836 status
494 1800 540 1834 et
570 1788 884 1834 conditiones
929 1786 1229 1842 referuntur,
1274 1785 1464 1842 plenius
1503 1794 1711 1830 eventus

79 1876 399 1923 enarrantur;
428 1867 863 1912 Monumentorum
898 1880 1020 1910 vero
1054 1872 1338 1909 nostrorum
1376 1863 1588 1908 lectores
1612 1862 1713 1918 plu-

79 1947 230 1992 rimos
253 1946 449 1991 illarum
475 1944 757 2000 linguarum
783 1942 970 2000 peritos
995 1957 1120 1998 esse,
1149 1941 1328 1998 partim
1355 1939 1547 1996 experti
1578 1939 1711 1984 novi-

79 2039 202 2080 mus,
229 2022 411 2080 partim
434 2037 531 2067 non
555 2021 658 2067 sine
684 2030 824 2066 certa
850 2020 1042 2065 ratione
1067 2017 1357 2076 conjectura
1395 2017 1634 2074 capimus.
1663 2016 1713 2061 Si

77 2111 242 2165 tamen
267 2100 313 2145 in
338 2108 477 2145 textu
501 2099 651 2144 latino
687 2097 868 2155 aliquid
893 2097 1185 2149 invenimus,
1213 2096 1343 2152 quod
1367 2095 1412 2140 in
1438 2095 1712 2140 vernaculo

80 2194 177 2223 non
202 2177 527 2235 reperiretur,
556 2176 655 2221 suis
680 2176 724 2221 id
750 2175 871 2220 locis
895 2173 1260 2220 annotavimus.

168 2253 401 2311 Singulas
425 2253 678 2310 epistolas,
701 2252 763 2298 ad
787 2252 1062 2297 faciliorem
1087 2266 1228 2296 usum
1251 2249 1572 2303 reddendum,
1597 2246 1713 2291 mul-

79 2333 139 2378 tis
164 2331 501 2390 paragraphis
534 2330 861 2385 distinximus,
888 2328 1067 2374 additis
1091 2328 1241 2374 etiam
1273 2341 1594 2372 numerorum
1631 2339 1714 2368 no-

80 2410 157 2465 tis,
184 2425 296 2454 cum
320 2408 426 2465 ipsa
450 2416 786 2461 monumenta,
815 2415 866 2452 ut
889 2416 1058 2451 notum
1093 2415 1182 2463 est,
1210 2420 1458 2461 nunquan]
1485 2403 1558 2447 his
1588 2401 1715 2447 notis

81 2486 464 2542 distinguantur,
491 2500 642 2541 saepe
666 2484 795 2529 omni
820 2483 925 2529 fere
950 2483 1343 2540 interpunctione
1367 2488 1589 2525 careant.

171 2563 412 2619 Denique,
439 2562 483 2607 id
510 2562 637 2619 quod
661 2560 761 2618 jam
785 2577 847 2606 ex
871 2559 1015 2618 hujus
1051 2560 1312 2605 voluminis
1337 2558 1477 2603 titulo
1501 2566 1713 2610 constat,

83 2640 352 2685 omittimus
371 2640 520 2685 etiam
544 2654 674 2684 nunc
698 2638 932 2695 epistolas
951 2638 1137 2683 indicas
1161 2646 1207 2682 et
1233 2636 1566 2691 brasilienses,
1589 2649 1717 2689 quae

84 2733 182 2762 una
205 2733 317 2762 cum
343 2717 542 2773 reliquis
566 2716 628 2761 ad
652 2716 908 2761 missiones
942 2715 1304 2761 transmarinas
1338 2711 1713 2768 pertinentibus,

84 2794 338 2851 propriam
372 2794 551 2839 seriem
586 2792 772 2850 jamdiu
806 2809 835 2838 a
870 2792 1036 2838 multis
1072 2800 1405 2847 expectatam,
1432 2792 1527 2834 nOn
1562 2789 1716 2849 multo

84 2881 194 2928 post
218 2881 458 2928 tempore,
487 2871 595 2916 Deo
620 2871 808 2927 coeptis
838 2871 1020 2916 nostris
1048 2870 1263 2923 favente,
1290 2867 1615 2924 proferemus.
1644 2866 1716 2911 In-

84 2948 227 2994 terim
252 2948 324 2994 his
349 2948 797 3005 quadrimestribus
832 2956 988 3000 utere,
1028 2946 1240 3002 prudens
1264 2945 1438 3000 lector,
1467 2953 1514 2989 et
1540 2944 1652 2989 vale
1678 2945 1709 2988 ¹.

135 3057 142 3075 ¹
198 3055 368 3092 Codices
388 3055 428 3092 in
448 3055 521 3091 hoc
541 3054 745 3091 volumine
765 3054 945 3099 usurpati
968 3064 1090 3099 penes
1117 3051 1363 3088 Societatem
1387 3051 1487 3097 Jesu
1514 3055 1606 3086 sunt
1634 3049 1719 3086 fere

88 3127 239 3151 omnes.
262 3114 413 3151 Eorum
434 3114 618 3150 notitiam
638 3114 679 3150 in
699 3113 776 3149 fine
796 3112 992 3148 invenies.
