2051 3516
575 326 689 362 161.—
708 325 959 361 ΥΙΝΟΟΒΟΝΑ
988 323 1004 358 1
1033 321 1144 368 MAJ1
1175 320 1266 356 1558
1624 316 1693 353 637

885 531 964 581 161

414 650 465 695 P.
501 648 860 695 MARTINUS
894 644 1440 694 STEVORDIANUS

635 754 873 780 VINDOBONA
904 743 919 778 1
950 752 1043 788 MAJI
1072 740 1163 777 1558
1191 742 1215 776 ¹.

109 830 140 866 l.
163 823 381 866 Stefrilitas
399 830 498 874 agri
514 830 560 864 in
580 839 662 874 quo
681 828 789 864 socii
813 823 1118 863 laborant.—2.
1150 823 1520 860 scholasticorum
1539 822 1748 868 frequen-

181 890 241 926 tia
263 892 302 925 et
319 889 477 935 optimi
490 887 734 924 71201¹e<.—-3.
754 886 928 923 Novum
944 885 1196 921 sclzolarmn
1213 881 1575 926 aedzficz'mn.—4.
1596 881 1662 917 De
1675 880 1749 917 do-

183 950 361 986 mestica
382 948 639 994 dz'sciplz'na,·
657 947 712 983 de
725 948 804 993 pia
819 944 1237 991 mortefr.Joamn's
1254 942 1449 978 Isaras
1469 939 1751 979 Ferdz'ncmdz'

181 1010 462 1055 imperatoris
490 1019 590 1053 erga
620 1011 788 1044 nostros
816 1002 1260 1043 henez·0lentz·a.—6-8.
1291 1002 1463 1047 Regina
1492 1001 1749 1043 Bolzemz'ae‚

183 1070 368 1105 nuntius
399 1068 664 1113 apostolicus
692 1071 731 1103 et
757 1067 899 1112 aliqui
927 1066 1186 1100 viennenses
1216 1065 1467 1098 uostrormn
1486 1060 1749 1106 fautores.—

181 1128 219 1165 9.
241 1128 429 1165 Fructus
460 1138 511 1164 ex
541 1128 925 1163 sacramentonum
957 1120 1473 1160 administratione.—10.
1509 1120 1754 1161 Contz'ones,·

185 1189 539 1225 contionatorum
558 1187 728 1232 inopia.
883 1182 887 1187 ’

178 1279 216 1323 1.
285 1281 313 1329 †
336 1277 440 1335 Jhs.
470 1277 651 1323 Gratia
675 1284 723 1321 et
747 1291 846 1332 pax
871 1274 1007 1319 Chri.
1035 1274 1292 1319 nobiscum
1328 1286 1541 1327 semper.
1570 1269 1746 1314 Amen.

118 1355 238 1410 Etsi,
268 1355 392 1400 Rde.
422 1354 592 1410 Pater,
619 1353 665 1398 in
690 1368 818 1410 agro
853 1351 1120 1397 admodum
1155 1350 1309 1395 sterili
1346 1363 1621 1403 versemur,
1659 1347 1755 1391 hoc

119 1443 210 1488 est,
239 1432 370 1490 apud
394 1432 627 1489 populum
652 1446 682 1476 a
700 1430 947 1476 catholica
967 1428 1060 1474 fide
1079 1437 1128 1473 et
1147 1427 1389 1485 religione
1409 1440 1616 1483 prorsus
1641 1424 1757 1470 alie-

121 1526 254 1566 num,
283 1510 361 1566 qui
388 1508 630 1554 salutaria
655 1507 829 1553 salutis
850 1506 1012 1551 media
1039 1521 1130 1550 non
1151 1506 1307 1550 solum
1328 1503 1582 1560 refugere,
1604 1501 1690 1547 sed
1710 1510 1759 1546 et

120 1587 381 1644 aspernari
417 1586 631 1643 videtur3
668 1601 765 1630 non
790 1593 955 1630 cessat
988 1593 1155 1628 tamen
1190 1581 1358 1627 diuina
1388 1592 1436 1626 et
1459 1580 1758 1625 inexhausta

121 1665 286 1722 gratia
312 1680 400 1722 per
434 1672 636 1708 nostros
670 1677 762 1707 ceu
796 1662 1124 1706 instrumenta
1158 1658 1435 1704 abiectiora
1469 1656 1609 1713 (velit
1638 1655 1760 1700 nolit

121 1728 316 1797 demon)
352 1741 544 1786 fructus
578 1740 826 1797 gloriosos
862 1738 1065 1794 operari
1100 1748 1250 1792 atque
1284 1751 1346 1780 ex
1378 1734 1621 1791 lapidibus
1655 1733 1760 1778 istis

122 1835 273 1864 veros
298 1818 422 1863 filios
447 1818 687 1862 Abrahae
711 1816 955 1861 suscitare
980 1816 1012 1859 ².
1040 1813 1179 1871 Quos
1200 1813 1314 1870 quia
1332 1811 1460 1857 Rda.
1484 1811 1761 1868 paternitas

123 1906 210 1942 tua
235 1896 317 1953 (ad
341 1894 761 1952 magnificandum
785 1892 1111 1948 laudibusque
1136 1890 1471 1936 extollendum
1507 1888 1643 1934 Chri.
1680 1903 1762 1933 no-

124 1974 253 2029 rnen)
293 1972 530 2030 perauide
569 1986 765 2028 semper
804 1969 1085 2026 intelligere
1130 1968 1277 2024 cupit,
1328 1966 1547 2012 referam
1592 1965 1763 2022 paucis

126 2052 264 2097 iuxta
288 2050 600 2096 obedientiae
626 2048 1009 2106 praescriptum,
1037 2062 1097 2092 ac
1122 2045 1274 2091 veluti
1299 2060 1527 2090 summan
1551 2043 1764 2100 comple-

128 2139 238 2175 ctar
262 2144 435 2174 eorum
460 2143 588 2184 quae
611 2127 745 2172 hisce
770 2135 986 2182 quatuor
1010 2123 1190 2180 elapsis
1226 2122 1478 2167 mensibus
1513 2121 1643 2177 apud
1676 2135 1766 2165 nos

129 2217 232 2253 tum
256 2206 387 2252 domi
411 2214 512 2251 tum
536 2204 659 2250 foris
682 2203 960 2260 contigere.

188 2285 230 2330 2.
298 2283 564 2339 Principio,
594 2291 647 2328 vt
670 2298 700 2327 a
723 2281 907 2326 scholis
931 2279 1186 2335 exordiar,
1213 2277 1569 2334 discipulorum
1602 2290 1768 2320 nume-

130 2377 215 2407 rus
240 2361 303 2406 ad
325 2361 413 2406 444
440 2361 547 2417 plus
582 2359 743 2404 minus
777 2357 1014 2414 assurgit.
1056 2355 1344 2412 Intelligunt
1378 2354 1555 2411 quippe
1590 2353 1769 2398 horum

131 2448 368 2496 parentes
392 2436 638 2483 communi
656 2452 720 2481 ex
736 2435 891 2487 fama,
913 2435 994 2480 vel
1013 2445 1151 2479 certe
1175 2432 1488 2489 experientia
1507 2431 1767 2483 docentur,

132 2516 390 2562 scholares
415 2531 445 2560 a
468 2514 651 2559 nostris
675 2529 785 2558 cum
810 2513 855 2557 in
881 2512 1037 2557 literis
1061 2521 1165 2557 tum
1189 2511 1235 2555 in
1262 2510 1446 2566 pietate
1470 2508 1656 2554 institui
1675 2524 1771 2553 me-

133 2664 202 2698 fn'a
220 2661 269 2697 de
289 2664 466 2696 maestro
486 2671 537 2695 en
556 2662 679 2701 artes,
706 2669 732 2703 y
756 2655 953 2692 ordenose
981 2654 1030 2690 de
1058 2653 1172 2689 ‘codas
1200 2652 1387 2688 ordenes,
1416 2651 1483 2687 Ha
1508 2651 1628 2698 leydo
1656 2663 1707 2687 en
1734 2651 1774 2687 la

137 2720 365 2768 Compafn'a
391 2719 462 2755 dos
489 2722 588 2754 anos
615 2715 896 2763 grammatica.
926 2728 952 2761 y
978 2715 1000 2750 4
1027 2718 1124 2749 anos
1152 2724 1266 2748 casos
1291 2711 1341 2747 de
1361 2710 1627 2757 consciencia.
1649 2710 1706 2747 Es
1725 2711 1773 2747 de

136 2781 287 2817 treinta
305 2794 330 2828 y
348 2780 419 2815 dos
438 2783 572 2815 anos»
595 2776 648 2812 Et
672 2776 754 2812 alia
781 2788 925 2811 manus
951 2773 1116 2810 addidit:
1149 2771 1299 2808 «Tiene
1327 2771 1483 2807 talento
1510 2783 1611 2816 para
1636 2771 1725 2807 leer
1750 2784 1776 2818 y

137 2840 336 2889 predicar,
358 2852 383 2886 y
402 2842 489 2875 mas
508 2849 607 2884 para
625 2837 751 2873 1661.»
768 2835 814 2872 Ι11
828 2834 965 2871 codice
985 2834 1094 2871 Cast.
1113 2831 1177 2875 13,
1196 2830 1263 2867 fol.
1279 2830 1326 2865 47
1341 2830 1491 2874 (deleto
1505 2830 1604 2876 531).
1623 2829 1777 2867 Omnes

137 2906 275 2937 tamen
294 2899 421 2936 nostri
439 2896 633 2941 historici,
655 2901 695 2933 et
720 2894 994 2941 bibliographi
1021 2898 1102 2929 tam
1131 2890 1258 2927 nostri
1284 2902 1406 2936 quam
1439 2890 1611 2935 externi,
1640 2890 1778 2927 dicunt

138 2960 190 2997 P.
224 2959 402 3006 Ripalda
428 2963 562 2994 ortum
589 2969 679 2994 esse
707 2956 748 2992 in
775 2956 876 2992 urbe
903 2953 1072 2995 TerueL
1093 2950 1198 2998 quod
1217 2949 1332 2986 nobis
1351 2961 1458 2986 nunc
1476 2950 1678 2987 discutere
1698 2963 1778 2987 non

189 3080 199 3099 ¹
251 3050 314 3115 Ex
333 3077 586 3125 autographo
606 3077 645 3113 in
665 3075 801 3113 codice
820 3075 960 3112 Germ.
984 3072 1077 3114 186,
1098 3072 1132 3108 2.
1154 3069 1212 3115 ff,
1234 3081 1302 3107 nn.
1320 3068 1380 3114 62,
1399 3068 1458 3116 633
1480 3070 1590 3117 prius
1609 3070 1730 3107 52-54.

189 3139 202 3158 ²
255 3137 319 3175 Cf.
341 3138 529 3180 MATTH.,
549 3136 619 3181 ΠΙ,
640 3136 674 3173 9.
1057 3156 1061 3160 s
