2051 3516
521 253 894 290 lost—FLOREN’rm
923 252 969 289 26
996 253 1154 289 §Lux->ru
1185 253 1275 289 1558
1606 254 1677 290 585

145 351 188 396 8.
256 350 436 395 Paucis
460 349 636 394 abhinc
663 349 911 394 mensibus
935 348 1095 404 coepit
1121 358 1329 405 uterque
1353 364 1523 393 eorum
1552 348 1717 394 Prum.

89 442 211 483 quos
235 426 379 471 modo
404 425 696 479 memoraui,
725 426 970 482 quoddam
995 425 1438 470 carmelitanarum
1470 425 1720 481 uirginum

88 503 380 548 coenobium
415 502 646 556 inuisere,
675 517 801 558 quae
835 502 1023 547 Beatae
1048 501 1277 558 Virginis
1313 502 1622 559 Angelorum
1649 503 1720 559 (ut

88 578 289 635 uocant)
314 579 548 635 templum
575 578 808 623 incolunt.
837 578 951 635 Qua
975 593 1038 623 ex
1063 593 1116 622 re
1142 587 1379 634 quantum
1402 578 1562 623 bonus
1586 578 1719 635 agri-

87 657 196 701 cola
216 653 426 715 JESVS
445 654 661 700 fructum
681 655 976 711 perceperit,
999 654 1339 700 confessiones
1358 670 1481 711 quas
1501 655 1721 701 reserari

86 732 163 777 ias
187 748 280 777 non
306 744 395 784 est,
424 731 571 776 facile
596 731 958 777 demonstrant.

144 810 187 855 9.
254 809 336 854 Pr.
364 808 575 853 Iacobus
597 807 789 854 flander
814 811 845 863 ¹,
874 824 1015 865 quem
1051 807 1223 864 paucis
1258 807 1435 853 abhinc
1472 809 1722 854 mensibus

86 885 265 932 Genua
290 886 351 931 ad
386 902 475 931 nos
510 886 656 942 misit,
694 886 739 930 in
775 886 917 932 uinea
951 885 1147 931 Domini
1182 901 1279 930 non
1315 895 1388 931 est
1423 886 1637 932 ociosus.
1674 886 1722 931 Is

87 964 214 1009 enim
240 964 471 1009 mulieres
494 963 753 1020 quasdam,
781 979 907 1020 quae
932 979 961 1009 a
984 963 1268 1008 meretricio
1294 973 1500 1020 quaestu
1539 965 1600 1009 ad
1636 965 1719 1009 bo-

85 1057 199 1086 nam
224 1041 419 1086 uiuendi
444 1040 641 1098 frugem
666 1056 944 1086 conuersae
969 1050 1097 1095 sunt,
1123 1039 1332 1096 singulis
1363 1040 1534 1085 diebus
1570 1040 1720 1086 domi-

85 1118 206 1163 nicis
229 1117 323 1163 Dei
349 1119 504 1163 uerbo
536 1118 842 1164 consolatur:
877 1133 1001 1174 quas
1035 1127 1084 1162 et
1116 1117 1272 1162 Rdus.
1311 1117 1392 1162 Pr.
1433 1127 1602 1163 rector
1635 1118 1721 1163 ali-

84 1196 281 1252 quando
306 1197 431 1241 solet
454 1196 685 1252 inuisere;
713 1211 925 1251 quorum
950 1210 1156 1251 operam
1181 1195 1422 1240 Dominus
1442 1193 1646 1254 JESUS
1672 1196 1718 1241 in

49 1272 52 1273 ⁷
84 1288 142 1317 ea
169 1287 221 1317 re
246 1288 340 1317 non
366 1272 557 1318 frustra
581 1272 854 1328 impensam
880 1287 988 1317 esse
1013 1271 1214 1329 patitur.
1238 1270 1343 1317 Sub
1367 1271 1552 1317 initium
1577 1272 1721 1317 huius

85 1349 502 1406 quadragesimae
543 1350 705 1405 coepit
745 1349 826 1394 Pr.
869 1350 909 1394 is
947 1364 1091 1406 quem
1133 1348 1278 1393 modo
1319 1348 1434 1405 dixi,
1475 1348 1715 1408 jacobus,

84 1427 465 1483 uniuscuiusque
500 1426 593 1472 diei
629 1426 945 1483 euangelium
981 1425 1198 1481 quotidie
1238 1425 1282 1469 in
1324 1425 1505 1482 templo
1544 1437 1718 1471 nostro

84 1503 248 1560 pueris
288 1503 566 1549 declarare.
611 1503 792 1548 Postea
831 1519 952 1548 uero
991 1512 1199 1547 sanctae
1239 1502 1552 1547 obedientiae
1585 1519 1717 1548 man-

84 1580 199 1624 dato
241 1589 315 1625 est
358 1580 633 1627 institutum
679 1591 730 1625 ut
770 1580 978 1636 idipsum
1022 1594 1199 1624 munus
1244 1579 1521 1635 explicandi
1567 1596 1716 1625 euan-

81 1657 280 1713 gelium,
320 1673 472 1713 usque
507 1657 570 1702 ad
604 1658 792 1714 pascha
828 1663 861 1713 ³,
899 1672 994 1701 non
1030 1656 1074 1701 in
1108 1657 1309 1713 templo,
1348 1657 1430 1701 sed
1468 1656 1512 1701 in
1555 1657 1719 1703 classe

81 1734 246 1791 aliqua
285 1749 315 1779 a
354 1734 560 1790 singulis
598 1727 840 1779 fratribus
880 1750 967 1790 per
1006 1733 1140 1779 uices
1180 1733 1533 1789 susciperetur.
1572 1733 1717 1790 Quae

81 1811 275 1867 quidem
311 1812 605 1857 exercitatio
641 1821 689 1857 et
722 1811 839 1868 ipsis
876 1827 974 1856 non
1015 1811 1317 1856 mediocrem
1351 1811 1505 1856 affert
1541 1812 1716 1858 utilita-

80 1897 195 1945 tem,
228 1898 275 1933 et
309 1888 417 1934 aliis
451 1889 689 1945 optimam
723 1890 781 1934 de
816 1888 999 1934 nostris
1033 1888 1467 1934 existimationem.
1506 1888 1558 1934 Id
1594 1906 1717 1935 uero

82 1966 340 2022 quominus
364 1967 411 2011 in
435 1968 617 2023 templo
637 1966 793 2023 fieret,
816 1966 1102 2024 frequentes
1127 1966 1467 2012 confessiones
1492 1967 1536 2012 in
1562 1983 1717 2013 causa

79 2043 234 2101 fuere;
282 2044 462 2100 quibus
512 2044 829 2101 quotidianae
879 2043 1145 2090 conciones
1193 2043 1540 2100 impedimento
1595 2060 1718 2090 sane

81 2120 304 2167 fuissent.

142 2197 209 2244 lO.
278 2198 353 2244 De
388 2198 502 2244 Pre.
531 2198 792 2244 Desiderio
817 2200 831 2223 2
857 2198 969 2256 quid
993 2198 1154 2243 dicam
1181 2198 1362 2244 nescio:
1393 2199 1431 2243 is
1466 2199 1591 2244 enim
1625 2199 1715 2245 etsi

125 2406 142 2427 ὃ
186 2399 216 2436 3
231 2412 297 2437 vv.
319 2400 520 2446 praeced.
543 2399 701 2436 addita
722 2401 768 2436 in
788 2410 927 2445 marg.
951 2399 1107 2436 eadem
1127 2409 1281 2435 manu.

125 2576 135 2594 ¹
186 2574 321 2622 Hujus
340 2573 514 2610 nominis
533 2573 695 2620 quidam
715 2572 889 2619 primum
908 2572 998 2608 litat
1017 2572 1080 2608 die
1108 2573 1236 2619 primo
1265 2572 1363 2620 Maji
1395 2573 1485 2608 1557
1513 2573 1722 2616 (Polcmci

80 2634 257 2680 Compl.‚
287 2633 335 2674 ΙΙ,
364 2633 462 2678 297).
493 2632 555 2670 Sit
582 2645 633 2669 ne
661 2633 694 2669 is
721 2633 828 2668 idem
855 2632 925 2668 ille
945 2633 1011 2679 qui
1032 2633 1138 2678 apud
1157 2633 1313 2669 Laz'm's
1333 2632 1542 2677 Monam„
1563 2633 1612 2678 ΙΙ,
1629 2633 1712 2680 468,

77 2694 323 2740 theologiam
344 2693 483 2740 incipit
501 2705 641 2729 mense
662 2692 895 2739 Septembri
917 2692 1021 2735 1557,
1043 2697 1083 2729 et
1111 2692 1348 2728 Florentiae
1376 2705 1482 2729 nunc
1511 2699 1713 2739 versatur,

76 2766 154 2790 non
174 2758 341 2789 constat.

123 2814 135 2832 ²
185 2813 319 2861 Hujus
338 2812 471 2849 Patris
490 2813 683 2860 pietatem
704 2818 743 2849 et
762 2813 802 2848 in
821 2811 1141 2848 confessionibus
1160 2811 1371 2848 audiendis
1391 2813 1632 2859 praesertim
1652 2826 1713 2850 as-

75 2873 306 2909 siduitatem
325 2872 513 2909 laudibus
535 2871 712 2909 efferunt
731 2872 909 2918 catalogi
929 2872 1092 2918 collegii
1112 2871 1329 2915 florentini,
1351 2871 1419 2918 qui
1437 2877 1531 2908 sunt
1548 2872 1589 2908 in
1609 2873 1713 2909 codi-

75 2945 120 2969 ce
143 2932 486 2978 Insornmtiones
504 2934 726 2979 antiquae,
748 2945 814 2968 nn.
839 2931 906 2968 102
923 2944 1009 2978 sqq.
1033 2930 1275 2977 cognomen
1302 2936 1473 2969 tacetur.
1502 2932 1548 2969 In
1575 2945 1613 2969 n.
1646 2933 1716 2969 102

75 2992 232 3028 dicitur:
254 2992 470 3028 Desiderio
489 2991 688 3029 francese.
710 2991 933 3028 POLANCUS
952 2992 992 3027 in
1016 2991 1183 3033 Chrom,
1207 2990 1280 3036 VI,
1304 2991 1367 3028 141
1390 3004 1482 3029 eum
1512 2998 1628 3029 vocat
1655 2993 1714 3029 lo-

74 3052 338 3099 tharingium.
