<?xml version="1.0" encoding="UTF-8"?>
<!DOCTYPE html PUBLIC "-//W3C//DTD XHTML 1.0 Transitional//EN"
    "http://www.w3.org/TR/xhtml1/DTD/xhtml1-transitional.dtd">
<html xmlns="http://www.w3.org/1999/xhtml" xml:lang="en" lang="en">
 <head>
  <title>
</title>
<meta http-equiv="Content-Type" content="text/html;charset=utf-8" />
  <meta name='ocr-system' content='tesseract 3.04.00' />
  <meta name='ocr-capabilities' content='ocr_page ocr_carea ocr_par ocr_line ocrx_word'/>
</head>
<body>
  <div class='ocr_page' id='page_1' title='image "./litteraequadrime17lain_0011.png"; bbox 0 0 2051 3516; ppageno 0'>
   <div class='ocr_carea' id='block_1_1' title="bbox 664 757 1257 826">
    <p class='ocr_par' dir='ltr' id='par_1_1' title="bbox 664 757 1257 826">
     <span class='ocr_line' id='line_1_1' title="bbox 664 757 1257 826; baseline -0.002 0"><span class='ocrx_word' id='word_1_1' title='bbox 664 757 1257 826; x_wconf 75' lang='lat' dir='ltr'>PRAEFATIO</span> 
     </span>
    </p>
   </div>
   <div class='ocr_carea' id='block_1_2' title="bbox 190 1049 1752 1104">
    <p class='ocr_par' dir='ltr' id='par_1_2' title="bbox 190 1049 1752 1104">
     <span class='ocr_line' id='line_1_2' title="bbox 190 1049 1752 1104; baseline -0.001 -10"><span class='ocrx_word' id='word_1_2' title='bbox 190 1050 370 1095; x_wconf 81' lang='lat' dir='ltr'>l.-—DE</span> <span class='ocrx_word' id='word_1_3' title='bbox 406 1063 731 1095; x_wconf 66' lang='lat' dir='ltr'>LITTERARUM</span> <span class='ocrx_word' id='word_1_4' title='bbox 767 1061 1218 1102; x_wconf 60' lang='lat' dir='ltr'>QUADleEss-ffffltfn</span> <span class='ocrx_word' id='word_1_5' title='bbox 1254 1049 1474 1094; x_wconf 51' lang='lat' dir='ltr'>MATERIA</span> <span class='ocrx_word' id='word_1_6' title='bbox 1514 1063 1574 1094; x_wconf 83' lang='lat' dir='ltr'>ET</span> <span class='ocrx_word' id='word_1_7' title='bbox 1610 1063 1752 1104; x_wconf 11' lang='lat' dir='ltr'>FINE(</span> 
     </span>
    </p>
   </div>
   <div class='ocr_carea' id='block_1_3' title="bbox 139 1310 1778 3205">
    <p class='ocr_par' dir='ltr' id='par_1_3' title="bbox 140 1310 1776 1599">
     <span class='ocr_line' id='line_1_3' title="bbox 230 1310 1772 1370; baseline 0.002 -14"><span class='ocrx_word' id='word_1_8' title='bbox 230 1310 303 1356; x_wconf 84' lang='lat' dir='ltr'>En</span> <span class='ocrx_word' id='word_1_9' title='bbox 329 1312 499 1369; x_wconf 75' lang='lat' dir='ltr'>habes,</span> <span class='ocrx_word' id='word_1_10' title='bbox 528 1312 684 1357; x_wconf 92' lang='lat' dir='ltr'>lector</span> <span class='ocrx_word' id='word_1_11' title='bbox 710 1313 966 1369; x_wconf 85' lang='lat' dir='ltr'>benevole,</span> <span class='ocrx_word' id='word_1_12' title='bbox 995 1313 1205 1358; x_wconf 88' lang='lat' dir='ltr'>alteram</span> <span class='ocrx_word' id='word_1_13' title='bbox 1233 1313 1537 1359; x_wconf 75' lang='lat' dir='ltr'>Litterarum</span> <span class='ocrx_word' id='word_1_14' title='bbox 1563 1313 1772 1370; x_wconf 84' lang='lat' dir='ltr'>Quadri-</span> 
     </span>
     <span class='ocr_line' id='line_1_4' title="bbox 141 1389 1774 1448; baseline 0.002 -15"><span class='ocrx_word' id='word_1_15' title='bbox 141 1389 394 1434; x_wconf 89' lang='lat' dir='ltr'>mestrium</span> <span class='ocrx_word' id='word_1_16' title='bbox 428 1389 623 1446; x_wconf 81' lang='lat' dir='ltr'>seriem,</span> <span class='ocrx_word' id='word_1_17' title='bbox 661 1405 788 1446; x_wconf 89' lang='lat' dir='ltr'>quae</span> <span class='ocrx_word' id='word_1_18' title='bbox 823 1406 851 1435; x_wconf 91' lang='lat' dir='ltr'>a</span> <span class='ocrx_word' id='word_1_19' title='bbox 886 1390 1079 1445; x_wconf 81' lang='lat' dir='ltr'>Lainio,</span> <span class='ocrx_word' id='word_1_20' title='bbox 1117 1389 1383 1436; x_wconf 83' lang='lat' dir='ltr'>Societatis</span> <span class='ocrx_word' id='word_1_21' title='bbox 1406 1390 1527 1448; x_wconf 87' lang='lat' dir='ltr'>Jesu</span> <span class='ocrx_word' id='word_1_22' title='bbox 1551 1391 1774 1447; x_wconf 88' lang='lat' dir='ltr'>generali</span> 
     </span>
     <span class='ocr_line' id='line_1_5' title="bbox 140 1466 1776 1525; baseline 0.001 -14"><span class='ocrx_word' id='word_1_23' title='bbox 140 1466 346 1522; x_wconf 80' lang='lat' dir='ltr'>vicario,</span> <span class='ocrx_word' id='word_1_24' title='bbox 375 1476 635 1523; x_wconf 80' lang='lat' dir='ltr'>postquam</span> <span class='ocrx_word' id='word_1_25' title='bbox 671 1467 894 1525; x_wconf 85' lang='lat' dir='ltr'>Ignatius</span> <span class='ocrx_word' id='word_1_26' title='bbox 928 1469 1156 1514; x_wconf 87' lang='lat' dir='ltr'>conditor</span> <span class='ocrx_word' id='word_1_27' title='bbox 1189 1469 1462 1514; x_wconf 89' lang='lat' dir='ltr'>translatus</span> <span class='ocrx_word' id='word_1_28' title='bbox 1496 1484 1626 1514; x_wconf 89' lang='lat' dir='ltr'>anno</span> <span class='ocrx_word' id='word_1_29' title='bbox 1665 1468 1776 1513; x_wconf 74' lang='lat'>1556</span> 
     </span>
     <span class='ocr_line' id='line_1_6' title="bbox 141 1543 988 1599; baseline 0.004 -12"><span class='ocrx_word' id='word_1_30' title='bbox 141 1543 202 1588; x_wconf 94' lang='lat' dir='ltr'>ad</span> <span class='ocrx_word' id='word_1_31' title='bbox 228 1559 436 1599; x_wconf 91' lang='lat' dir='ltr'>superos</span> <span class='ocrx_word' id='word_1_32' title='bbox 461 1553 588 1599; x_wconf 82' lang='lat' dir='ltr'>erat,</span> <span class='ocrx_word' id='word_1_33' title='bbox 615 1544 801 1590; x_wconf 88' lang='lat' dir='ltr'>initium</span> <span class='ocrx_word' id='word_1_34' title='bbox 827 1545 988 1590; x_wconf 89' lang='lat' dir='ltr'>sumit.</span> 
     </span>
    </p>

    <p class='ocr_par' dir='ltr' id='par_1_4' title="bbox 139 1619 1776 2133">
     <span class='ocr_line' id='line_1_7' title="bbox 229 1619 1774 1680; baseline 0.002 -14"><span class='ocrx_word' id='word_1_35' title='bbox 229 1619 355 1666; x_wconf 83' lang='lat' dir='ltr'>Sunt</span> <span class='ocrx_word' id='word_1_36' title='bbox 389 1630 554 1667; x_wconf 85' lang='lat' dir='ltr'>autem</span> <span class='ocrx_word' id='word_1_37' title='bbox 590 1622 981 1678; x_wconf 83' lang='lat' dir='ltr'>quadrimestres</span> <span class='ocrx_word' id='word_1_38' title='bbox 1016 1623 1212 1669; x_wconf 78' lang='lat' dir='ltr'>litterae</span> <span class='ocrx_word' id='word_1_39' title='bbox 1247 1623 1359 1669; x_wconf 89' lang='lat' dir='ltr'>illae</span> <span class='ocrx_word' id='word_1_40' title='bbox 1395 1640 1522 1680; x_wconf 87' lang='lat' dir='ltr'>quae</span> <span class='ocrx_word' id='word_1_41' title='bbox 1562 1623 1774 1668; x_wconf 86' lang='lat' dir='ltr'>Romam</span> 
     </span>
     <span class='ocr_line' id='line_1_8' title="bbox 140 1697 1776 1758; baseline 0.002 -16"><span class='ocrx_word' id='word_1_42' title='bbox 140 1713 205 1742; x_wconf 76' lang='lat' dir='ltr'>ex</span> <span class='ocrx_word' id='word_1_43' title='bbox 249 1698 476 1744; x_wconf 87' lang='lat' dir='ltr'>omnibus</span> <span class='ocrx_word' id='word_1_44' title='bbox 515 1697 784 1745; x_wconf 82' lang='lat' dir='ltr'>Societatis</span> <span class='ocrx_word' id='word_1_45' title='bbox 822 1710 1025 1746; x_wconf 89' lang='lat' dir='ltr'>nostrae</span> <span class='ocrx_word' id='word_1_46' title='bbox 1065 1701 1320 1747; x_wconf 78' lang='lat' dir='ltr'>domiciliis</span> <span class='ocrx_word' id='word_1_47' title='bbox 1365 1711 1543 1758; x_wconf 82' lang='lat' dir='ltr'>quarto</span> <span class='ocrx_word' id='word_1_48' title='bbox 1584 1718 1776 1758; x_wconf 83' lang='lat' dir='ltr'>quoque</span> 
     </span>
     <span class='ocr_line' id='line_1_9' title="bbox 141 1775 1775 1835; baseline 0.002 -14"><span class='ocrx_word' id='word_1_49' title='bbox 141 1791 308 1821; x_wconf 86' lang='lat' dir='ltr'>mense</span> <span class='ocrx_word' id='word_1_50' title='bbox 333 1792 392 1821; x_wconf 92' lang='lat' dir='ltr'>eo</span> <span class='ocrx_word' id='word_1_51' title='bbox 418 1775 511 1822; x_wconf 91' lang='lat' dir='ltr'>fine</span> <span class='ocrx_word' id='word_1_52' title='bbox 537 1777 875 1830; x_wconf 74' lang='lat' dir='ltr'>mittebantur,</span> <span class='ocrx_word' id='word_1_53' title='bbox 903 1787 956 1823; x_wconf 89' lang='lat' dir='ltr'>ut</span> <span class='ocrx_word' id='word_1_54' title='bbox 987 1794 1113 1835; x_wconf 86' lang='lat' dir='ltr'>quae</span> <span class='ocrx_word' id='word_1_55' title='bbox 1148 1779 1303 1825; x_wconf 81' lang='lat' dir='ltr'>nostri</span> <span class='ocrx_word' id='word_1_56' title='bbox 1339 1779 1559 1825; x_wconf 86' lang='lat' dir='ltr'>homines</span> <span class='ocrx_word' id='word_1_57' title='bbox 1593 1789 1694 1824; x_wconf 88' lang='lat' dir='ltr'>tum</span> <span class='ocrx_word' id='word_1_58' title='bbox 1731 1779 1775 1824; x_wconf 91' lang='lat' dir='ltr'>in</span> 
     </span>
     <span class='ocr_line' id='line_1_10' title="bbox 140 1853 1775 1913; baseline 0.003 -16"><span class='ocrx_word' id='word_1_59' title='bbox 140 1853 213 1898; x_wconf 92' lang='lat' dir='ltr'>sui</span> <span class='ocrx_word' id='word_1_60' title='bbox 248 1853 484 1910; x_wconf 85' lang='lat' dir='ltr'>ipsorum,</span> <span class='ocrx_word' id='word_1_61' title='bbox 523 1863 623 1899; x_wconf 91' lang='lat' dir='ltr'>tum</span> <span class='ocrx_word' id='word_1_62' title='bbox 659 1854 703 1899; x_wconf 92' lang='lat' dir='ltr'>in</span> <span class='ocrx_word' id='word_1_63' title='bbox 739 1864 1057 1901; x_wconf 87' lang='lat' dir='ltr'>caeterorum</span> <span class='ocrx_word' id='word_1_64' title='bbox 1088 1856 1338 1902; x_wconf 90' lang='lat' dir='ltr'>hominum</span> <span class='ocrx_word' id='word_1_65' title='bbox 1363 1857 1521 1902; x_wconf 89' lang='lat' dir='ltr'>salute</span> <span class='ocrx_word' id='word_1_66' title='bbox 1547 1866 1595 1902; x_wconf 88' lang='lat' dir='ltr'>et</span> <span class='ocrx_word' id='word_1_67' title='bbox 1618 1856 1775 1913; x_wconf 77' lang='lat' dir='ltr'>perfe-</span> 
     </span>
     <span class='ocr_line' id='line_1_11' title="bbox 139 1930 1774 1991; baseline 0.003 -16"><span class='ocrx_word' id='word_1_68' title='bbox 139 1930 300 1976; x_wconf 79' lang='lat' dir='ltr'>ctione</span> <span class='ocrx_word' id='word_1_69' title='bbox 324 1932 669 1988; x_wconf 87' lang='lat' dir='ltr'>persequenda</span> <span class='ocrx_word' id='word_1_70' title='bbox 694 1934 1037 1989; x_wconf 73' lang='lat' dir='ltr'>praestabant,</span> <span class='ocrx_word' id='word_1_71' title='bbox 1065 1934 1290 1979; x_wconf 92' lang='lat' dir='ltr'>omnibus</span> <span class='ocrx_word' id='word_1_72' title='bbox 1315 1934 1494 1991; x_wconf 84' lang='lat' dir='ltr'>ubique</span> <span class='ocrx_word' id='word_1_73' title='bbox 1524 1946 1774 1980; x_wconf 86' lang='lat' dir='ltr'>terrarum</span> 
     </span>
     <span class='ocr_line' id='line_1_12' title="bbox 139 2008 1776 2066; baseline 0.003 -13"><span class='ocrx_word' id='word_1_74' title='bbox 139 2008 372 2065; x_wconf 79' lang='lat' dir='ltr'>dispersis</span> <span class='ocrx_word' id='word_1_75' title='bbox 406 2009 568 2066; x_wconf 87' lang='lat' dir='ltr'>sociis,</span> <span class='ocrx_word' id='word_1_76' title='bbox 607 2026 702 2055; x_wconf 92' lang='lat' dir='ltr'>non</span> <span class='ocrx_word' id='word_1_77' title='bbox 727 2011 910 2056; x_wconf 86' lang='lat' dir='ltr'>curiosi</span> <span class='ocrx_word' id='word_1_78' title='bbox 936 2011 1102 2066; x_wconf 78' lang='lat' dir='ltr'>animi,</span> <span class='ocrx_word' id='word_1_79' title='bbox 1129 2012 1213 2057; x_wconf 90' lang='lat' dir='ltr'>sed</span> <span class='ocrx_word' id='word_1_80' title='bbox 1239 2012 1597 2058; x_wconf 87' lang='lat' dir='ltr'>aedificationis</span> <span class='ocrx_word' id='word_1_81' title='bbox 1622 2028 1776 2058; x_wconf 89' lang='lat' dir='ltr'>causa</span> 
     </span>
     <span class='ocr_line' id='line_1_13' title="bbox 141 2086 472 2133; baseline 0.006 -2"><span class='ocrx_word' id='word_1_82' title='bbox 141 2097 257 2131; x_wconf 89' lang='lat' dir='ltr'>nota</span> <span class='ocrx_word' id='word_1_83' title='bbox 281 2086 472 2133; x_wconf 88' lang='lat' dir='ltr'>fierent.</span> 
     </span>
    </p>

    <p class='ocr_par' dir='ltr' id='par_1_5' title="bbox 139 2164 1778 2907">
     <span class='ocr_line' id='line_1_14' title="bbox 228 2164 1775 2226; baseline 0.004 -17"><span class='ocrx_word' id='word_1_84' title='bbox 228 2164 372 2209; x_wconf 88' lang='lat' dir='ltr'>Hanc</span> <span class='ocrx_word' id='word_1_85' title='bbox 397 2164 546 2211; x_wconf 73' lang='lat' dir='ltr'>fuisse</span> <span class='ocrx_word' id='word_1_86' title='bbox 571 2165 660 2212; x_wconf 86' lang='lat' dir='ltr'>Sti.</span> <span class='ocrx_word' id='word_1_87' title='bbox 689 2166 868 2224; x_wconf 82' lang='lat' dir='ltr'>Ignatii</span> <span class='ocrx_word' id='word_1_88' title='bbox 893 2168 1163 2214; x_wconf 87' lang='lat' dir='ltr'>conditoris</span> <span class='ocrx_word' id='word_1_89' title='bbox 1198 2180 1410 2214; x_wconf 88' lang='lat' dir='ltr'>mentem</span> <span class='ocrx_word' id='word_1_90' title='bbox 1445 2170 1634 2226; x_wconf 87' lang='lat' dir='ltr'>apertis</span> <span class='ocrx_word' id='word_1_91' title='bbox 1671 2186 1775 2215; x_wconf 88' lang='lat' dir='ltr'>ver-</span> 
     </span>
     <span class='ocr_line' id='line_1_15' title="bbox 139 2242 1776 2304; baseline 0.004 -18"><span class='ocrx_word' id='word_1_92' title='bbox 139 2242 212 2287; x_wconf 85' lang='lat' dir='ltr'>bis</span> <span class='ocrx_word' id='word_1_93' title='bbox 246 2242 291 2287; x_wconf 90' lang='lat' dir='ltr'>in</span> <span class='ocrx_word' id='word_1_94' title='bbox 327 2242 748 2289; x_wconf 88' lang='lat' dir='ltr'>Constitutionum</span> <span class='ocrx_word' id='word_1_95' title='bbox 785 2255 926 2302; x_wconf 92' lang='lat' dir='ltr'>parte</span> <span class='ocrx_word' id='word_1_96' title='bbox 961 2246 1099 2303; x_wconf 73' lang='lat' dir='ltr'>VIII,</span> <span class='ocrx_word' id='word_1_97' title='bbox 1132 2262 1242 2303; x_wconf 91' lang='lat' dir='ltr'>cap.</span> <span class='ocrx_word' id='word_1_98' title='bbox 1270 2247 1305 2303; x_wconf 81' lang='lat' dir='ltr'>I,</span> <span class='ocrx_word' id='word_1_99' title='bbox 1333 2248 1657 2304; x_wconf 76' lang='lat' dir='ltr'>paragrapho</span> <span class='ocrx_word' id='word_1_100' title='bbox 1680 2248 1708 2286; x_wconf 76' lang='lat'>0</span> <span class='ocrx_word' id='word_1_101' title='bbox 1731 2260 1776 2293; x_wconf 91' lang='lat' dir='ltr'>et</span> 
     </span>
     <span class='ocr_line' id='line_1_16' title="bbox 141 2319 1776 2382; baseline 0.004 -19"><span class='ocrx_word' id='word_1_102' title='bbox 141 2319 305 2365; x_wconf 90' lang='lat' dir='ltr'>littera</span> <span class='ocrx_word' id='word_1_103' title='bbox 330 2320 394 2377; x_wconf 84' lang='lat' dir='ltr'>M,</span> <span class='ocrx_word' id='word_1_104' title='bbox 423 2320 525 2377; x_wconf 91' lang='lat' dir='ltr'>ipse</span> <span class='ocrx_word' id='word_1_105' title='bbox 549 2321 843 2375; x_wconf 79' lang='lat' dir='ltr'>declaravit,</span> <span class='ocrx_word' id='word_1_106' title='bbox 875 2323 1148 2380; x_wconf 64' lang='lat' dir='ltr'>«Ayudara</span> <span class='ocrx_word' id='word_1_107' title='bbox 1171 2325 1389 2370; x_wconf 78' lang='lat' dir='ltr'>tambien</span> <span class='ocrx_word' id='word_1_108' title='bbox 1408 2340 1522 2381; x_wconf 82' lang='lat' dir='ltr'>muy</span> <span class='ocrx_word' id='word_1_109' title='bbox 1543 2325 1776 2382; x_wconf 88' lang='lat' dir='ltr'>especial-</span> 
     </span>
     <span class='ocr_line' id='line_1_17' title="bbox 141 2398 1776 2447; baseline 0.004 -6"><span class='ocrx_word' id='word_1_110' title='bbox 141 2406 302 2442; x_wconf 93' lang='lat' dir='ltr'>mente</span> <span class='ocrx_word' id='word_1_111' title='bbox 326 2398 373 2442; x_wconf 84' lang='lat' dir='ltr'>la</span> <span class='ocrx_word' id='word_1_112' title='bbox 397 2399 772 2444; x_wconf 83' lang='lat' dir='ltr'>comunicacion</span> <span class='ocrx_word' id='word_1_113' title='bbox 798 2400 856 2445; x_wconf 90' lang='lat' dir='ltr'>de</span> <span class='ocrx_word' id='word_1_114' title='bbox 882 2401 1037 2446; x_wconf 88' lang='lat' dir='ltr'>letras</span> <span class='ocrx_word' id='word_1_115' title='bbox 1061 2401 1264 2447; x_wconf 89' lang='lat' dir='ltr'>misivas</span> <span class='ocrx_word' id='word_1_116' title='bbox 1300 2411 1439 2447; x_wconf 86' lang='lat' dir='ltr'>entre</span> <span class='ocrx_word' id='word_1_117' title='bbox 1476 2402 1547 2447; x_wconf 90' lang='lat' dir='ltr'>los</span> <span class='ocrx_word' id='word_1_118' title='bbox 1581 2402 1776 2447; x_wconf 77' lang='lat' dir='ltr'>inferio-</span> 
     </span>
     <span class='ocr_line' id='line_1_18' title="bbox 141 2476 1778 2536; baseline 0.004 -18"><span class='ocrx_word' id='word_1_119' title='bbox 141 2489 220 2519; x_wconf 87' lang='lat' dir='ltr'>res</span> <span class='ocrx_word' id='word_1_120' title='bbox 254 2491 285 2530; x_wconf 85' lang='lat' dir='ltr'>y</span> <span class='ocrx_word' id='word_1_121' title='bbox 316 2476 628 2531; x_wconf 84' lang='lat' dir='ltr'>superiores»</span> <span class='ocrx_word' id='word_1_122' title='bbox 657 2486 705 2522; x_wconf 88' lang='lat' dir='ltr'>et</span> <span class='ocrx_word' id='word_1_123' title='bbox 729 2477 775 2522; x_wconf 92' lang='lat' dir='ltr'>in</span> <span class='ocrx_word' id='word_1_124' title='bbox 800 2477 1156 2535; x_wconf 88' lang='lat' dir='ltr'>declaratione,</span> <span class='ocrx_word' id='word_1_125' title='bbox 1188 2479 1347 2524; x_wconf 84' lang='lat' dir='ltr'>«Para</span> <span class='ocrx_word' id='word_1_126' title='bbox 1373 2495 1464 2536; x_wconf 87' lang='lat' dir='ltr'>que</span> <span class='ocrx_word' id='word_1_127' title='bbox 1490 2480 1562 2524; x_wconf 89' lang='lat' dir='ltr'>las</span> <span class='ocrx_word' id='word_1_128' title='bbox 1587 2495 1778 2524; x_wconf 87' lang='lat' dir='ltr'>nuevas</span> 
     </span>
     <span class='ocr_line' id='line_1_19' title="bbox 142 2551 1778 2613; baseline 0.004 -17"><span class='ocrx_word' id='word_1_129' title='bbox 142 2552 200 2596; x_wconf 91' lang='lat' dir='ltr'>de</span> <span class='ocrx_word' id='word_1_130' title='bbox 226 2552 272 2597; x_wconf 93' lang='lat' dir='ltr'>la</span> <span class='ocrx_word' id='word_1_131' title='bbox 297 2551 578 2609; x_wconf 78' lang='lat' dir='ltr'>Compafiia</span> <span class='ocrx_word' id='word_1_132' title='bbox 604 2554 797 2610; x_wconf 91' lang='lat' dir='ltr'>puedan</span> <span class='ocrx_word' id='word_1_133' title='bbox 823 2556 1170 2602; x_wconf 89' lang='lat' dir='ltr'>comunicarse</span> <span class='ocrx_word' id='word_1_134' title='bbox 1195 2573 1225 2602; x_wconf 89' lang='lat' dir='ltr'>a</span> <span class='ocrx_word' id='word_1_135' title='bbox 1261 2557 1402 2602; x_wconf 90' lang='lat' dir='ltr'>todos</span> <span class='ocrx_word' id='word_1_136' title='bbox 1435 2557 1696 2613; x_wconf 80' lang='lat' dir='ltr'>seguirase</span> <span class='ocrx_word' id='word_1_137' title='bbox 1731 2557 1778 2602; x_wconf 91' lang='lat' dir='ltr'>la</span> 
     </span>
     <span class='ocr_line' id='line_1_20' title="bbox 141 2628 1778 2692; baseline 0.004 -19"><span class='ocrx_word' id='word_1_138' title='bbox 141 2628 302 2675; x_wconf 74' lang='lat' dir='ltr'>forma</span> <span class='ocrx_word' id='word_1_139' title='bbox 335 2630 594 2686; x_wconf 85' lang='lat' dir='ltr'>siguiente.</span> <span class='ocrx_word' id='word_1_140' title='bbox 633 2632 734 2677; x_wconf 93' lang='lat' dir='ltr'>Los</span> <span class='ocrx_word' id='word_1_141' title='bbox 769 2648 863 2688; x_wconf 86' lang='lat' dir='ltr'>que</span> <span class='ocrx_word' id='word_1_142' title='bbox 898 2649 985 2678; x_wconf 90' lang='lat' dir='ltr'>son</span> <span class='ocrx_word' id='word_1_143' title='bbox 1021 2634 1200 2691; x_wconf 87' lang='lat' dir='ltr'>debajo</span> <span class='ocrx_word' id='word_1_144' title='bbox 1226 2635 1286 2679; x_wconf 91' lang='lat' dir='ltr'>de</span> <span class='ocrx_word' id='word_1_145' title='bbox 1312 2651 1373 2679; x_wconf 90' lang='lat' dir='ltr'>un</span> <span class='ocrx_word' id='word_1_146' title='bbox 1398 2634 1690 2692; x_wconf 86' lang='lat' dir='ltr'>provincial,</span> <span class='ocrx_word' id='word_1_147' title='bbox 1719 2635 1778 2680; x_wconf 91' lang='lat' dir='ltr'>de</span> 
     </span>
     <span class='ocr_line' id='line_1_21' title="bbox 142 2707 1777 2769; baseline 0.004 -18"><span class='ocrx_word' id='word_1_148' title='bbox 142 2707 372 2753; x_wconf 89' lang='lat' dir='ltr'>diversas</span> <span class='ocrx_word' id='word_1_149' title='bbox 398 2707 558 2754; x_wconf 89' lang='lat' dir='ltr'>Casas</span> <span class='ocrx_word' id='word_1_150' title='bbox 583 2724 612 2754; x_wconf 95' lang='lat' dir='ltr'>o</span> <span class='ocrx_word' id='word_1_151' title='bbox 632 2708 885 2767; x_wconf 85' lang='lat' dir='ltr'>ColegiOS‚</span> <span class='ocrx_word' id='word_1_152' title='bbox 913 2711 1141 2757; x_wconf 86' lang='lat' dir='ltr'>escriban</span> <span class='ocrx_word' id='word_1_153' title='bbox 1167 2712 1293 2756; x_wconf 91' lang='lat' dir='ltr'>cada</span> <span class='ocrx_word' id='word_1_154' title='bbox 1320 2711 1558 2768; x_wconf 89' lang='lat' dir='ltr'>principio</span> <span class='ocrx_word' id='word_1_155' title='bbox 1578 2713 1637 2757; x_wconf 91' lang='lat' dir='ltr'>de</span> <span class='ocrx_word' id='word_1_156' title='bbox 1662 2728 1777 2769; x_wconf 88' lang='lat' dir='ltr'>qua-</span> 
     </span>
     <span class='ocr_line' id='line_1_22' title="bbox 141 2786 1777 2844; baseline 0.004 -16"><span class='ocrx_word' id='word_1_157' title='bbox 141 2793 219 2828; x_wconf 90' lang='lat' dir='ltr'>tro</span> <span class='ocrx_word' id='word_1_158' title='bbox 255 2799 416 2830; x_wconf 90' lang='lat' dir='ltr'>meses</span> <span class='ocrx_word' id='word_1_159' title='bbox 449 2800 548 2830; x_wconf 89' lang='lat' dir='ltr'>una</span> <span class='ocrx_word' id='word_1_160' title='bbox 583 2786 712 2831; x_wconf 86' lang='lat' dir='ltr'>letra</span> <span class='ocrx_word' id='word_1_161' title='bbox 746 2802 838 2843; x_wconf 91' lang='lat' dir='ltr'>que</span> <span class='ocrx_word' id='word_1_162' title='bbox 873 2796 1123 2844; x_wconf 87' lang='lat' dir='ltr'>contenga</span> <span class='ocrx_word' id='word_1_163' title='bbox 1154 2788 1427 2833; x_wconf 88' lang='lat' dir='ltr'>solamente</span> <span class='ocrx_word' id='word_1_164' title='bbox 1452 2789 1526 2833; x_wconf 88' lang='lat' dir='ltr'>las</span> <span class='ocrx_word' id='word_1_165' title='bbox 1551 2804 1694 2834; x_wconf 88' lang='lat' dir='ltr'>cosas</span> <span class='ocrx_word' id='word_1_166' title='bbox 1719 2789 1777 2834; x_wconf 91' lang='lat' dir='ltr'>de</span> 
     </span>
     <span class='ocr_line' id='line_1_23' title="bbox 145 2860 482 2907; baseline 0.006 -2"><span class='ocrx_word' id='word_1_167' title='bbox 145 2860 482 2907; x_wconf 83' lang='lat' dir='ltr'>edificacion».</span> 
     </span>
    </p>

    <p class='ocr_par' dir='ltr' id='par_1_6' title="bbox 145 2938 1778 3152">
     <span class='ocr_line' id='line_1_24' title="bbox 232 2938 1777 2997; baseline 0.003 -14"><span class='ocrx_word' id='word_1_168' title='bbox 232 2938 371 2984; x_wconf 87' lang='lat' dir='ltr'>Haec</span> <span class='ocrx_word' id='word_1_169' title='bbox 396 2939 458 2984; x_wconf 92' lang='lat' dir='ltr'>ad</span> <span class='ocrx_word' id='word_1_170' title='bbox 491 2949 714 2985; x_wconf 89' lang='lat' dir='ltr'>mutuam</span> <span class='ocrx_word' id='word_1_171' title='bbox 750 2940 1048 2986; x_wconf 87' lang='lat' dir='ltr'>charitatem</span> <span class='ocrx_word' id='word_1_172' title='bbox 1084 2941 1367 2997; x_wconf 83' lang='lat' dir='ltr'>fovendam,</span> <span class='ocrx_word' id='word_1_173' title='bbox 1404 2943 1467 2987; x_wconf 88' lang='lat' dir='ltr'>ad</span> <span class='ocrx_word' id='word_1_174' title='bbox 1502 2944 1777 2988; x_wconf 84' lang='lat' dir='ltr'>animorum</span> 
     </span>
     <span class='ocr_line' id='line_1_25' title="bbox 145 3012 1778 3074; baseline 0.003 -15"><span class='ocrx_word' id='word_1_175' title='bbox 145 3013 542 3072; x_wconf 85' lang='lat' dir='ltr'>conjunctionem</span> <span class='ocrx_word' id='word_1_176' title='bbox 578 3012 921 3074; x_wconf 85' lang='lat' dir='ltr'>stringendam</span> <span class='ocrx_word' id='word_1_177' title='bbox 956 3018 1065 3063; x_wconf 91' lang='lat' dir='ltr'>inde</span> <span class='ocrx_word' id='word_1_178' title='bbox 1090 3033 1119 3062; x_wconf 87' lang='lat' dir='ltr'>a</span> <span class='ocrx_word' id='word_1_179' title='bbox 1152 3018 1319 3074; x_wconf 85' lang='lat' dir='ltr'>primis</span> <span class='ocrx_word' id='word_1_180' title='bbox 1343 3017 1611 3065; x_wconf 82' lang='lat' dir='ltr'>Societatis</span> <span class='ocrx_word' id='word_1_181' title='bbox 1634 3019 1778 3065; x_wconf 90' lang='lat' dir='ltr'>initiis</span> 
     </span>
     <span class='ocr_line' id='line_1_26' title="bbox 150 3091 1777 3152; baseline 0.003 -15"><span class='ocrx_word' id='word_1_182' title='bbox 150 3101 199 3137; x_wconf 90' lang='lat' dir='ltr'>et</span> <span class='ocrx_word' id='word_1_183' title='bbox 231 3091 456 3148; x_wconf 88' lang='lat' dir='ltr'>Ignatius</span> <span class='ocrx_word' id='word_1_184' title='bbox 490 3093 593 3151; x_wconf 88' lang='lat' dir='ltr'>ipse</span> <span class='ocrx_word' id='word_1_185' title='bbox 627 3103 676 3139; x_wconf 89' lang='lat' dir='ltr'>et</span> <span class='ocrx_word' id='word_1_186' title='bbox 711 3093 932 3151; x_wconf 85' lang='lat' dir='ltr'>ejusdem</span> <span class='ocrx_word' id='word_1_187' title='bbox 967 3095 1088 3140; x_wconf 88' lang='lat' dir='ltr'>socii</span> <span class='ocrx_word' id='word_1_188' title='bbox 1118 3095 1330 3151; x_wconf 79' lang='lat' dir='ltr'>professi</span> <span class='ocrx_word' id='word_1_189' title='bbox 1359 3106 1487 3142; x_wconf 88' lang='lat' dir='ltr'>sunt.</span> <span class='ocrx_word' id='word_1_190' title='bbox 1513 3097 1777 3152; x_wconf 75' lang='lat' dir='ltr'>PolanCUS,</span> 
     </span>
    </p>

    <p class='ocr_par' dir='ltr' id='par_1_7' title="bbox 1620 3185 1638 3205">
     <span class='ocr_line' id='line_1_27' title="bbox 1620 3185 1638 3205; baseline 0 -1"><span class='ocrx_word' id='word_1_191' title='bbox 1620 3185 1638 3205; x_wconf 70' lang='lat' dir='ltr'>&gt;ie</span> 
     </span>
    </p>
   </div>
   <div class='ocr_carea' id='block_1_4' title="bbox 1644 3269 1715 3314">
    <p class='ocr_par' dir='ltr' id='par_1_8' title="bbox 1644 3269 1715 3314">
     <span class='ocr_line' id='line_1_28' title="bbox 1644 3269 1715 3314; baseline 0 -41"><span class='ocrx_word' id='word_1_192' title='bbox 1644 3269 1715 3314; x_wconf 43' lang='lat' dir='ltr'>„c</span> 
     </span>
    </p>
   </div>
   <div class='ocr_carea' id='block_1_5' title="bbox 1763 3305 1841 3366">
    <p class='ocr_par' dir='ltr' id='par_1_9' title="bbox 1763 3305 1841 3366">
     <span class='ocr_line' id='line_1_29' title="bbox 1763 3305 1841 3366; baseline 0 0"><span class='ocrx_word' id='word_1_193' title='bbox 1763 3305 1802 3366; x_wconf 58' lang='lat' dir='ltr'>vs·-</span> <span class='ocrx_word' id='word_1_194' title='bbox 1830 3340 1841 3366; x_wconf 76' lang='lat'>·.</span> 
     </span>
    </p>
   </div>
  </div>
 </body>
</html>
