2051 3516
471 287 878 326 154.——INGOLSTAD10
903 286 950 323 26
975 286 1152 323 APRILIS
1181 286 1274 322 1558
1577 283 1647 320 605

121 384 164 428 7.
232 382 490 440 Casparus
515 385 547 440 ¹,
574 382 725 428 Ionae
759 384 773 407 2
804 397 988 438 comes,
1026 382 1072 426 in
1111 381 1372 427 vocatione
1405 394 1496 425 sua
1530 389 1697 424 manet

62 470 313 517 constans;
341 460 508 517 pueris
534 460 626 505 hoc
649 469 873 516 tempore
898 475 927 504 a
952 458 1005 504 P.
1034 458 1237 504 Canisio
1262 458 1569 514 designatus.

151 537 483 583 Adiunximus
536 536 589 582 Ρ.
609 586 613 591 ,
638 537 933 593 prouinciali
978 537 993 561 3
1042 536 1408 581 adolescentem
1458 534 1696 580 nouitium

63 614 325 671 quemdam
348 614 624 671 spirensem
648 614 694 659 in
726 615 896 671 lingua
931 612 1083 659 latina
1121 624 1385 669 Vtcumque
1420 621 1694 668 versatum,

62 691 355 736 industrium
379 701 428 737 et
453 692 612 736 bonae
635 691 756 748 spei.
786 692 875 736 Est
898 690 1088 736 iuuenis
1113 705 1306 747 quoque
1330 691 1408 735 hic
1426 704 1699 747 germanus

62 777 110 812 et
132 767 297 813 multis
321 783 381 813 ac
405 768 744 824 singularibus
768 767 950 824 ingenii
985 767 1182 812 dotibus
1217 776 1506 823 exornatus,
1543 765 1697 811 famu-

64 845 138 889 lus
162 855 348 901 noster,
376 845 456 902 qui
478 845 594 890 nihil
617 845 754 901 prius
777 845 823 890 in
851 845 978 890 votis
1003 845 1152 889 habet
1176 860 1323 901 quam
1352 853 1402 889 vt
1422 844 1697 889 membrum

63 920 329 968 Societatis
353 921 620 967 efficiatur.
648 922 956 968 Praebemus
975 921 1040 967 illi
1060 922 1241 967 bonam
1260 936 1415 978 spem,
1438 921 1597 966 donec
1616 936 1698 966 ex-

63 999 318 1056 periamur
342 1003 378 1044 si
404 1000 606 1055 spiritus
630 1016 693 1045 ex
715 999 826 1045 Deo
850 999 927 1045 sit.
955 999 1132 1044 Plures
1156 998 1397 1044 eiusmodi
1423 999 1698 1055 reciperen-

63 1085 162 1133 tur,
178 1076 216 1121 si
230 1076 293 1121 ad
308 1076 641 1132 recipiendum
655 1092 742 1122 eos
758 1076 1022 1134 collegium
1039 1075 1378 1121 adiumentum
1395 1075 1545 1119 Vllum
1558 1091 1697 1131 prae·

64 1162 238 1209 staret7
266 1164 531 1210 angustum
551 1154 678 1199 enim
701 1164 776 1200 est
795 1165 841 1199 et
861 1169 1136 1211 paucorum
1156 1168 1336 1209 capax,
1364 1161 1414 1197 vt
1434 1152 1499 1196 illi
1519 1162 1699 1198 norunt

64 1232 143 1287 qui
166 1231 422 1276 nobiscum
447 1247 507 1277 ea
531 1232 797 1289 aliquando
823 1232 897 1277 vsi
928 1245 1056 1277 sunt.
1096 1230 1342 1287 Cogimur
1376 1231 1503 1276 enirn
1529 1245 1696 1287 saepe,

63 1308 176 1352 dum
200 1308 385 1354 fratres
409 1309 577 1365 plures
606 1319 735 1366 sunt,
763 1324 850 1354 eos
880 1309 1075 1355 mittere
1110 1308 1172 1353 ad
1207 1308 1408 1354 domum
1442 1308 1699 1354 cuiusdam

62 1385 281 1431 doctoris
304 1395 530 1443 tempore
554 1396 815 1432 nocturno.
843 1386 1057 1432 Proinde
1077 1394 1304 1442 optarem
1324 1385 1483 1430 nullos
1503 1385 1700 1431 aliunde

62 1463 124 1508 ad
149 1479 238 1508 nos
263 1463 386 1509 mitti
412 1463 641 1521 noustios,
669 1463 816 1510 facile
842 1464 986 1521 enim,
1014 1464 1106 1508 nisi
1129 1472 1246 1508 ante
1272 1463 1469 1519 probati
1493 1462 1698 1519 fuerint,

63 1549 333 1597 tentantur,
360 1556 519 1598 neque
544 1541 636 1586 illis
659 1541 921 1586 commode
946 1543 1134 1598 absque
1170 1540 1477 1597 probationis
1512 1541 1660 1585 domo
1685 1542 1699 1564 ⁴

63 1627 111 1663 et
136 1617 245 1662 loco
280 1617 575 1663 satisfacere
610 1634 886 1674 possumus,
925 1629 1027 1663 tum
1064 1618 1211 1663 etiam
1249 1619 1378 1675 quod
1414 1633 1586 1663 omnes
1622 1619 1700 1663 vel

62 1694 287 1740 docendo
314 1696 393 1740 vel
417 1696 710 1752 exprofesso
746 1696 992 1741 audiendo
1027 1696 1264 1741 lectiones
1298 1696 1523 1752 publicas
1557 1711 1699 1741 occu-

62 1781 256 1828 pentur.
283 1772 448 1819 Nacta
472 1788 594 1818 vero
619 1773 795 1818 domus
819 1773 1172 1818 commoditate
1196 1774 1243 1818 in
1268 1789 1365 1831 qua
1388 1773 1542 1818 Illust.
1570 1774 1700 1829 prin-

62 1865 179 1906 ceps
203 1860 409 1906 cuperet
431 1851 615 1896 institui
641 1851 912 1896 monachos
936 1851 1139 1896 iuuenes
1164 1852 1195 1907 ὖ,
1225 1852 1302 1896 vel
1333 1852 1533 1908 quosuis
1558 1851 1698 1908 alios,

62 1928 477 1984 quemadmodum
501 1944 565 1973 ex
588 1928 742 1974 literis
762 1928 945 1973 domini
964 1926 1285 1974 Schueicheri
1305 1930 1319 1952 ὅ
1342 1929 1577 1986 intelligo,
1605 1929 1699 1973 vel-

62 2006 156 2051 lem
182 2007 227 2051 in
262 2006 507 2063 colloquio
542 2007 770 2063 tractari,
809 2022 958 2063 quum
993 2007 1052 2052 de
1087 2007 1168 2052 illa
1203 2006 1350 2051 domo
1385 2007 1700 2052 statuendum

61 2084 172 2141 erit,
200 2100 313 2129 num
339 2085 654 2131 conuictores
678 2085 776 2130 illic
799 2084 987 2130 habere
1011 2084 1300 2139 debeamus,
1332 2094 1382 2129 vt
1407 2085 1451 2129 in
1477 2085 1585 2130 aliis
1605 2086 1701 2130 col-

63 2161 203 2218 legiis
227 2163 378 2208 moris
401 2173 492 2216 est,
521 2163 631 2208 licet
655 2163 780 2208 haec
805 2163 933 2208 ratio
957 2162 1170 2207 habendi
1195 2163 1513 2208 conuictores
1532 2162 1701 2208 diffici-

112 2391 119 2409 ¹
174 2389 296 2426 Forte
316 2389 438 2426 fuerit
457 2388 619 2436 Gaspar
635 2388 906 2436 Obergasser,
928 2390 976 2426 de
997 2402 1075 2436 quo
1091 2389 1135 2426 P.
1155 2388 1336 2438 Lanojus
1353 2390 1415 2427 die
1435 2390 1481 2426 24
1496 2390 1595 2437 Julii
1614 2391 1704 2428 1559

62 2450 162 2486 haec
197 2449 400 2486 scribebat
435 2461 483 2485 ex
519 2449 787 2495 Ingolstadio:
830 2448 1014 2497 «Gaspar
1051 2448 1327 2495 Obergasser,
1366 2462 1477 2496 ger.;
1517 2451 1601 2497 agit
1637 2464 1704 2488 an-

62 2522 157 2546 num
176 2509 234 2554 253
264 2509 305 2545 in
332 2508 537 2546 Societate
566 2509 665 2545 vixit
692 2509 997 2556 sesquiannum;
1030 2510 1155 2546 audiit
1184 2510 1427 2546 rhetoricam
1455 2511 1496 2546 in
1523 2512 1702 2554 saeculo,

62 2574 102 2605 et
132 2569 174 2606 in
204 2568 410 2606 Societate
441 2581 616 2613 rursum,
651 2575 690 2606 et
721 2570 1006 2617 compendium
1038 2570 1285 2606 dialectices.
1322 2570 1454 2606 Docet
1485 2583 1632 2617 pueros
1664 2572 1704 2608 in

61 2628 197 2666 infima
216 2630 360 2666 classe.
381 2628 485 2665 Boni
505 2634 565 2665 est
584 2629 707 2665 animi
723 2630 774 2665 ad
791 2630 990 2667 iuuandos
1006 2630 1221 2677 proximos
1240 2630 1370 2666 libens
1389 2630 1472 2666 adit
1486 2630 1699 2678 hospitale;

62 2690 325 2726 concionatur
343 2689 602 2726 mediocriter
620 2689 739 2732 bene;
768 2690 819 2726 ad
843 2696 953 2727 artes
973 2703 1053 2727 non
1073 2690 1234 2726 videtur
1252 2690 1433 2734 idoneus;
1455 2703 1623 2738 corpore
1643 2698 1704 2729 est

62 2748 249 2785 debiliori
269 2762 315 2785 ac
334 2754 512 2785 tenero.»
534 2748 579 2784 In
599 2749 735 2786 codice
757 2749 899 2786 Germ.
921 2749 1010 2792 131,
1031 2749 1098 2786 fol.
1123 2749 1229 2786 132v.

111 2809 123 2828 ‘³
174 2808 238 2845 De
254 2808 358 2856 Jona
379 2808 536 2845 Adlero
556 2808 648 2845 vide
666 2808 1028 2853 BRAUNSBERGER‚
1052 2810 1126 2846 loc.
1149 2810 1229 2853 eit..
1250 2810 1308 2846 61.

110 2869 122 2888 ³
174 2868 220 2906 B.
243 2868 391 2905 Petrus
411 2867 616 2906 Canisius.

109 2929 123 2948 ⁴
174 2928 239 2965 De
266 2928 510 2965 necessitate
538 2929 680 2965 domus
710 2929 960 2976 probationis
991 2942 1062 2976 pro
1094 2930 1302 2975 provincia
1335 2930 1585 2968 Germaniae
1618 2932 1702 2978 agit

64 2988 108 3025 Ρ.
131 2987 322 3025 Canisius
341 2988 381 3024 in
401 2988 574 3035 epistola
593 2989 779 3036 superius
799 2990 936 3026 citata.
958 2988 1058 3026 lbid.
1080 2988 1162 3025 255.

111 3048 124 3066 ⁵
177 3047 240 3085 Cf.
261 3048 372 3094 ibid„
392 3047 477 3086 260.

109 3109 122 3127 ⁶
174 3108 376 3145 Henricus
396 3108 669 3155 Schweicker‚
692 3110 804 3145 ducis
825 3109 1026 3145 Banu-iae
1046 3122 1069 3145 a
1089 3110 1272 3147 secretis.
