2051 3516
356 283 426 320 862
822 284 1041 322 LITTERAE
1067 285 1423 331 QUADRIMESTRES

310 400 515 442 prorsus
538 385 601 430 ab
626 385 718 430 hoc
741 386 885 431 studii
916 401 1102 443 genere
1136 387 1266 432 foret
1299 387 1502 444 alienus;
1529 388 1636 444 pios
1659 389 1845 446 aliquot
1867 390 1905 435 si

310 462 408 507 mul
438 470 486 507 et
515 462 686 508 doctos
719 462 855 508 viros
888 478 1037 519 super
1070 463 1163 509 hac
1198 478 1252 508 re
1286 463 1530 509 consuluit
1565 479 1852 524 eorumque,
1878 467 1924 512 ni

309 538 471 595 fallor,
499 539 717 595 consilio,
743 539 955 596 Vtrique,
981 540 1074 585 hoc
1107 548 1196 597 est,
1224 548 1272 586 et
1305 555 1394 586 suo
1428 550 1476 586 et
1509 550 1771 597 parentum
1804 543 1925 588 desi-

309 615 445 661 derio
479 615 542 661 ad
575 624 768 673 tempus
791 616 1083 662 satisfacere
1106 617 1343 674 decreuit,
1370 617 1549 674 partim
1583 617 1770 664 scilicet
1793 619 1923 665 theo-

309 693 482 749 logicis
504 693 684 750 partim
709 709 831 739 vero
854 692 1272 750 jurisprudentiae
1296 694 1540 741 vacando.
1562 693 1828 741 Societatis
1852 695 1918 741 in-

309 779 448 816 terea
470 770 743 816 institutum
767 770 856 826 ipsi
880 770 1101 828 innotuit,
1127 770 1258 828 quod
1292 779 1340 816 et
1372 779 1633 828 tantopere
1662 771 1846 828 placuit
1869 781 1924 818 vt

309 847 593 904 parentibus
627 856 676 893 et
709 862 834 905 quae
857 847 1021 893 mundi
1054 848 1196 893 huius
1229 857 1341 894 sunt
1375 847 1560 894 relictis
1583 849 1824 906 omnibus,
1850 849 1927 895 hic

310 923 508 970 Christo
532 924 621 970 sibi
644 924 957 970 seruiendum
991 940 1100 970 esse
1133 925 1408 971 certissime
1442 924 1682 971 definiret.
1710 925 1926 983 Perpau·

308 1002 379 1047 cis
402 1001 553 1058 igitur
576 1010 624 1047 et
647 1002 703 1047 iis
727 1001 921 1058 quidem
957 1017 1068 1047 cum
1101 1001 1356 1048 doctrinae
1380 1011 1482 1047 tum
1509 1002 1640 1048 vitae
1671 1003 1925 1060 integrita-

309 1088 356 1124 te
380 1078 751 1135 spectatissimis
776 1079 922 1124 animi
946 1079 1019 1125 sui
1043 1079 1257 1125 consiliis
1282 1078 1559 1136 patefactis,
1581 1079 1645 1124 ad
1668 1094 1925 1125 romanam

310 1171 363 1201 se
388 1155 606 1213 accingit
629 1155 1004 1214 profectionem,
1030 1155 1317 1213 parentibus
1351 1155 1544 1212 quidem
1579 1155 1727 1213 (quod
1751 1172 1923 1202 eorum

308 1248 430 1290 pace
454 1241 502 1278 et
525 1232 771 1278 arbitratu
795 1247 883 1278 suo
906 1248 958 1279 se
982 1248 1124 1290 posse
1148 1231 1441 1278 satisfacere
1474 1231 1717 1278 desiderio
1741 1232 1922 1279 diffide-

311 1310 403 1367 ret)
428 1310 719 1356 insalutatis.

372 1386 439 1432 13.
505 1386 697 1432 Romae
721 1395 885 1432 autem
911 1401 1022 1432 eum
1053 1401 1106 1432 se
1140 1386 1230 1431 Dei
1264 1386 1431 1442 gratia
1464 1386 1708 1444 praebuit,
1735 1395 1788 1432 vt
1812 1387 1921 1444 piae

310 1463 580 1508 memoriae
622 1463 801 1508 Rdum.
848 1463 901 1510 P.
948 1463 1009 1508 D.
1052 1462 1300 1519 Olauium‚
1342 1462 1536 1520 collegii
1581 1463 1771 1508 romani
1810 1464 1922 1509 olim

309 1539 635 1597 praefectum,
663 1544 710 1585 et
731 1540 892 1585 virum
914 1546 932 1567 ³
964 1540 1010 1585 in
1033 1539 1384 1596 perspiciendis
1407 1539 1469 1585 ad
1493 1539 1586 1585 Dei
1608 1540 1820 1596 gloriam
1843 1556 1925 1586 no-

309 1617 423 1662 stris
457 1616 728 1663 defectibus
762 1616 942 1673 alioqui
972 1616 1377 1673 oculatissimum‚
1405 1615 1593 1673 [dixisse
1616 1617 1820 1663 subinde
1843 1633 1925 1663 au-

309 1694 498 1739 dierim:
527 1694 571 1739 in
596 1693 800 1751 singulis
824 1709 947 1750 pene
971 1692 1151 1750 aliquid
1187 1692 1430 1749 desidero;
1457 1702 1508 1738 at
1539 1693 1584 1738 in
1608 1693 1702 1739 hoc
1726 1709 1822 1739 vno
1846 1693 1925 1750 (de

309 1770 360 1815 Ρ.
389 1770 704 1816 Theodorico
738 1770 1051 1827 loquebatur)
1088 1769 1201 1815 nihil
1236 1769 1365 1826 quod
1399 1769 1671 1827 displiceat,
1708 1770 1920 1827 reperio.

311 1847 711 1894 perfectissimae
750 1847 1057 1893 obedientiae
1093 1856 1141 1893 et
1173 1846 1460 1893 humilitatis
1494 1846 1599 1892 eius
1628 1856 1780 1893 testes
1819 1863 1926 1893 esse

308 1934 510 1981 possunt
534 1934 773 1982 quotquot
806 1924 886 1969 vel
918 1923 1254 1969 tenuissimam
1288 1924 1390 1969 eius
1424 1923 1644 1969 habuere
1677 1924 1921 1970 notitiam.

309 2001 419 2058 Ego
443 2001 637 2058 quidem
663 2002 828 2047 nescio
861 2002 900 2046 si
936 2001 1079 2046 vllius
1112 2001 1317 2047 alterius
1352 2011 1584 2057 quantum
1616 2000 1758 2046 huius
1782 2000 1836 2047 P.
1863 2001 1922 2047 N.

308 2078 484 2124 fuerim
507 2078 701 2124 adiutus
726 2078 970 2135 exemplo.
1000 2077 1063 2124 Et
1088 2094 1182 2135 quo
1214 2078 1369 2123 mirae
1393 2076 1412 2104 ¹³
1437 2077 1727 2134 prudentiae
1751 2078 1855 2123 eius
1879 2087 1926 2123 et

308 2155 353 2200 in
378 2155 471 2200 hac
495 2155 757 2200 vocatione
780 2169 1020 2211 perrarae
1044 2154 1329 2210 diligentiae
1348 2162 1701 2210 argumentum
1725 2154 1925 2200 euidens

308 2231 564 2281 habeatur.
591 2231 834 2288 quaedam
859 2231 931 2277 hic
954 2231 1059 2276 eius
1081 2230 1218 2276 facta
1242 2230 1401 2276 obiter
1425 2230 1712 2276 recensebo.
1740 2230 1804 2276 Et
1827 2231 1922 2287 pri-

308 2324 438 2353 murn
473 2308 667 2365 quidem
701 2317 802 2353 tam
836 2317 946 2354 erat
979 2307 1288 2364 superiorum
1319 2322 1519 2352 suorum
1543 2316 1592 2352 et
1610 2307 1924 2363 praesertim

309 2385 727 2431 confessariorum
762 2386 1054 2441 obseruans,
1080 2393 1133 2429 ut
1164 2384 1413 2429 minimum
1448 2383 1533 2428 vix
1567 2384 1827 2429 verbulum
1861 2400 1922 2429 ex

308 2478 480 2508 eorum
514 2477 602 2507 ore
635 2462 740 2519 ipso
774 2462 1001 2507 audiente
1035 2460 1452 2518 proficisceretur,
1480 2462 1607 2517 quod
1639 2460 1756 2506 data
1780 2476 1922 2507 occa-

307 2539 442 2584 sione
476 2539 629 2584 literis
660 2554 755 2584 non
790 2539 1064 2585 mandaret.
1102 2538 1292 2583 Deinde
1325 2537 1534 2583 notabat
1566 2536 1760 2593 singula
1795 2554 1923 2595 quae

309 2616 525 2673 quolibet
549 2616 624 2662 die
648 2617 727 2662 vel
750 2617 795 2661 in
819 2627 990 2663 nostro
1015 2616 1095 2662 vel
1118 2615 1408 2673 germanico
1432 2613 1644 2670 collegio
1671 2615 1746 2659 vel
1772 2615 1817 2660 in
1843 2631 1921 2661 ae-

309 2692 448 2738 dibus
472 2692 619 2738 etiam
654 2693 857 2738 Patrum
890 2702 1003 2738 acta
1037 2707 1147 2738 esse
1181 2691 1408 2737 sciuisset
1433 2692 1445 2714 ¹
1473 2690 1617 2735 modo
1647 2690 1811 2748 aliqua
1845 2708 1921 2738 ra—

359 2841 376 2862 a
436 2833 685 2881 praefectum
703 2847 750 2871 ac
769 2834 949 2870 eiusdem
969 2834 1008 2871 in
1027 2833 1232 2880 theologia
1251 2836 1569 2880 praeceptorem,
1598 2830 1727 2868 virum
1755 2833 1920 2880 alioqui.

308 2894 375 2921 —b
411 2893 546 2931 Prius
564 2894 802 2940 stupendae.

356 3036 365 3054 ¹
418 3034 609 3081 Eiusdem
628 3034 755 3071 diaria
773 3047 844 3071 seu
864 3034 1143 3081 ephemerides
1162 3033 1358 3071 edidimus
1376 3034 1417 3071 in
1444 3035 1633 3072 Polanci
1661 3035 1836 3082 Compl.,
1866 3034 1916 3080 II,

308 3093 378 3130 575
395 3106 482 3140 sqq.
