2051 3516
603 279 863 315 48.—E130RA
890 278 936 313 30
962 280 1129 313 Apmms
1158 278 1248 312 1:337
1630 278 1697 314 201

110 375 427 431 nipotentem.
466 374 804 430 optimumque
838 383 1099 428 parentem
1134 387 1455 427 quaesumus,
1492 382 1543 416 ut
1577 384 1750 417 nostra

110 467 265 508 opera
299 451 425 496 illius
459 461 876 506 caeterorumque
910 450 970 494 de
1004 449 1144 494 nobis
1178 448 1391 504 opinioni
1429 449 1744 505 respondeam

109 528 239 584 quod
263 528 459 584 quidem
483 537 534 572 ut
559 537 821 584 praestare
845 526 1107 583 possimus,
1134 525 1300 569 diuina
1326 524 1548 569 bonitate
1572 524 1744 569 iuuan-

108 615 175 662 te,
202 614 441 661 quantum
465 604 510 649 in
537 605 679 650 nobis
703 614 795 661 est,
822 604 1130 671 laboramus.

166 680 211 728 6.
276 681 382 727 Nec
415 692 583 727 tamen
617 682 731 727 nihil
763 679 1067 738 proficimus,
1095 695 1210 724 nam
1235 687 1283 723 et
1316 679 1362 723 in
1389 677 1543 723 literis
1574 687 1622 723 et
1652 679 1748 723 uir·

108 769 213 804 tute
251 759 488 816 progredi
523 759 569 804 in
604 759 707 804 dies
740 758 965 814 singulos
998 755 1284 801 scholastici
1320 754 1568 800 uidentur,
1608 755 1748 800 Chri-

108 846 214 881 stus
258 834 375 892 Opt.
418 836 574 893 Max.‚
618 852 708 892 pro
753 835 894 881 cuius
939 849 1111 879 amore
1152 833 1278 878 haec
1318 832 1747 889 administrantur,

107 922 307 969 partum
343 922 623 967 conseruet,
650 912 935 958 inchoatum
969 908 1213 967 perficiat,
1247 918 1295 954 et
1319 908 1488 954 uilium
1524 917 1749 953 satorum

107 990 310 1035 labores
355 989 519 1034 adhuc
562 990 608 1034 in
653 989 819 1035 herbis
869 997 918 1033 et
969 986 1367 1041 efflorescenteS‚
1422 985 1486 1030 ad
1530 987 1747 1042 frugem,

107 1066 450 1112 maturitatem
473 1076 825 1123 speratamque
859 1080 1072 1110 messem
1107 1063 1365 1121 perducat.
1402 1062 1560 1119 Haec,
1598 1062 1751 1107 Pater

111 1144 475 1201 colendissime‚
525 1145 583 1189 de
628 1143 809 1189 nostris
853 1142 1037 1188 scholis
1086 1141 1351 1187 scribenda
1401 1150 1747 1185 occurrerunt:

107 1221 348 1278 reliquum
388 1230 463 1266 est
501 1230 553 1265 ut
594 1235 654 1265 ea
695 1234 821 1276 quae
862 1219 986 1264 foris
1021 1234 1111 1276 per
1150 1228 1349 1263 nostros
1386 1225 1647 1274 geruntur,
1683 1216 1750 1261 di-

109 1313 299 1344 camus.

165 1377 190 1386 ,-

170 1386 207 1420 s.
275 1375 389 1420 Duo
426 1375 570 1419 huius
605 1374 741 1420 urbis
777 1373 983 1429 nobilesy
1011 1372 1118 1418 fere
1145 1371 1285 1429 primi
1313 1372 1439 1416 inter
1466 1380 1746 1427 magnates,

106 1468 218 1498 cum
255 1452 366 1497 odio
399 1452 680 1497 inueterato
714 1450 901 1496 iamdiu
937 1449 1249 1505 dissiderent,
1277 1464 1370 1494 nec
1404 1464 1433 1493 a
1468 1449 1592 1493 duce
1626 1447 1749 1493 Bra-

106 1530 327 1588 gantiae‚
355 1530 434 1586 qui
459 1545 633 1574 eorum
663 1528 942 1574 inimicitias
966 1528 1133 1572 delere
1158 1526 1494 1583 cogitauerat‚
1523 1525 1744 1571 reconci-

106 1606 215 1653 liari
241 1607 339 1652 ullo
363 1606 510 1651 modo
536 1617 750 1662 possent,
777 1621 866 1662 per
891 1605 1136 1662 quendam
1161 1603 1480 1648 sacerdotem
1499 1611 1746 1658 nostrum,

105 1683 270 1729 diuino
295 1683 493 1728 numine
514 1683 799 1737 adiuuante,
825 1680 1133 1727 reconciliati
1159 1681 1206 1726 in
1230 1680 1451 1737 gratiam
1473 1679 1746 1724 redierunt.

105 1761 206 1807 Nec
248 1762 408 1806 solum
447 1760 730 1806 inimicitias
764 1760 1118 1816 deposuerunt,
1157 1759 1243 1803 sed
1278 1758 1562 1803 animorum
1598 1757 1749 1802 etiam

105 1839 252 1884 saluti
276 1854 481 1883 suorum
505 1837 701 1883 ardenti
725 1837 888 1882 studio
915 1836 1145 1892 deinceps
1166 1836 1435 1892 prouidere
1460 1845 1611 1891 atque
1636 1850 1749 1880 con-

105 1917 269 1961 sulere
303 1924 604 1971 statuerunt;
632 1914 837 1960 abiectis
872 1930 997 1960 uero
1028 1913 1165 1959 libris
1190 1913 1333 1958 uanis
1357 1928 1649 1969 uenenoque
1683 1912 1749 1957 in-

104 1993 265 2050 fectis,
292 1993 415 2037 alios
449 1992 508 2037 de
533 1992 682 2037 rebus
711 1991 887 2037 diuinis
920 1991 1230 2047 conscriptos
1255 1990 1346 2036 sibi
1370 1999 1746 2047 compararunt3

104 2085 201 2127 qua
233 2085 295 2115 ex
321 2085 375 2114 re
400 2084 584 2126 magna
617 2068 931 2125 praepotenti
968 2068 1078 2113 Deo
1114 2069 1222 2113 laus
1257 2076 1333 2112 est
1367 2067 1631 2124 gloriaque
1666 2066 1747 2110 tri-

104 2149 241 2205 buta;
280 2147 461 2192 etenim
496 2146 696 2191 dubium
732 2162 829 2191 non
856 2157 966 2191 erat
990 2146 1103 2202 quin
1143 2145 1317 2202 ingens
1343 2145 1541 2200 aliquod
1567 2143 1747 2189 intesti

104 2240 318 2281 numque
352 2225 534 2269 malum
559 2239 622 2268 ex
646 2224 843 2268 illorum
871 2222 1073 2268 dissidio
1095 2238 1155 2268 ac
1178 2222 1381 2278 capitali
1407 2221 1518 2267 odio
1543 2230 1749 2277 propter

104 2302 360 2358 utriusque
400 2301 674 2357 potentiam
714 2310 763 2346 et
801 2299 1112 2345 nobilitatem
1161 2310 1292 2344 esset
1337 2306 1744 2353 consecuturum;

103 2379 232 2436 quod
256 2379 324 2424 ita
349 2378 515 2423 diuina
538 2394 630 2434 ope
655 2393 999 2434 compressum
1023 2387 1114 2434 est,
1137 2387 1190 2422 ut
1212 2392 1274 2422 ne
1294 2376 1526 2421 minimae
1552 2374 1747 2430 quidem

102 2458 230 2502 inter
256 2457 362 2502 illos
387 2455 678 2501 offensionis
702 2455 969 2512 uestigium
994 2464 1253 2512 appareat.

160 2533 204 2580 ὃ.
271 2533 411 2578 Multi
446 2542 711 2589 praeterea
746 2532 828 2577 alii
869 2549 898 2578 a
938 2532 1123 2577 nostris
1163 2530 1412 2588 pacificati
1451 2537 1579 2584 sunt,
1617 2528 1747 2573 inter

103 2626 225 2667 quos
248 2625 404 2666 gener
430 2610 645 2667 quidam,
673 2609 754 2666 qui
787 2625 899 2655 cum
936 2625 1113 2654 socero
1147 2624 1236 2665 per
1271 2616 1384 2652 octo
1410 2621 1564 2651 annos
1590 2606 1745 2651 inimi-

104 2687 245 2733 citias
268 2697 516 2744 gesserat.
544 2686 674 2743 Quin
699 2687 849 2733 etiam
873 2697 1146 2743 perpetuae
1171 2701 1231 2731 ac
1255 2683 1575 2740 quotidianae
1610 2684 1741 2729 inter

103 2764 336 2809 maritum
360 2773 409 2809 et
433 2779 644 2809 uxorem
669 2764 811 2809 rixae
836 2764 905 2809 ita
930 2779 1018 2820 per
1042 2763 1241 2808 eosdem
1277 2761 1505 2805 sublatae
1529 2770 1659 2817 sunt,
1687 2770 1740 2806 ut

102 2857 245 2887 nemo
270 2842 361 2886 illis
385 2842 650 2899 amantius,
678 2857 823 2887 nemo
848 2841 1158 2886 coniunctius
1183 2840 1336 2884 uiuat:
1366 2848 1415 2883 et
1439 2853 1550 2883 cum
1586 2853 1738 2894 saepe

103 2929 251 2964 antea
273 2919 448 2975 iurgiis
472 2918 880 2974 contumeliisque
905 2918 1080 2963 uxoris
1104 2918 1250 2961 domo
1273 2915 1496 2972 fugatus,
1521 2916 1596 2960 uir
1620 2931 1674 2961 se
1694 2916 1742 2961 in

103 2996 338 3052 templum
362 3006 587 3041 nostrum
622 2996 763 3052 quasi
787 2996 833 3041 in
859 3011 1029 3041 arcem
1064 2994 1325 3049 reciperet,
1349 3008 1480 3038 nunc
1513 2993 1659 3038 ambo
1683 2992 1745 3038 si-

103 3074 220 3129 mul,
258 3088 443 3129 magna
477 3073 756 3118 animorum
791 3072 1120 3117 consensione
1159 3070 1505 3127 singularique
1546 3070 1745 3127 pietatis
