2051 3516
378 275 446 310 728
844 276 1003 312 er'rER
1011 287 1032 311 A
1041 286 1064 311 a
1091 275 1445 320 QUADRIMESTRES

333 371 405 414 lus
450 371 711 425 prouenire
761 372 991 426 videtur),
1040 371 1280 416 maximus
1324 371 1674 427 poenitentium
1719 388 1952 418 numerus

332 463 440 491 cuni
471 463 681 503 semper,
722 457 821 493 tum
857 448 1160 503 potissimum
1195 463 1282 503 per
1315 456 1472 493 totum
1506 448 1598 493 hoc
1632 449 1950 505 quadragesi-
2001 499 2016 505 ,

334 524 459 567 male
494 533 684 579 tempus
723 525 783 569 ad
825 534 1022 569 nostros
1060 523 1347 568 sacerdotes
1387 524 1639 581 confluxit,
1676 540 1738 569 ex
1777 525 1952 582 quibus

333 600 467 644 multi
492 600 630 644 huius·
656 601 870 646 ciuitatis
896 600 1132 657 primarii,
1159 605 1211 645 vt
1229 601 1365 645 vrbis
1388 601 1950 658 p1·aefectztS,pV0l·0nO-

331 677 499 721 tam'zls
523 681 672 734 atque
697 678 790 722 aliz·
808 677 1087 733 praecipui
1108 678 1247 722 ciues
1269 676 1305 733 a,
1333 677 1400 723 ita
1426 686 1477 722 vt
1501 693 1650 734 saepe
1685 679 1838 724 nostri
1864 679 1952 724 Pa-

331 763 433 797 tres
467 753 728 799 differrent
763 754 1022 810 prandium
1058 754 1258 810 propius
1296 754 1487 810 vesperi
1528 770 1673 810 quam
1715 756 1951 813 meridiei,

331 846 480 886 saepe
504 830 567 875 ad
591 832 855 876 secundam
886 831 960 875 vel
985 831 1180 875 tertiam
1217 831 1374 876 noctis
1407 831 1579 876 horam
1604 832 1650 876 in
1676 841 1845 877 nostro
1879 848 1953 878 sa-

332 907 455 951 cello
476 907 730 953 audiendis
749 907 1140 953 confessionibus
1160 908 1486 962 considerent,
1509 924 1656 965 saepe
1676 925 1771 954 non
1791 910 1951 968 pauci,

333 984 463 1039 quod
483 1001 578 1029 non
599 986 719 1030 satis
738 993 1022 1042 suppeteret
1038 984 1121 1030 otii
1141 985 1321 1030 nostris
1340 985 1403 1030 ad
1419 1000 1586 1031 omnes
1602 986 1949 1045 expediendos,

333 1077 487 1118 aegre
513 1062 792 1115 inconfessi,
821 1062 1023 1107 redituri
1049 1071 1213 1108 tamen
1239 1063 1378 1116 alias,
1406 1062 1650 1109 abierunt.
1673 1063 1816 1120 Quod
1835 1080 1954 1110 sane

333 1140 591 1195 aequalem
615 1141 1003 1185 consolationem
1027 1148 1176 1196 atque
1209 1139 1584 1185 admirationem
1618 1141 1759 1186 huius
1794 1142 1955 1198 oppidi

333 1215 504 1261 incolis
528 1216 793 1270 afferebat,
823 1232 931 1261 cum
957 1225 1155 1260 nostros
1178 1225 1318 1261 tanta
1347 1231 1457 1261 cum
1492 1216 1761 1274 diligentia,
1800 1218 1954 1263 chari-

333 1301 450 1347 tate,
478 1293 768 1338 assiduitate
794 1308 853 1338 ac
877 1293 1049 1337 labore
1073 1293 1409 1338 auscultandis
1434 1293 1824 1340 confessionibus
1843 1311 1955 1352 gra-

334 1369 393 1414 tis
419 1384 606 1425 vacare
630 1370 988 1426 conspicerent.
1019 1369 1183 1425 Atque
1207 1369 1419 1415 confessi
1444 1370 1704 1426 plurimum
1724 1371 1876 1417 adiuti
1897 1388 1956 1418 ac

334 1445 559 1491 instructi
594 1447 707 1491 laeti
743 1446 1066 1491 discederent.
1104 1445 1253 1502 Quid?
1288 1446 1459 1491 Nonne
1493 1448 1952 1504 quadragesimales

333 1522 436 1567 dies
461 1522 601 1567 nobis
625 1523 668 1567 in
696 1523 950 1567 audiendis
973 1522 1316 1568 confitentibus
1345 1523 1491 1579 duplo
1525 1524 1631 1579 plus
1665 1524 1807 1569 solito
1842 1541 1952 1581 pro-

334 1599 478 1644 tracti
503 1600 635 1644 sunt?
660 1599 1067 1656 Quandoquidem
1104 1614 1257 1656 Vsque
1291 1599 1353 1644 ad
1387 1600 1765 1646 celeberrimum
1788 1612 1952 1658 pente-
1985 1635 1988 1639 -

334 1686 496 1720 costes
521 1675 646 1720 diem
672 1676 806 1720 multi
833 1675 1046 1732 quotidie
1076 1676 1136 1720 ad
1171 1685 1393 1721 nostrum
1423 1677 1657 1722 sacellum
1692 1677 1952 1724 confitendi

333 1767 487 1797 causa
513 1752 793 1809 veniebant,
821 1753 993 1808 quibus
1018 1753 1291 1809 postposito
1316 1754 1445 1798 omni
1469 1754 1682 1810 negotio,
1710 1770 1739 1799 a
1772 1756 1954 1801 nostris

335 1829 647 1874 satisfactum
672 1839 761 1874 est.

423 1905 486 1951 Et
511 1906 766 1962 potissima
789 1906 928 1951 huius
965 1906 1034 1951 rei
1070 1922 1223 1952 causa
1257 1906 1349 1952 Res
1384 1917 1549 1953 rector
1585 1910 1597 1933 ¹
1634 1908 1740 1965 fuit,
1779 1909 1956 1966 quippe

336 1983 413 2039 qui
439 1999 528 2028 sua
554 1983 759 2029 solertia
783 1992 831 2028 et
854 1984 1053 2028 hortatu
1078 1983 1243 2029 effecit
1268 1993 1320 2030 vt
1344 1985 1560 2030 vicarius
1594 2001 1682 2041 per
1716 2000 1833 2031 eum
1857 1987 1956 2032 Pa-

334 2063 461 2105 trem
496 2060 514 2085 ¹³
549 2060 928 2105 concionantem
961 2061 1111 2105 semel
1147 2069 1294 2117 atque
1329 2060 1505 2107 iterum
1540 2063 1953 2109 excomunicatio-

334 2152 442 2181 nem
469 2137 682 2182 nondum
707 2137 946 2182 confessis
970 2138 1370 2192 comminaretur,
1399 2154 1608 2195 quorum
1641 2155 1737 2185 non
1770 2156 1955 2196 paruus

335 2225 443 2259 erat
482 2230 716 2260 numerus
756 2214 944 2260 incuria
985 2216 1277 2271 praesertim
1317 2216 1702 2272 praeteritorum
1747 2217 1956 2262 vicario-

336 2309 460 2338 rum.
488 2292 601 2348 Qua
624 2308 685 2337 ex
722 2308 791 2349 re,
830 2292 1052 2348 quamvis
1088 2293 1307 2349 plerique
1341 2294 1520 2349 partim
1555 2294 1746 2351 timore,
1779 2295 1957 2350 partim

335 2368 594 2425 dedecore,
632 2369 693 2414 ad
728 2384 816 2413 sua
840 2369 1031 2414 scelera
1056 2368 1401 2425 patefacienda
1426 2370 1564 2427 quasi
1599 2372 1798 2416 obtorto
1832 2372 1958 2416 collo

336 2446 669 2499 traherentur,
697 2455 916 2490 attamen
947 2446 1220 2502 etinsignis
1244 2445 1352 2491 Deo
1377 2446 1490 2503 Opt.
1518 2447 1651 2493 Max.
1690 2448 1846 2493 honor
1880 2463 1956 2493 ac-

335 2522 498 2579 cessit,
525 2532 573 2568 et
597 2538 834 2579 praesens
858 2523 1115 2567 animabus
1146 2539 1290 2579 quam
1323 2524 1619 2579 grauissime
1653 2526 1957 2581 aegrotanti-

337 2602 423 2644 bus
448 2600 656 2645 medella
691 2599 908 2645 adhibita
933 2608 1020 2644 est.
1050 2598 1192 2656 Quae
1218 2610 1437 2646 monstra
1461 2601 1682 2658 fuissent,
1720 2602 1838 2658 ipse,
1867 2602 1957 2647 Pa-

335 2686 426 2730 ter,
455 2677 732 2733 expendito,
758 2692 868 2722 cum
892 2676 953 2721 ad
978 2675 1255 2722 confitenda
1289 2692 1378 2722 sua
1413 2677 1592 2723 delicta
1626 2688 1860 2735 tanquam
1896 2679 1957 2723 ad

381 2843 400 2860 ἃ
452 2842 629 2888 primarii
650 2845 758 2880 ciues
777 2856 867 2880 cum
887 2844 972 2890 ipso
992 2843 1099 2880 vrbis
1117 2842 1333 2890 praefecto.
1412 2843 1477 2870 --b
1523 2856 1595 2889 per
1613 2844 1755 2891 ipsum.

385 3017 391 3035 ¹
450 3015 491 3052 P.
515 3016 660 3052 Petrus
680 3016 904 3054 Venustus.
927 3022 968 3052 ut
984 3016 1128 3052 dicitur
1146 3016 1187 3052 in
1205 3015 1282 3052 fine
1299 3017 1507 3063 epistolae;
1528 3018 1640 3065 cujus
1656 3017 1778 3053 vitam
1800 3021 1838 3052 et
1858 3028 1958 3052 mor-

341 3080 425 3112 tem
445 3075 535 3112 vide
555 3075 595 3111 in
614 3076 926 3120 Ribadeneircz,
947 3075 977 3121 I,
997 3074 1168 3111 556-573.
