2051 3516
516 275 803 313 isa-GENUA
832 276 853 311 7
875 275 1076 321 JANUARII
1108 274 1197 310 1558
1560 273 1629 309 499

41 391 153 421 cum
186 375 464 419 animarum
501 374 640 418 lucro
675 372 839 417 multis
874 372 919 416 in
956 371 1103 416 rebus
1134 370 1458 426 perspicimus
1493 380 1541 415 et
1579 370 1676 415 fre-

40 452 238 509 quentia
283 460 456 507 aperte
502 450 744 495 declarat.
794 449 1015 504 Itemque
1065 447 1440 502 quamplurimis
1494 447 1572 504 qui
1622 462 1675 492 se

41 531 238 574 domum
283 537 509 572 nostram
555 526 797 571 absolutis
836 524 993 569 sacris
1040 523 1300 580 recipiunt,
1339 523 1544 579 singulis
1579 524 1675 569 die-

40 606 131 651 bus
185 604 440 650 dominicis
490 613 538 648 et
592 603 730 648 festis
775 601 1058 648 exhortatio
1113 601 1342 655 habetur,
1405 601 1677 657 modusque

43 681 368 738 perscribitur
403 696 432 725 a
471 679 684 737 quodam
725 696 787 724 ex
826 677 1012 723 nostris
1036 677 1268 722 Patribus
1294 677 1355 721 ad
1392 686 1528 721 recte
1564 678 1676 722 bea-

41 769 187 814 teque
208 757 487 809 viuendum;
511 757 589 813 qui
615 756 722 801 aliis
748 755 836 812 piis
872 754 1228 810 charitatisque
1265 753 1496 809 operibus
1530 770 1672 799 occu-

41 835 141 892 pati
177 836 385 891 publicis
439 833 760 879 concionibus
800 833 1040 877 interesse
1095 833 1368 886 plerunque
1412 840 1674 886 nequeant.

40 912 145 957 Nec
170 912 263 956 hoc
287 911 481 968 quidem
505 910 608 955 sine
629 925 813 966 magna
838 907 1148 953 satisfatione
1169 907 1546 961 animarumque
1567 922 1675 962 pro-

42 990 175 1035 fectu
200 988 265 1034 fit.

101 1066 144 1112 3.
214 1066 304 1111 Est
328 1075 594 1123 praeterea
625 1063 1012 1109 adolescentium
1048 1061 1292 1117 quaedam
1331 1060 1563 1110 societas,
1602 1061 1678 1105 cui

44 1143 209 1188 Patris
233 1143 443 1188 rectoris
468 1142 641 1187 ordine
666 1150 902 1197 praesunt
926 1138 1122 1196 quidam
1148 1138 1341 1183 cordati
1361 1137 1599 1191 seniores,
1628 1148 1679 1182 ut

44 1237 129 1266 eos
154 1221 217 1266 ab
243 1220 372 1265 omni
397 1220 636 1267 vanitate,
665 1234 791 1275 quae
811 1218 937 1262 illius
955 1215 1135 1261 aetatis
1154 1215 1357 1272 propria
1377 1225 1466 1271 est,
1490 1215 1680 1259 alienos

44 1299 90 1343 in
116 1299 247 1343 viam
271 1298 444 1343 salutis
469 1297 704 1354 dirigant.
733 1296 793 1340 Hi
827 1295 977 1351 igitur
1012 1310 1123 1339 cum
1159 1293 1371 1350 primum
1407 1292 1565 1337 illuxit
1598 1292 1679 1337 do-

43 1376 251 1421 minicus
274 1376 527 1431 festusque
561 1374 680 1429 dies,
717 1389 825 1418 sese
859 1373 904 1417 in
940 1387 1088 1416 vnam
1126 1381 1413 1415 nostrarum
1448 1369 1679 1414 classium

42 1468 214 1498 omnes
238 1452 515 1507 conferunt,
543 1451 624 1496 ubi
649 1451 858 1507 genibus
877 1449 1017 1494 flexis
1036 1449 1162 1493 mira
1183 1447 1394 1503 quadam
1415 1447 1681 1491 deuotione

42 1540 90 1575 et
114 1529 382 1586 spiritualis
406 1529 541 1574 vitae
571 1537 719 1584 gustu
755 1542 930 1583 preces
964 1525 1280 1571 beatissimae
1315 1523 1543 1580 Virginis
1578 1523 1679 1568 Ma-

44 1608 148 1652 riae
172 1607 384 1652 invicem
409 1606 499 1651 sibi
524 1605 868 1661 respondendo
889 1612 1154 1660 peragunt,
1178 1602 1352 1658 quibus
1372 1600 1606 1657 peractis,
1627 1616 1681 1645 se

43 1685 105 1729 ad
130 1684 493 1729 sanctissimam
519 1682 914 1727 communionem
939 1690 1261 1736 praeparant.
1301 1677 1515 1724 Sacrum
1550 1679 1680 1723 dein-

44 1762 103 1806 de
127 1761 349 1816 audiunt,
371 1775 468 1816 quo
493 1760 678 1813 audito,
706 1773 951 1813 sacraque
976 1766 1171 1812 sumpta
1197 1756 1390 1812 synaxi,
1418 1764 1680 1811 postquam

43 1838 224 1884 deuote
253 1836 584 1893 vnusquisque
609 1836 802 1893 gratias
826 1834 935 1879 Deo
960 1834 1228 1878 immortali
1252 1833 1371 1889 egit,
1404 1848 1457 1877 se
1482 1833 1681 1877 domum

45 1915 249 1972 quisque
273 1930 413 1959 suam
437 1913 627 1969 recipit.
656 1916 702 1957 A
726 1912 935 1969 prandio
961 1927 1080 1955 uero
1104 1926 1194 1967 pro
1220 1911 1476 1955 voluntate
1496 1909 1679 1966 praesi-

44 1992 133 2048 dis,
161 1992 291 2048 quini
316 2001 402 2037 aut
426 1990 529 2036 seni
554 1990 616 2035 ad
641 2006 700 2034 ea
723 2006 776 2034 se
801 1988 1063 2034 conferunt
1087 1987 1271 2043 templa
1296 1988 1376 2032 ubi
1403 1986 1678 2032 doctrinam

44 2070 295 2126 xpianam.
328 2068 467 2125 pueri
503 2068 760 2117 docentur,
798 2067 960 2123 ibique
995 2065 1160 2110 officio
1195 2064 1392 2122 pietatis
1426 2064 1596 2119 functi,
1634 2064 1681 2109 in

46 2147 351 2204 praedictam
375 2147 588 2192 classem
614 2160 786 2190 rursus
810 2144 1125 2201 conueniunt,
1164 2147 1213 2188 et
1243 2143 1382 2200 quod
1407 2146 1684 2198 supererat

40 2230 274 2281 precum,
311 2225 404 2269 hoc
427 2228 504 2268 est
525 2230 542 2249 ²³
568 2223 883 2279 vespertinas
917 2222 1084 2275 horas,
1121 2222 1402 2276 absoluunt,
1442 2219 1681 2276 reliquum

46 2302 139 2347 diei
163 2302 209 2347 in
234 2301 572 2358 spiritualibus
596 2310 946 2345 consumantes
965 2299 1220 2355 coloquiis.
1243 2297 1373 2354 Quid
1393 2298 1559 2353 plura?
1582 2296 1682 2341 Vix

46 2379 139 2424 dici
164 2389 325 2436 potest
350 2389 586 2435 quantum
609 2377 655 2422 in
680 2376 1016 2434 spiritualibus
1047 2375 1352 2432 profecerint
1386 2374 1564 2430 cuncti,
1603 2372 1682 2430 qui

46 2457 174 2502 hanc
197 2466 421 2502 nostram
445 2456 765 2512 frequentant
788 2454 1152 2499 domunculam.
1180 2452 1278 2498 Sed
1302 2453 1394 2497 hoc
1424 2461 1561 2497 certe
1584 2465 1681 2496 me-

46 2544 245 2579 moratu
269 2534 487 2590 dignum,
517 2534 694 2578 multos
718 2548 780 2577 ex
809 2532 883 2576 his
916 2530 1318 2576 adolescentibus
1352 2530 1449 2574 iam
1486 2528 1681 2585 religio-

46 2627 159 2656 nem
182 2611 435 2668 ingressos
458 2626 583 2667 esse,
611 2610 734 2655 alios
765 2619 817 2654 ut
851 2609 1180 2654 admittantur
1214 2608 1265 2652 in
1302 2606 1412 2651 dies
1445 2605 1683 2651 ardenter

47 2699 332 2745 expectare3
360 2687 648 2744 animosque
673 2686 736 2732 ad
765 2695 989 2731 nostram
1022 2683 1327 2730 Societatem
1362 2699 1460 2728 non
1494 2697 1683 2739 paucos

47 2766 360 2822 applicuisse,
388 2780 562 2809 verum
581 2779 692 2809 cum
711 2779 807 2808 non
825 2762 974 2808 facile
994 2761 1393 2817 admitterentur,
1416 2760 1461 2805 in
1482 2760 1682 2817 diesque

48 2859 219 2889 eorum
261 2842 551 2888 differretur
588 2842 844 2898 ingressus
883 2840 953 2897 (ut
992 2839 1258 2886 Societatis
1296 2838 1448 2883 moris
1487 2838 1598 2895 est),
1635 2838 1682 2883 in

49 2921 174 2966 alias
198 2920 464 2977 religiones
489 2918 748 2975 admissos,
775 2918 931 2963 vitam
957 2916 1285 2962 monasticam
1316 2916 1518 2972 degere.
1555 2913 1682 2960 Sunt

97 3099 113 3120 a
185 3096 238 3126 vt.
