2051 3516
630 311 951 351 171.—C0L0N1A
977 310 1020 348 31
1049 308 1159 357 MAJ1
1188 309 1280 346 1558
1656 305 1725 343 687

138 411 376 458 Societati
401 410 615 456 maxime
640 424 794 455 curae
819 408 930 466 sint,
956 417 1057 453 tum
1081 406 1218 452 solae
1243 403 1601 462 perfectionem
1637 403 1770 448 adfe-

138 498 267 546 runt,
304 487 635 534 obedientiam
672 487 797 544 dico,
834 495 883 532 et
916 485 988 531 sui
1023 485 1069 529 in
1109 483 1336 529 omnibus
1370 481 1771 538 abnegationem,

137 567 371 613 adiuncta
395 564 643 623 profunda
667 564 960 621 humilitate,
987 563 1091 608 sine
1116 577 1213 618 qua
1237 560 1353 605 nihil
1386 559 1581 605 firmum
1617 557 1773 603 consi-

137 645 218 690 stit
250 647 285 690 ²².
323 643 452 689 Tres
485 653 597 688 sunt
630 642 756 687 inter
791 642 900 686 illos
934 640 1014 697 qui
1049 637 1366 695 subsequenti
1401 635 1680 682 Februario
1712 634 1774 680 ad

138 721 350 778 gradum
386 719 663 776 magisterii
698 719 1038 765 admittentur.
1080 715 1330 762 Henricus
1364 713 1700 760 dionantensis
1742 714 1772 769 ¹,

138 798 316 844 Petrus
341 797 639 843 coloniensis
663 798 677 821 ²
713 805 760 842 et
794 796 1098 841 Franciscus
1130 793 1446 848 Hemerolus3
1485 807 1574 837 sex
1608 799 1776 836 autem

140 876 218 920 vel
243 884 432 931 septem
469 873 513 918 in
549 873 679 919 festo
715 873 931 919 omnium
966 882 1253 917 sanctorum
1287 868 1607 915 baccalaurei
1638 882 1777 913 crea-

139 953 336 1009 buntur,
363 951 436 997 his
460 951 587 996 enim
612 950 853 1007 gradibus
878 949 953 995 hic
978 947 1321 1005 magisterium
1346 946 1546 1004 petitur.

200 1029 241 1075 2.
310 1028 642 1075 Conuictores
665 1036 713 1073 et
738 1026 990 1073 domestici
1016 1026 1216 1072 circiter
1238 1024 1297 1070 60
1327 1033 1456 1081 sunt,
1483 1032 1569 1068 aut
1593 1038 1652 1068 eo
1676 1038 1778 1067 arn-

141 1107 283 1164 plius,
327 1121 536 1163 quorum
576 1120 813 1150 numerus
849 1104 894 1149 in
929 1103 1032 1149 dies
1067 1103 1135 1148 ita
1169 1102 1316 1147 sumit
1350 1109 1689 1157 augmentum,
1728 1108 1780 1144 vt

140 1183 406 1240 collegium
432 1182 493 1227 ad
518 1192 710 1228 tantam
735 1180 1093 1227 multitudinem
1118 1179 1413 1236 capiendam
1438 1193 1533 1223 non
1565 1175 1780 1222 sufficiat

143 1262 257 1318 quin
282 1276 543 1306 necessum
564 1257 729 1305 'fuerit
762 1258 888 1304 alias
922 1258 1071 1303 aedes
1106 1257 1389 1302 conducere
1423 1257 1469 1301 in
1504 1270 1628 1313 quas
1662 1270 1777 1299 non-

140 1339 257 1384 nulli
281 1339 575 1395 migrarent.
604 1337 898 1383 Deliberant
923 1337 968 1381 in
994 1345 1170 1382 senatu
1203 1335 1263 1380 de
1297 1334 1530 1390 augendo
1560 1334 1670 1378 loco
1694 1347 1777 1378 no—

144 1427 266 1473 stro,
294 1416 361 1462 ita
394 1417 526 1462 bono
561 1415 714 1461 odore
748 1414 903 1459 nostri
938 1413 1187 1471 gymnasii
1220 1411 1434 1469 permoti
1458 1420 1571 1456 sunt
1596 1425 1778 1455 omnes.

146 1493 480 1540 Conuictores
504 1508 675 1538 omnes
698 1491 880 1549 optime
905 1500 1007 1537 tum
1041 1491 1087 1536 in
1112 1489 1287 1547 literis,
1314 1498 1415 1534 turn
1442 1488 1486 1533 in
1512 1488 1695 1545 pietate
1719 1502 1779 1532 ac

147 1572 288 1617 bonis
311 1571 530 1617 moribus
556 1570 574 1597 b
598 1568 877 1627 proficiunt.
906 1568 1110 1618 Plurimi
1135 1584 1197 1613 ex
1222 1567 1296 1621 iis,
1337 1567 1414 1612 vel
1447 1565 1555 1612 fere
1589 1580 1777 1622 omnes,

145 1659 326 1696 octauo
352 1664 548 1706 quoque
573 1648 650 1694 die
675 1657 883 1704 peccata
902 1645 1218 1701 confitentur,
1241 1660 1440 1691 sacram
1460 1644 1689 1701 synaxim
1709 1658 1782 1687 re-

143 1727 396 1785 cipientes.
424 1726 591 1783 Atque
615 1725 660 1771 id
686 1736 860 1782 sponte
885 1734 933 1771 et
957 1740 1150 1770 summo
1175 1739 1289 1769 curn
1321 1722 1580 1779 desiderio,
1619 1731 1671 1766 vt
1705 1721 1783 1766 de-

144 1806 259 1851 beat
278 1799 425 1850 etiam
447 1803 576 1849 RfluS
595 1803 676 1849 Pr.
697 1803 994 1849 Leonardus
1013 1803 1259 1848 nonnullis
1278 1811 1380 1847 tam
1400 1801 1633 1847 crebram
1653 1815 1784 1845 com-

144 1883 424 1929 munionem
454 1882 736 1939 prohibere,
774 1881 956 1938 partim
991 1881 1054 1926 ob
1088 1890 1316 1926 teneram
1351 1878 1511 1924 adhuc
1546 1886 1782 1931 aetatem,

144 1961 325 2018 partim
351 1969 403 2006 vt
427 1976 486 2005 eo
510 1960 683 2005 feruor
707 1959 786 2005 ille
809 1959 856 2004 in
882 1958 1245 2005 sanctissimum
1270 1956 1454 2003 Christi
1479 1972 1661 2013 corpus
1686 1971 1784 2000 ma-

146 2038 222 2095 gis
244 2047 494 2095 augeatur
517 2044 557 2083 ⁶.
596 2036 787 2082 Videre
813 2045 886 2082 est
910 2036 1039 2092 apud
1065 2035 1153 2081 hos
1185 2050 1384 2093 ρωπος,
1423 2034 1503 2091 qui
1538 2033 1675 2078 multi
1710 2033 1787 2078 hic

148 2124 426 2173 morantur,
454 2114 733 2160 mirandam
758 2114 1009 2171 pietatem.
1038 2113 1311 2158 Dominicis
1335 2111 1563 2157 omnibus
1582 2122 1629 2157 et
1648 2110 1788 2156 festis

148 2193 319 2238 diebus
353 2192 622 2249 impetrata
655 2189 675 2219 ‘¹
710 2191 847 2249 prius
881 2191 1097 2248 licentia,
1134 2189 1437 2236 conueniunt
1471 2190 1517 2234 in
1552 2189 1787 2234 sacellum

148 2270 230 2316 vbi
255 2285 445 2315 summa
470 2285 580 2315 cum
616 2269 883 2314 deuotione
921 2284 1162 2325 vesperas
1197 2268 1390 2325 ipsimet
1423 2267 1552 2312 inter
1587 2282 1639 2311 se
1673 2281 1786 2311 can-

149 2357 256 2393 tant
280 2357 328 2393 et
351 2347 664 2393 ceremonias
688 2362 858 2392 omnes
881 2346 1116 2392 adhibent
1141 2361 1265 2402 quas
1290 2344 1558 2402 aliquando
1593 2345 1639 2389 in
1670 2353 1787 2389 tem—

151 2425 241 2482 plis
264 2425 496 2470 viderunt
521 2424 799 2470 obseruari:
826 2433 875 2470 et
898 2424 937 2469 si
961 2423 1158 2480 quando
1178 2423 1273 2468 ista
1292 2422 1506 2468 faciendi
1525 2420 1790 2466 difficulter

154 2502 348 2547 veniam
374 2502 611 2559 obtinent,
642 2501 724 2546 vix
747 2510 947 2546 cessant
971 2510 1138 2546 tamen
1170 2509 1436 2557 antequam
1471 2499 1789 2555 impetratum

151 2579 229 2634 sit,
257 2580 337 2625 vel
361 2594 600 2635 vesperas
625 2594 736 2624 cum
766 2578 993 2624 laudibus
1017 2587 1065 2624 et
1100 2577 1428 2635 completorio
1463 2576 1524 2621 D.
1563 2574 1791 2632 Virginis

153 2657 504 2714 permittantur
527 2667 752 2703 cantare:
779 2666 827 2702 et
852 2656 966 2713 quia
990 2656 1128 2714 pueri
1155 2664 1266 2701 sunt
1297 2669 1468 2700 omnes
1492 2654 1584 2711 (11,
1611 2653 1788 2699 duode-

200 2812 220 2832 a
270 2813 305 2850 A
325 2824 389 2850 vv.
412 2824 483 2848 nos
503 2811 625 2848 etiam
645 2811 806 2849 desunt
823 2812 869 2848 in
888 2810 1079 2856 HANSEN,
1101 2809 1367 2848 le‘nz‘sche
1385 2808 1537 2855 Aleten,
1559 2808 1658 2846 305.

156 2873 222 2901 —b
267 2873 360 2919 Seq.
382 2884 421 2909 v.
443 2872 615 2908 multum
635 2871 768 2909 oblitt.
822 2878 884 2898 —c
930 2870 964 2907 A
985 2882 1052 2907 vv.
1074 2870 1171 2917 quin
1191 2881 1407 2906 necessum
1430 2879 1516 2905 non
1535 2871 1641 2906 sunt
1671 2871 1717 2906 iu
1736 2868 1789 2906 H.

158 2932 221 2959 —d
266 2932 404 2969 Prius
422 2931 575 2968 habita.

206 3079 214 3097 ¹
267 3077 473 3114 Henricus
491 3075 710 3114 Somalius.

205 3139 217 3157 ²
267 3137 414 3174 Petrus
434 3136 652 3184 Hauptius.
