2051 3516
350 286 420 322 878
807 288 1028 324 LITTERAE
1055 289 1413 334 QUADRIMESTRES

303 393 481 424 eorum
512 393 637 436 quos
670 381 761 425 lzoc
795 395 968 426 mense
997 387 1094 437 pro
1126 387 1273 428 tanta
1297 384 1519 441 familia
1554 389 1918 434 mactauimus.

302 454 441 500 Odor
465 454 674 510 optimus
698 456 838 500 huius
862 457 1057 514 collegii
1083 473 1176 503 non
1201 459 1360 504 solum
1385 460 1446 504 ad
1478 460 1666 506 vicinas
1696 463 1941 509 ciuitatesv

301 531 571 587 spargitur,
611 547 784 576 verum
819 532 967 578 etiarn
1002 534 1064 578 ad
1095 535 1386 580 remotiores
1422 537 1653 593 regiones
1678 539 1922 597 peruenit,.

301 616 348 651 et
371 607 666 663 haereticos,
695 618 1139 665 argentoratenses
1158 611 1266 656 dico
1290 621 1337 656 et
1361 627 1675 671 pomeranOS,
1703 629 1921 672 quorum

300 682 375 727 illi
395 685 414 702 a
438 683 578 728 nobis
603 683 915 730 infensissimi
939 695 1067 741 sunt,
1097 696 1148 731 vt
1173 686 1191 713 b
1216 687 1309 733 hoc
1333 688 1625 734 diabolicum
1657 691 1918 747 collegium

298 769 491 803 vocent.
519 758 596 804 Ex
631 760 862 817 Augusta
895 777 1087 818 quoque
1122 764 1215 809 huc
1245 780 1401 820 nuper
1430 782 1549 810 vnus
1576 767 1723 821 venit,
1752 768 1830 824 qui
1854 768 1920 813 in-

298 835 497 880 dicabat
532 837 824 894 cathalogos
859 838 1121 884 lectionum
1157 850 1440 886 nostrarum
1475 858 1533 888 eo
1568 843 1759 889 delatos
1792 860 1917 897 esse,

297 912 546 968 multaque
580 912 639 958 de
673 914 883 970 collegio
907 914 1003 959 illic
1028 915 1222 973 referri,
1250 917 1308 962 de
1332 919 1506 974 quibus
1528 929 1691 965 tamen
1716 921 1829 977 quia
1852 922 1917 966 in-

297 988 418 1032 certi
458 998 619 1046 erant,
656 990 970 1035 commissum
1012 1007 1122 1037 esse
1160 994 1402 1039 nonnullis
1438 1004 1489 1039 vt
1529 995 1807 1052 diligentius
1847 998 1918 1043 rei

294 1064 559 1109 veritatem
598 1065 917 1121 inquirerent.
960 1067 1129 1113 Hodie
1164 1070 1446 1125 recepimus
1469 1071 1647 1116 literas
1681 1086 1712 1116 a
1746 1073 1810 1118 R.
1854 1073 1914 1119 P.

297 1140 525 1186 Polaizco
557 1142 783 1198 scriptas
815 1143 893 1188 20
927 1143 1259 1201 Septembris,
1301 1161 1432 1203 quae
1466 1149 1733 1203 peculiare
1772 1149 1920 1195 aliud

297 1230 399 1262 nou
423 1218 763 1275 continebant,
790 1233 945 1276 quam
980 1220 1044 1265 R.
1083 1221 1143 1265 P.
1179 1221 1513 1269 Euerardum
1538 1226 1919 1280 prouincialem

297 1294 629 1339 constitutum
663 1309 789 1352 esse,
817 1300 863 1340 et
887 1310 1007 1341 raro
1042 1298 1323 1343 admodum
1363 1300 1539 1345 literas
1578 1306 1783 1346 nostras
1817 1303 1914 1347 Ro-

297 1383 438 1415 mam
463 1372 752 1426 peruenire.
780 1372 1035 1417 Illiramur
1065 1374 1154 1430 qui
1182 1375 1238 1419 id
1251 1376 1381 1432 fieri
1396 1378 1576 1433 possit,
1604 1392 1719 1423 cum
1743 1382 1914 1424 tamen

292 1446 556 1491 mensibus
577 1448 804 1505 siugulis
827 1463 891 1493 ex
914 1450 1145 1495 instituto
1169 1465 1209 1496 s.
1231 1451 1549 1498 obedientiae
1571 1455 1815 1511 quicquid
1834 1456 1916 1500 liic

288 1524 492 1579 factum
531 1529 606 1569 est
638 1526 1040 1581 perscribamus.
1093 1527 1275 1574 Verum
1310 1529 1374 1574 R.
1417 1529 1478 1574 P.
1520 1530 1826 1577 Euerardus
1862 1547 1917 1578 se

292 1604 596 1645 curaturum
631 1602 762 1646 dixit
795 1607 841 1647 ot
872 1606 1066 1650 umtuis
1102 1605 1263 1650 literis
1298 1606 1525 1652 crebrius
1543 1608 1761 1663 postlzac
1779 1623 1911 1665 gau-

294 1676 527 1722 deamus.
570 1677 710 1722 Nam
745 1682 793 1723 et
824 1693 916 1724 nos
948 1681 1095 1725 tarde
1134 1682 1417 1727 admodum
1451 1697 1514 1727 ex
1561 1683 1682 1728 Vrbe
1715 1685 1917 1741 aliquid

288 1753 623 1809 percipimus.
652 1754 741 1799 His
766 1756 933 1801 valeat
966 1757 1025 1801 R.
1066 1757 1118 1803 P.
1147 1757 1211 1802 V.
1236 1758 1313 1803 cui
1338 1775 1426 1803 nos
1451 1769 1581 1804 totos
1605 1763 1911 1807 commenda-

293 1844 416 1884 mus,
458 1842 741 1875 sanctorum
781 1841 979 1877 tuorum
1024 1833 1380 1880 sacrificiorum
1421 1836 1760 1882 desiderantes
1799 1853 1921 1884 esse<

291 1906 574 1963 participes.
601 1907 685 1952 Ex
719 1909 966 1954 mandato
999 1910 1106 1956 Rffl‘
1144 1911 1204 1956 P.
1239 1912 1516 1970 Leouardi,
1543 1914 1632 1970 qui
1663 1914 1728 1959 R.
1755 1914 1815 1960 P.
1857 1915 1919 1960 V..

284 1982 574 2038 plurimum
611 1985 897 2030 salutatum
942 1988 1098 2043 cupit,
1140 1993 1192 2033 vt
1235 1994 1282 2033 et
1324 1988 1392 2034 M.
1435 1989 1712 2048 Heuricus,
1754 1995 1801 2035 et
1837 1991 1905 2037 M.

280 2059 519 2116 joannes
552 2060 710 2106 Reidt
747 2076 863 2107 cum
897 2064 1133 2109 omnibus
1165 2065 1414 2110 Patribus
1432 2066 1800 2124 fratribusque
1834 2082 1908 2113 ro-

287 2138 461 2182 manis
501 2144 531 2182 ⁶.
570 2138 810 2184 Coloniae
845 2155 908 2185 ex
940 2141 1201 2197 gymnasio
1240 2157 1368 2187 nouo
1409 2142 1740 2199 Coronarum,
1779 2160 1914 2189 anno

291 2213 418 2269 1558,
444 2213 472 2258 S
494 2213 805 2260 Nouembris.

376 2289 436 2334 R.
465 2289 517 2335 P.
547 2290 613 2336 V.
642 2291 870 2347 indignus
895 2307 1086 2347 seruus,

711 2384 1030 2431 FRANclscus
1065 2385 1345 2443 COSTERUS,
1372 2388 1730 2434 mechliniensis
1757 2395 1783 2434 ¹.

374 2487 665 2545 Inscriptio.
709 2490 816 2535 R.‘¹⁰
854 2491 900 2535 in
940 2490 1091 2537 Chro.
1127 2492 1281 2549 Patri,
1325 2493 1375 2539 P.
1411 2494 1594 2540 Iacobo
1633 2495 1917 2554 Laynezio„

284 2562 554 2610 Societatis
579 2566 692 2611 Iesv
716 2568 1000 2624 praeposito
1023 2569 1261 2625 generali.
1293 2570 1499 2616 Romae.

373 2641 493 2686 Alia
518 2656 735 2689 manu...
763 2644 859 2689 R.ta
888 2660 918 2690 a
954 2645 982 2690 5
1019 2645 1065 2690 di
1089 2643 1278 2691 Genn.⁰
1305 2647 1431 2693 1559.
1459 2647 1499 2692 Ε
1529 2648 1898 2695 d'edificatione.

286 2716 489 2764 Emend.

328 2894 347 2913 a
396 2896 480 2942 qui.
538 2896 603 2923 —b
635 2897 736 2933 adeo
755 2903 809 2934 vt.
864 2905 926 2926 -c
958 2899 993 2936 A
1013 2910 1078 2936 vv.
1101 2899 1232 2936 Hodie
1251 2901 1477 2947 recepimus
1496 2901 1656 2939 desunt
1673 2904 1719 2939 in
1738 2902 1790 2939 H.

330 3050 339 3069 ¹
392 3050 498 3087 Vide
517 3063 607 3097 pag.
631 3051 709 3093 185,
731 3057 870 3088 annot.
896 3053 929 3088 4.
