2051 3516
369 299 433 334 183
829 297 924 333 ‚Liri
939 306 1047 331 innixis.
1076 296 1164 338 (2¹3¹
1176 301 1427 328 mumusssaas

319 403 438 447 πρε,
466 401 693 449 quatuor,
728 393 804 436 uel
839 392 985 436 etiam
1024 389 1233 446 quinque
1269 386 1409 431 simul
1445 385 1707 442 aliquando
1742 385 1932 431 decum-

318 470 435 514 bant
460 467 823 513 infirmitatibus
845 467 974 512 haud
1001 465 1282 519 leuioribus3
1306 462 1698 520 quandoquidem
1720 462 1933 518 quotidie

320 562 439 602 pene
476 554 687 601 quatuor
721 546 798 590 uel
833 545 1057 601 quinque,
1095 540 1357 599 aliquando
1391 540 1540 585 etiam
1572 549 1759 596 septem
1792 555 1932 585 suum

319 623 499 667 obeunt
523 621 663 666 diem.

375 699 417 743 (ὅ.
486 697 613 753 Quid
638 706 795 753 putas,
823 697 883 742 R.
907 696 979 753 R,
1001 696 1302 752 potuerimus
1320 710 1526 752 aggere,
1550 695 1738 740 ciuibus
1757 694 1824 740 ita
1843 694 1932 739 dis-

317 774 504 824 tractis,
552 773 871 830 perturbatis,
914 773 1108 818 vexatis
1147 787 1206 818 ac
1250 787 1373 828 pene
1417 771 1685 828 oppressis?
1717 770 1934 816 Maxime

319 867 427 897 cum
467 866 553 907 per
587 849 790 894 multum
824 850 1061 906 temporis
1094 865 1185 894 nec
1219 849 1449 904 templum
1489 848 1684 904 aperire
1723 847 1930 904 licuerit,

319 928 505 974 nemine
529 926 800 971 cesarianis
834 926 1064 972 militibus
1099 925 1464 971 communicare
1498 925 1730 970 audente?
1753 924 1817 969 Et
1840 924 1931 981 pri·

318 1005 406 1050 mis
431 1004 621 1061 quidem
657 1003 920 1060 mensibus,
947 1019 1069 1061 quos
1102 1002 1307 1058 singulis
1341 1001 1596 1047 dominicis
1621 1002 1792 1047 diebus
1817 1001 1933 1047 diui-

319 1098 381 1128 na
405 1082 720 1138 frequentare
743 1090 1059 1126 sacramenta
1083 1080 1452 1126 institueramus
1486 1079 1646 1136 (erant
1663 1088 1834 1125 vautem
1857 1094 1932 1124 su-

318 1175 408 1216 pra
430 1158 520 1215 30),
549 1158 842 1203 detinuimus
875 1158 920 1203 in
955 1157 1135 1213 officio3
1162 1157 1246 1202 sed
1281 1157 1743 1214 ingrauescentibus
1772 1156 1931 1214 malis,

321 1237 468 1282 veluti
499 1235 578 1281 filii
608 1234 762 1283 Israel
797 1251 892 1281 non
926 1235 1308 1293 acquiescebant
1341 1235 1499 1291 Moysi
1536 1243 1738 1291 propter
1775 1249 1929 1291 angu—

317 1314 460 1359 stiam
494 1313 690 1369 spiritus
725 1321 773 1358 et
806 1328 928 1369 opus
958 1312 1284 1366 durissimum,
1313 1313 1456 1368 quod,
1484 1311 1646 1369 iniquo
1670 1312 1930 1357 Pharaone

317 1390 526 1435 addente
561 1389 782 1434 laborem
820 1389 994 1445 labori,
1023 1389 1222 1445 explere
1257 1389 1567 1445 cogebantur
1602 1390 1632 1446 1;
1669 1389 1736 1434 ita
1770 1397 1817 1434 et
1851 1388 1928 1433 isti

319 1467 400 1511 vix
435 1466 756 1511 admittebant
780 1466 936 1511 verba
961 1466 1134 1522 quibus
1168 1466 1230 1510 ad
1266 1465 1551 1522 patientiam
1581 1466 1926 1522 hortabantur;

316 1559 428 1588 nam
461 1542 778 1599 frequentare
812 1538 1137 1588 sacramenta*
1155 1543 1237 1587 vix
1260 1542 1406 1598 aliqui
1429 1542 1718 1599 potuissent,
1744 1552 1847 1587 tum
1870 1558 1929 1588 ne

318 1619 488 1664 domos
514 1619 589 1664 uel
613 1619 658 1663 in
683 1618 799 1675 ipsis
823 1619 1045 1663 domibus
1078 1619 1210 1664 solas
1242 1619 1369 1664 inter
1403 1619 1579 1664 milites
1617 1618 1844 1665 mulieres
1867 1619 1932 1664 di-

318 1695 581 1749 mitterent,
609 1704 710 1740 tum
734 1695 881 1740 etiam
907 1704 959 1740 vt
983 1695 1074 1740 illis
1098 1705 1263 1741 essent
1287 1695 1538 1751 obsequio,
1566 1696 1760 1752 quando
1784 1696 1931 1741 etiam

316 1772 505 1817 seruire
539 1771 628 1816 illis
664 1772 989 1828 cogebantur.
1017 1772 1240 1817 Fuerunt
1273 1781 1438 1817 tamen
1473 1772 1636 1829 aliqui,
1672 1772 1784 1817 licet
1817 1788 1930 1829 pau-

317 1848 511 1905 cissimi,
540 1849 618 1904 qui
645 1864 891 1904 nunquam
919 1849 996 1894 uel
1021 1864 1139 1894 raro
1164 1849 1433 1894 omiserunt
1463 1849 1715 1895 dominicis
1744 1850 1929 1906 diebus,

318 1933 426 1980 post
460 1939 661 1969 suorum
702 1934 1020 1981 peccatorum
1061 1925 1437 1983 confessionem,
1474 1941 1672 1972 sacram
1711 1926 1931 1972 euchari-

317 2001 460 2046 stiam
485 2001 755 2058 percipere.

374 2078 415 2123 7.
482 2078 772 2123 Doctrinam
813 2094 978 2124 xnam.
1022 2089 1070 2125 et
1109 2095 1388 2125 sermonem
1432 2095 1580 2136 super
1618 2081 1932 2136 euangelium

318 2155 570 2200 dominicis
593 2155 761 2201 diebus
786 2171 815 2200 a
840 2157 1046 2212 prandio
1066 2157 1110 2201 in
1131 2167 1302 2202 nostro
1322 2158 1504 2214 templo
1523 2158 1694 2203 haberi
1718 2158 1929 2215 solitum,

318 2232 400 2277 sed
434 2232 685 2288 premissis
709 2233 767 2277 de
792 2233 954 2278 causis
989 2233 1083 2279 iam
1118 2234 1366 2291 omissum,
1395 2234 1529 2280 initio
1554 2235 1695 2280 huius
1724 2235 1931 2292 quadra-

318 2309 535 2365 gesimae
559 2310 926 2366 resumpsimus:
954 2311 1054 2365 sed,
1082 2312 1144 2357 ob
1168 2327 1327 2357 meam
1353 2311 1510 2357 minus
1534 2327 1825 2369 prosperam
1851 2329 1932 2358 va-

319 2385 597 2442 letudinem,
623 2401 652 2430 a
677 2386 921 2432 dominica
946 2387 1004 2432 de
1029 2388 1257 2443 passione
1293 2388 1583 2434 continuare
1608 2389 1929 2447 nequiuimus;

319 2462 402 2506 sed
426 2462 521 2506 iam
545 2471 653 2518 post
677 2471 907 2508 octauam
932 2465 1145 2519 paschae
1170 2480 1452 2522 pergemus,
1480 2465 1588 2510 Deo
1618 2475 1864 2512 annuente
1897 2473 1930 2523 ³,

320 2548 542 2584 nostrum
566 2539 836 2591 institutum
860 2542 1104 2597 prosequi.

378 2614 419 2659 8.
486 2616 681 2661 Interea
715 2617 842 2662 inter
875 2626 948 2662 tot
981 2618 1128 2675 mala,
1165 2628 1335 2676 preter
1368 2619 1753 2665 consolationem
1787 2631 1931 2677 quam

321 2692 484 2736 conati
508 2707 673 2738 sumus
696 2694 896 2740 adferre
930 2695 997 2740 ita
1031 2696 1210 2741 misere
1234 2697 1449 2754 vexatis,
1476 2706 1577 2742 tum
1600 2696 1709 2742 illos
1732 2697 1930 2742 hortan-

322 2767 381 2811 do
408 2776 459 2812 vt
483 2769 724 2823 patienter
747 2771 950 2828 ferrent,
977 2780 1079 2817 tum
1112 2773 1487 2830 magistratibus
1520 2773 1929 2832 commendando,

368 2941 384 2961 ἃ
430 2935 550 2972 Haec
569 2935 600 2971 2
614 2947 679 2971 vv.
699 2942 834 2982 snpm
853 2948 962 2974 vers.
985 2937 1136 2974 eadem
1158 2949 1295 2975 manet
1314 2941 1491 2985 scripta.

371 3090 380 3108 ¹
436 3088 498 3126 Cf.
520 3088 667 3134 Exon,
689 3089 742 3136 V,
763 3091 785 3126 5
802 3103 885 3137 sqq.
