2051 3516
369 321 437 356 754
835 321 1053 358 L1T1‘ERAE
1080 320 1433 365 QUADRIMEs‘rREs

379 414 422 458 9.
490 414 616 458 Nam
643 414 837 471 quidam
862 429 1054 460 summo
1072 414 1232 458 studio
1252 429 1376 469 erga
1395 413 1697 459 Societatem
1722 425 1941 460 nostram

319 489 490 534 affecti
525 500 573 535 et
606 490 778 536 salutis
811 491 1089 536 animarum
1125 489 1299 534 mirum
1334 489 1380 534 in
1415 489 1613 535 modum
1637 490 1845 542 solliciti,
1874 491 1941 535 ui-

318 565 490 611 dentes
530 581 624 611 non
665 567 964 612 mediocrem
999 566 1279 611 animarum
1314 565 1560 611 iacturam
1595 565 1701 611 fieri
1735 576 1942 623 propter

317 641 516 687 nimiam
550 643 746 700 collegii
781 643 935 688 nostri
965 643 1028 686 ab
1052 642 1299 687 hominurn
1332 651 1475 687 coetu
1510 642 1810 699 distantiam,
1837 643 1940 699 pol-

318 718 432 764 liciti
457 729 570 763 sunt
593 720 732 765 nobis
755 720 1018 765 admodum
1043 720 1330 764 commodas
1353 719 1502 764 aedes
1527 719 1573 764 in
1598 720 1758 764 medio
1783 719 1939 772 vrbis,

318 810 470 850 prope
495 794 639 840 diuae
663 795 850 841 Luciae
886 795 1118 850 templum
1154 794 1452 849 conducere,
1480 795 1609 839 ultro
1643 795 1942 851 spondentes

316 870 482 915 omnia
517 871 656 916 nobis
691 872 752 916 ad
786 872 968 916 uictum
1002 871 1288 915 necessaria
1322 885 1374 915 se
1409 870 1738 926 quaesituros.
1773 871 1943 916 Nostri

317 946 539 1002 discipuli
565 947 1000 1003 compositionibus
1030 946 1230 1002 graecis
1254 955 1401 1002 atque
1427 946 1587 991 latinis
1610 962 1662 992 se
1687 957 1940 992 exercent.

317 1021 369 1066 Ρ.
394 1021 614 1079 Joannes
649 1022 957 1078 Catalamus,
985 1031 1095 1078 post
1132 1021 1183 1067 Ρ.
1212 1022 1463 1067 Benedicti
1498 1022 1785 1080 discessum,
1822 1024 1944 1068 mul-

316 1110 481 1144 torum
526 1099 653 1145 uotis
696 1099 1032 1145 satisfaciendi
1076 1114 1247 1155 causa,
1295 1099 1571 1144 doctrinam
1618 1100 1938 1145 christianam

317 1176 379 1222 D.
407 1176 595 1221 Luciae
618 1178 801 1232 templo
827 1176 1181 1222 declarandam
1206 1177 1422 1232 suscepit
1448 1178 1478 1221 ¹.

403 1252 603 1298 Interim
636 1253 793 1299 Rdae.
821 1253 873 1298 P.
903 1253 960 1297 T.
989 1253 1297 1298 orationibus
1332 1269 1392 1299 ac
1426 1253 1684 1298 sacrificiis
1717 1254 1820 1298 suis
1855 1269 1943 1298 nos

315 1339 448 1375 totos
471 1330 887 1375 commendamus.
915 1330 976 1375 D.
1004 1330 1063 1375 N.
1090 1330 1238 1389 Jesus
1273 1329 1518 1386 Christus,
1547 1346 1644 1388 qua
1675 1331 1940 1376 clementia

317 1423 378 1452 ac
401 1407 706 1463 benignitate
730 1407 908 1452 Rdam.
938 1406 990 1451 P.
1024 1406 1082 1451 T.
1121 1406 1360 1452 Societati
1395 1422 1515 1452 suae
1549 1406 1826 1463 praeficere
1858 1422 1938 1452 uo-

316 1484 419 1540 luit,
446 1484 619 1529 eadem
654 1484 793 1529 nobis
827 1484 906 1528 diu
942 1499 1246 1528 conseruare
1281 1483 1525 1540 dignetur.
1560 1483 1753 1529 Patauii
1788 1484 1937 1529 XVII

317 1561 410 1605 cal.
438 1561 572 1618 Aug.
600 1560 946 1605 M.D.L.VH[.

404 1637 560 1683 Rdae.
586 1637 637 1682 Ρ.
667 1637 724 1682 T.
754 1638 981 1694 indignus
1005 1638 1051 1682 in
1077 1637 1277 1682 Christo
1301 1653 1496 1691 seruus,

1202 1733 1432 1792 JoANNEs
1465 1732 1755 1778 RchSULus
1789 1734 1819 1778 2.

404 1838 695 1895 Inscriptio.
737 1844 761 1890 η’·
803 1840 864 1884 Α]
905 1841 1055 1884 molto
1096 1840 1220 1884 Rdo.
1258 1839 1302 1884 in
1341 1838 1541 1884 Christo
1581 1840 1759 1896 Padre,
1802 1841 1846 1885 el
1885 1840 1938 1885 P.

316 1914 462 1960 Mtro.
489 1913 732 1961 Giacomo
767 1916 987 1973 Laynez,
1011 1916 1262 1972 preposito
1293 1916 1531 1972 generale
1565 1916 1694 1961 della
1730 1915 1939 1972 Compa-

315 1992 433 2047 gnia
457 1992 502 2037 di
527 1992 662 2049 Jesu.
694 1992 769 2038 En
793 1993 972 2038 Roma.

404 2068 522 2113 Alia
555 2082 731 2115 manu.
759 2069 997 2115 Mandata
1022 2086 1050 2115 a
1076 2070 1291 2126 Vienna,
1322 2069 1526 2124 Loreto‚
1556 2069 1794 2126 Fiandra,
1823 2070 1939 2115 Por-

315 2145 524 2201 tugallo,
550 2144 727 2201 Napoli
753 2154 801 2191 et
825 2144 1010 2201 Sicilia,
1039 2146 1272 2191 Francia.

363 2310 373 2329 ¹
426 2308 490 2347 Cf.
514 2310 666 2347 Laz'nz'i
684 2310 894 2355 Monam„
916 2311 984 2354 ΙΙΙ,
1005 2299 1090 2348 386.

361 2368 375 2388 ¹
428 2369 533 2406 Vide
552 2370 750 2416 superius,
772 2383 864 2416 pag.
885 2371 966 2413 523,
989 2377 1123 2408 annot.
1149 2372 1179 2408 1.
1203 2371 1253 2408 Et
1273 2379 1379 2415 nota,
1401 2373 1562 2409 diverso
1591 2373 1705 2410 modo
1732 2373 1851 2410 scribi
1878 2385 1939 2410 co-

315 2440 491 2474 gnomen
511 2429 699 2466 auctoris.
