2051 3516
371 326 442 354 xlv
838 318 1056 357 LITTERAE
1082 319 1434 366 QUADRIMESTRES

317 426 531 475 gentem,
572 416 644 462 his
685 417 848 463 verbis
884 418 1029 463 dedit:
1071 417 1290 463 «Caveat
1323 428 1489 464 autern
1524 419 1721 466 omnino
1756 419 1937 478 [sacer-

317 495 441 552 dos],
470 510 530 540 ne
556 495 709 541 verbo
733 506 817 541 aut
841 495 982 551 signo
1007 505 1093 540 aut
1116 495 1212 540 alio
1247 496 1420 552 quovis
1454 497 1599 542 modo
1631 498 1940 554 aliquatenus

318 572 497 629 prodat
537 583 867 629 peccatorem:
915 572 1000 616 sed
1039 572 1077 616 si
1117 572 1435 628 prudentiore
1478 574 1679 618 consilio
1718 574 1932 630 indigue-

317 651 394 707 rit,
437 650 551 695 illud
590 650 776 706 absque
815 649 913 693 ulla
951 649 1271 705 expressione
1315 664 1557 704 personae
1596 659 1742 695 caute
1776 652 1935 708 requi-

319 737 422 772 rat>
453 726 480 783 ¹,
502 735 595 772 etc.

399 803 638 863 Jamvero
658 803 768 848 huic
792 802 889 858 legi
915 811 1147 847 auctores
1171 802 1365 858 plurimi
1391 803 1734 859 maximaeque
1768 813 1934 849 aucto-

320 880 479 926 ritatis
512 895 606 925 non
640 880 841 924 obstare
875 879 1142 924 censebant
1164 894 1302 923 usum
1329 879 1530 924 notitiae
1560 895 1648 935 per
1672 880 1933 925 confessio-

317 973 427 1003 nem
470 957 742 1013 acquisitae
786 956 847 1001 ad
891 966 1146 1000 externam
1191 955 1622 1011 gubernationem,
1674 956 1933 1001 dummodo

311 1050 453 1080 omne
472 1033 805 1092 cujuscunque
825 1031 1142 1077 revelationis
1161 1032 1430 1087 periculum
1450 1033 1660 1077 abesset.
1688 1032 1781 1077 Ast
1799 1032 1933 1078 illum

310 1127 466 1168 usum,
491 1109 592 1168 jam
622 1118 754 1166 ante,
781 1124 909 1154 anno
937 1108 1064 1165 1590,
1091 1123 1119 1152 a
1144 1108 1196 1152 P.
1224 1106 1434 1152 Claudio
1468 1108 1753 1165 Aquaviva,
1791 1124 1929 1164 prae-

274 1187 278 1190 ’
309 1188 468 1245 posito
492 1186 709 1243 generali
734 1185 994 1231 Societatis
1018 1184 1151 1243 Jesu,
1179 1184 1360 1229 nostris
1384 1185 1722 1240 superioribus
1746 1194 1793 1230 et
1816 1201 1928 1230 con-

308 1265 529 1310 fessariis
562 1264 753 1320 penitus
786 1262 1098 1307 interdictum
1123 1262 1154 1316 ²,
1192 1260 1421 1306 Clemens
1454 1261 1574 1306 VIII
1609 1262 1684 1306 die
1718 1262 1775 1308 26
1808 1261 1927 1319 Maji

310 1341 423 1387 anni
450 1341 561 1386 1594
589 1339 893 1396 proscripsit.

399 1418 669 1463 Praeterea
708 1416 855 1471 aliqui
888 1415 1014 1460 hanc
1052 1415 1437 1471 propositionem
1477 1415 1922 1471 amplectebantur:

312 1494 573 1540 ‹‘Scientia
596 1510 657 1539 ex
681 1492 989 1539 confessione
1013 1492 1254 1548 acquisita
1276 1491 1344 1536 uti
1370 1491 1497 1547 licet,
1526 1492 1669 1536 modo
1704 1491 1789 1537 fiat
1822 1493 1926 1537 sine

305 1572 493 1617 directa
517 1580 602 1630 aut
624 1570 864 1615 indirecta
888 1568 1194 1614 revelatione
1219 1578 1266 1612 et
1289 1567 1583 1624 gravamine
1612 1568 1923 1624 poenitentis,

305 1649 394 1693 nisi
418 1648 549 1693 aliud
574 1648 724 1692 multo
749 1646 957 1703 gravius
979 1660 1042 1690 ex
1065 1660 1159 1690 non
1184 1659 1273 1689 usu
1295 1653 1548 1700 sequatur,
1572 1645 1617 1689 in
1637 1643 1777 1701 cujus
1796 1661 1925 1690 com-

304 1725 562 1782 paratione
585 1725 720 1780 prius
739 1723 914 1768 merito
934 1721 1314 1777 contemnatur‘,
1337 1721 1504 1766 addita
1522 1721 1695 1767 deinde
1715 1722 1925 1778 explica-

304 1802 435 1846 tione
457 1801 561 1846 sive
586 1800 885 1855 limitatione,
913 1799 1041 1855 quod
1065 1798 1123 1843 sit
1148 1797 1465 1854 intelligenda
1489 1798 1548 1843 de
1573 1813 1663 1843 usu
1688 1798 1927 1844 scientiae

306 1894 367 1923 ex
405 1877 714 1923 confessione
753 1876 1023 1933 acquisitae
1057 1891 1167 1920 cum
1202 1874 1495 1931 gravamine
1530 1875 1820 1931 poenitentis
1855 1891 1925 1921 se-

308 1955 445 2000 clusa
484 1969 790 2011 quacumque
829 1952 1153 2008 revelatione,
1196 1960 1343 2008 atque
1382 1951 1428 1996 in
1467 1966 1603 2006 casu,
1645 1967 1740 2009 quo
1773 1953 1925 1997 multo

306 2032 464 2077 maius
501 2046 777 2087 gravamen
817 2030 1030 2075 eiusdem
1069 2028 1360 2086 poenitentis
1400 2043 1460 2073 ex
1500 2044 1595 2073 non
1629 2044 1720 2074 usu
1754 2045 1923 2085 seque-

306 2118 488 2155 retur».
530 2108 627 2153 Sed
662 2124 691 2153 a
731 2107 1139 2164 Congregatione
1177 2105 1346 2151 Sancti
1377 2104 1540 2151 Officii
1579 2114 1815 2151 statutum
1851 2115 1924 2152 est

306 2186 382 2231 die
414 2185 467 2231 18
499 2185 796 2230 Novembris
838 2184 975 2243 1682,
996 2184 1203 2229 «dictam
1238 2182 1640 2239 propositionem,
1683 2193 1923 2240 quatenus

305 2262 516 2308 admittit
539 2277 679 2306 usum
703 2261 863 2306 dictae
888 2260 1121 2305 scientiae
1146 2275 1255 2305 cum
1284 2259 1577 2316 gravamine
1610 2259 1918 2315 poenitentis,

304 2339 500 2384 omnino
531 2337 885 2394 prohibendam
925 2352 1048 2388 esse,
1087 2337 1232 2381 etiam
1273 2351 1382 2381 cum
1422 2336 1554 2381 dicta
1593 2336 1939 2392 explicationex

304 2417 409 2461 sive
428 2415 737 2461 limitatione»
764 2415 795 2459 3.
1117 2405 1121 2409 ⁵

392 2493 565 2546 Porro,
593 2507 687 2537 non
712 2491 1021 2536 obstantibus
1044 2489 1283 2548 ejusmodi
1309 2490 1536 2547 decretis,
1563 2489 1781 2546 theologi
1799 2490 1918 2535 anti-

302 2569 381 2625 qui
405 2579 453 2614 et
477 2568 780 2613 recentiores
803 2567 1126 2612 communiter
1150 2582 1237 2622 per
1261 2567 1403 2622 plura
1427 2567 1627 2611 saecula
1646 2566 1920 2611 docuerunt

302 2661 396 2690 non
436 2645 562 2690 laedi
606 2644 818 2700 sigillum
856 2644 1220 2689 sacramentale
1262 2643 1327 2688 «si
1365 2642 1717 2698 confessarius,
1762 2651 1814 2687 ut
1851 2643 1919 2687 ait

302 2721 358 2767 C.
401 2721 562 2777 Marc,
606 2720 791 2776 Congr.
830 2720 917 2765 SS.
955 2720 1303 2777 Redemptoris
1337 2721 1369 2775 ⁴,
1406 2720 1451 2764 in
1485 2734 1669 2776 genere
1703 2718 1832 2764 dicat
1865 2735 1918 2764 se

299 2798 546 2843 audivisse
569 2798 668 2842 tale
691 2806 948 2854 peccatum
968 2797 1012 2842 in
1033 2797 1358 2852 confessione,
1379 2797 1447 2841 ita
1467 2806 1630 2841 tamen
1650 2804 1702 2840 ut
1721 2795 1916 2840 audien-

350 2945 358 2963 ¹
412 2941 698 2979 Enchiridion
720 2940 1088 2986 Symbolorum...,
1111 2953 1148 2975 n.
1170 2940 1250 2975 438.

349 3003 362 3021 ²
411 3001 641 3038 Institutum
661 3000 873 3037 Societatis
888 2999 998 3045 jesu,
1020 2999 1087 3043 III,
1110 3012 1231 3046 pagg.
1252 2999 1332 3041 261,
1355 2999 1435 3043 272,
1457 2998 1538 3034 352.

349 3063 361 3081 ³
415 3060 762 3102 Encln‘ridion...„
783 3072 819 3095 n.
844 3059 945 3095 1220.

348 3122 361 3140 ⁴
414 3120 711 3156 Institutiones
731 3120 916 3154 morales
937 3119 1276 3164 Alplzonszmme,
1295 3119 1464 3159 Rornae,
1489 3117 1588 3160 1917,
1610 3129 1646 3151 n.
1673 3115 1772 3150 1866.
