2051 3516
373 281 421 318 82
841 282 1061 319 Llr'ffinAE
1087 283 1440 328 QUAansssmEs

328 377 462 423 ribus
487 378 798 436 abhorrens),
825 394 935 424 eam
970 379 1015 424 in
1051 379 1201 424 corde
1235 379 1492 436 percussit,
1531 379 1610 435 qui
1644 379 1748 424 eius
1781 394 1951 424 amore

327 455 472 511 graui
496 455 704 500 vulnere
727 454 896 500 habuit
919 470 1225 511 percussum,
1252 463 1305 499 vt
1328 454 1502 500 deinde
1525 470 1555 500 a
1578 456 1761 511 templo
1786 469 1838 500 se
1871 470 1949 500 ne-

327 540 474 587 garet
491 531 838 588 discessuram,
862 531 1017 576 donec
1035 531 1265 576 confessa
1284 531 1527 586 receperit
1542 531 1947 576 consolationem:

326 607 491 664 itaque
515 624 626 653 eam
651 608 892 664 dimisere,
922 618 972 651 vt
996 607 1042 651 in
1077 607 1225 652 alium
1257 607 1385 653 diem
1419 622 1528 652 sese
1561 608 1842 663 disponeret
1875 623 1950 653 sa-

327 684 608 742 cramentis,
631 699 758 740 quae
782 698 909 728 nunc
927 683 995 728 ita
1014 683 1193 741 pergit,
1219 694 1268 728 vt
1288 684 1333 728 in
1352 684 1453 729 dies
1474 684 1686 729 maxime
1705 683 1948 741 proficiat,

327 769 474 816 atque
498 761 571 805 his
595 760 768 816 quibus
792 759 955 805 fuerat
979 768 1127 805 antea
1152 769 1284 816 nota,
1312 761 1553 817 praebeat
1585 761 1831 816 specimen
1868 761 1950 805 ho·

325 826 632 882 nestissimae
656 835 955 881 mutationis.

384 914 427 959 4.
492 913 545 959 In
569 913 750 969 templo
776 912 992 957 maximo
1016 922 1164 968 atque
1188 913 1296 958 aliis
1330 914 1486 958 nostri
1520 913 1805 958 frecuenter
1839 928 1950 958 con—

325 991 604 1045 cionantur,
631 989 794 1035 multis
818 1003 939 1034 sane
963 990 1272 1035 audientibus
1296 999 1344 1035 et
1367 989 1752 1046 proficientibus,
1775 989 1951 1047 quippe

326 1067 406 1123 qui
438 1065 755 1111 libentissime
790 1065 1008 1110 audiunt.
1046 1065 1308 1111 Exaltetur
1341 1066 1387 1111 in
1427 1067 1652 1112 omnibus
1691 1066 1828 1111 Deus
1868 1081 1949 1110 no-

324 1153 443 1198 ster,
470 1143 608 1188 cuius
632 1143 795 1199 gloria
819 1142 1074 1200 quaeritur
1098 1142 1144 1187 in
1168 1143 1409 1188 omnibus.

382 1220 426 1266 5.
493 1220 538 1264 Α
572 1219 779 1275 prandio
819 1234 1015 1275 semper
1055 1219 1236 1276 legitur
1274 1220 1545 1265 christiana
1580 1220 1807 1265 doctrina
1840 1235 1950 1265 cum

325 1297 604 1353 frequentia
638 1296 823 1353 ingenti
857 1296 1155 1352 auditorum,
1193 1312 1399 1353 quorum
1424 1312 1657 1341 numerus
1681 1296 1779 1341 iam
1804 1297 1950 1341 modo
1998 1336 2001 1339 .

325 1382 517 1429 auctus,
545 1373 706 1429 magis
730 1387 790 1418 ac
814 1372 972 1428 magis
998 1372 1070 1428 (vt
1103 1373 1380 1428 speramus)
1416 1372 1631 1429 quotidie
1665 1373 1947 1430 augebitur.

325 1448 378 1494 In
411 1449 690 1494 confitendo
724 1464 784 1493 ac
818 1458 1144 1494 sacrosancta
1174 1449 1350 1505 synaxi
1376 1448 1656 1505 recipienda
1681 1449 1815 1493 multi
1839 1461 1950 1494 sunt

324 1525 625 1582 frequentes.
655 1525 733 1570 Ex
755 1524 1147 1570 confessionibus
1171 1536 1219 1569 et
1243 1525 1561 1571 concionibus
1592 1526 1822 1571 videntur
1852 1526 1950 1571 exi-

325 1603 406 1647 mii
428 1602 621 1648 fructus
645 1617 896 1658 emanare,
925 1617 987 1646 ex
1010 1603 1184 1658 quibus
1209 1601 1485 1658 (breuitatis
1510 1602 1682 1659 causa)
1713 1604 1951 1658 pauculos

327 1679 587 1736 attingam.

418 1755 658 1812 [Missum
666 1755 910 1813 facimus
933 1755 1157 1812 aliquem
1182 1755 1396 1811 celsum]

382 1833 425 1878 6.
475 1832 608 1878 *Alia
631 1832 875 1888 quaedam
901 1832 1066 1887 vidua,
1093 1832 1170 1876 cui
1196 1832 1606 1888 perabundabant
1635 1832 1842 1888 pecandi
1872 1848 1950 1877 oc-

325 1909 569 1965 casiones,
606 1909 808 1954 veniens
843 1909 904 1953 ad
938 1924 1026 1953 nos
1061 1909 1129 1953 ita
1163 1918 1237 1954 est
1271 1918 1477 1958 mutata,
1511 1918 1564 1953 vt
1594 1925 1656 1953 ex
1680 1909 1950 1954 mutatione

325 1986 476 2042 ipsius
499 1985 662 2042 gloria
684 1984 803 2043 Jesu
829 1984 1046 2041 Christo,
1084 1986 1320 2042 gaudium
1355 1986 1573 2031 honestis
1606 1995 1654 2030 et
1687 1986 1949 2031 admiratio

325 2062 452 2106 notis
486 2062 589 2106 eius
619 2062 895 2119 oboriatur3
930 2072 977 2107 et
1000 2063 1198 2107 tandem
1224 2077 1334 2106 cum
1365 2072 1477 2107 voto
1501 2062 1743 2107 castitatis
1768 2063 1814 2107 in
1838 2078 1948 2108 con-

325 2138 556 2194 fessione,
598 2139 941 2183 communione
980 2154 1041 2184 ac
1084 2139 1260 2184 mentis
1305 2139 1531 2184 oratione
1575 2140 1752 2196 pergit:
1801 2150 1950 2196 atque

327 2216 452 2261 adeo
493 2215 713 2271 firmiter,
756 2226 810 2260 vt
848 2217 977 2261 dicat
1012 2217 1195 2271 <diuina
1234 2217 1591 2261 interueniente
1629 2217 1813 2273 gratia)
1853 2233 1949 2263 non

326 2292 433 2337 fore
468 2292 768 2338 sufficientes
802 2308 973 2337 omnes
996 2294 1229 2338 demones
1254 2293 1314 2337 ad
1339 2309 1449 2338 eam
1474 2294 1809 2351 deiiciendam,
1837 2295 1949 2340 dum

324 2369 401 2414 hic
424 2369 606 2414 habeat
630 2369 906 2425 collegium.

383 2446 425 2490 7.
492 2446 620 2491 Tres
644 2446 853 2502 puellae,
880 2461 1002 2502 prae
1022 2446 1235 2491 caeteris
1254 2447 1469 2491 eiusdem
1490 2447 1680 2491 farinae
1700 2448 1880 2504 multis,
1903 2448 1947 2492 in

323 2522 486 2567 mundi
510 2532 794 2578 contemptu
818 2523 1107 2578 enitescunt,
1135 2539 1244 2568 cum
1270 2523 1372 2568 eius
1396 2523 1578 2568 fuerint
1602 2533 1749 2568 antea
1780 2540 1946 2569 aman-

323 2599 558 2654 tissimae3
586 2609 634 2644 et
659 2615 721 2644 ex
744 2600 816 2644 his
840 2600 968 2644 duae
990 2615 1043 2644 se
1068 2599 1161 2644 iam
1187 2601 1457 2656 alligarunt
1480 2601 1624 2654 votis,
1652 2601 1800 2645 tertia
1827 2617 1947 2646 vero

325 2675 585 2729 detinetur,
623 2691 718 2731 quo
753 2676 926 2721 melius
965 2676 1276 2731 adimplenda
1316 2676 1600 2721 necessario
1649 2677 1944 2733 consideret,

325 2750 520 2795 tametsi
545 2751 697 2796 inuita
723 2752 986 2797 detinetur.

381 2826 424 2871 8.
492 2827 763 2872 Praetereo
800 2829 978 2873 multas
1014 2829 1349 2874 confessiones
1387 2829 1679 2874 veterrimas
1714 2845 1773 2873 ac
1807 2829 1946 2873 inuti-

324 2905 409 2960 les,
452 2920 509 2948 eo
549 2905 677 2960 quod
721 2906 764 2949 in
811 2906 879 2950 eis
918 2906 1082 2962 aliqua
1121 2907 1346 2950 scaelera
1391 2907 1707 2950 caelarentur
1745 2907 1807 2951 ob
1846 2906 1945 2951 ina-

325 2995 433 3024 nem
460 2990 506 3024 ct
532 2981 819 3025 mendacem
846 2982 1212 3036 verecundiam,
1241 2994 1324 3026 aut
1355 2982 1462 3027 aliis
1496 2982 1785 3037 rationibus,
1824 2998 1945 3038 quas

323 3055 538 3111 perfidus
573 3057 649 3100 ille
684 3072 887 3112 serpens
917 3073 1196 3113 proponere
1228 3058 1498 3113 consueuit,
1526 3074 1620 3114 quo
1645 3074 1729 3102 eos
1752 3058 1945 3103 facilius
