2051 3516
420 235 641 272 APPENDIX
667 233 1015 271 HL—Omfflpoxss
1041 235 1086 271 30
1108 234 1223 281 Juxn
1252 236 1342 272 15?ss
1368 236 1412 280 (ἓ)
1609 233 1671 271 961

97 346 222 377 vnus
245 331 439 377 animus
463 329 548 376 fiat
577 346 640 376 ex
663 329 899 387 pluribus;
928 330 1009 376 vbi
1046 330 1159 376 mihi
1190 330 1499 376 obedientiae
1532 330 1608 375 vis
1631 329 1726 374 sita

98 424 207 455 esse
231 409 444 458 videtur.

184 486 226 533 2.
293 486 403 532 Non
436 495 483 532 te
523 486 679 531 latere
717 484 938 530 arbitror
972 484 1167 531 venisse
1200 485 1295 531 huc
1328 501 1391 531 ex
1429 484 1725 541 Aethiopiae

95 579 269 621 regno,
298 563 492 609 nomine
515 561 768 619 Anguola,
797 562 991 619 legatos
1029 571 1132 608 tres
1166 563 1229 608 ab
1263 562 1388 608 illius
1426 562 1569 618 regni
1603 576 1726 617 rege

95 641 285 698 missos,
314 641 394 698 qui
419 656 448 686 a
467 640 644 697 regina
667 649 836 686 nostra
861 642 872 664 ¹
899 641 1101 686 summis
1125 640 1354 697 precibus
1380 638 1723 685 contenderint

97 719 284 775 aliquot
314 718 428 763 illuc
461 717 596 763 viros
632 726 681 763 et
720 717 853 762 vitae
886 726 935 762 et
973 732 1166 763 morum
1201 717 1486 774 integritate
1520 724 1726 762 ornatos

97 797 246 841 vellet
269 795 481 851 mittere,
508 794 589 851 qui
614 809 786 851 regem
812 805 858 839 et
888 794 1171 840 vniuersum
1198 810 1406 851 regnum
1432 793 1575 839 fidem
1600 792 1726 838 chri-

95 873 306 919 stianam
331 872 600 918 erudirent.
628 871 725 929 Qui
748 872 811 917 ad
836 881 1058 917 nostrum
1083 872 1345 929 collegium
1369 887 1520 928 saepe
1555 871 1726 916 venire

95 952 272 1008 solent,
314 960 362 996 et
399 965 510 996 cum
549 949 783 995 Patribus
825 949 1008 995 nostris
1052 949 1218 1006 aliqua
1258 948 1638 1000 communicare.
1674 956 1728 992 vt

97 1029 384 1086 quibuscum
420 1027 532 1073 illuc
571 1026 823 1072 reuersuri
859 1026 970 1082 sint,
1003 1041 1220 1082 quosque
1244 1025 1355 1070 fidei
1380 1024 1727 1082 religionisque

96 1104 395 1151 christianae
419 1104 689 1161 magistros
708 1112 756 1149 et
774 1103 938 1148 socios
960 1103 1056 1148 sint
1079 1102 1310 1149 habituri.
1339 1102 1384 1147 A
1405 1102 1581 1158 regina
1599 1101 1726 1147 enim

96 1193 397 1240 acceperunt
426 1182 585 1227 nullos
609 1181 732 1227 alios
757 1191 958 1238 praeter
990 1196 1135 1237 quam
1175 1196 1237 1225 ex
1270 1189 1440 1225 nostra
1476 1178 1727 1224 Societate

97 1260 275 1306 Patres
299 1260 412 1305 illuc
436 1274 545 1305 esse
568 1258 848 1304 mittendos:
886 1273 1014 1315 quae
1048 1267 1096 1303 et
1135 1274 1165 1303 a
1199 1257 1349 1302 Patre
1379 1257 1574 1313 Ignatio
1608 1257 1623 1280 ²
1648 1272 1727 1312 pe·

97 1337 222 1395 tiuit,
259 1346 311 1383 vt
346 1336 418 1382 rei
451 1336 517 1381 illi
552 1335 730 1381 Patres
764 1335 952 1392 aliquot
987 1334 1371 1391 praescriberet,
1410 1349 1618 1390 quorum
1642 1333 1725 1378 ali-

98 1425 230 1473 quot,
258 1415 304 1460 ni
329 1430 441 1460 mea
465 1429 543 1459 me
566 1413 692 1459 fallit
715 1413 895 1470 opinio,
923 1413 988 1458 illi
1012 1412 1238 1458 obeundo
1272 1411 1461 1457 muneri
1486 1410 1726 1467 assignati

96 1493 193 1538 iam
217 1501 346 1539 sunt.
373 1491 503 1548 Quin
528 1491 678 1537 etiam
702 1507 764 1536 ex
789 1489 1013 1536 Castella
1036 1489 1165 1545 apud
1189 1504 1279 1534 nos
1308 1497 1419 1534 sunt
1454 1497 1502 1533 et
1535 1487 1617 1533 Pr.
1644 1502 1726 1532 no-

96 1570 224 1616 mine
248 1569 531 1626 Vernedus,
558 1577 606 1614 et
630 1568 789 1614 frater
812 1568 1021 1613 Ioannes
1043 1567 1208 1624 Roxo,
1235 1566 1314 1623 qui
1339 1566 1452 1611 illuc
1475 1573 1614 1610 certo
1640 1565 1728 1610 itu·

98 1648 138 1693 ri
169 1648 414 1703 dicuntur,
456 1647 547 1692 nisi
586 1645 786 1703 aliquod
821 1644 1120 1691 interueniat
1153 1642 1565 1700 impedimentum,
1602 1642 1730 1698 quod

97 1725 236 1771 Deus
266 1740 409 1771 omen
448 1733 665 1770 auertat.
701 1723 765 1769 Hi
799 1723 925 1769 enim
960 1723 1056 1768 duo
1080 1721 1383 1778 potissimum
1418 1735 1529 1765 cum
1553 1719 1729 1775 legatis

98 1803 190 1848 illis
214 1812 387 1860 agunt,
415 1817 600 1859 eosque
624 1801 925 1848 christianae
949 1799 1060 1845 fidei
1080 1799 1359 1844 rudimenta
1379 1798 1572 1843 docent.
1593 1796 1730 1842 Deus

98 1879 214 1937 Opt.
242 1880 375 1925 Max.
405 1880 467 1925 ad
490 1878 631 1937 cujus
654 1879 883 1936 gloriam,
905 1878 1143 1923 honorem
1161 1876 1286 1921 haec
1303 1875 1466 1921 omnia
1485 1884 1726 1931 spectant,

97 1957 224 2004 faxit
249 1966 302 2003 vt
323 1957 448 2003 haec
470 1957 667 2013 incepta
690 1956 754 2002 ad
777 1955 921 2001 finem
946 1970 1102 2011 vsque
1131 1953 1342 1999 feliciter
1373 1951 1726 2008 perducantur,

99 2045 152 2081 vt
185 2034 306 2080 fides
340 2034 614 2091 religioque
653 2033 924 2080 christiana
958 2047 1046 2089 per
1079 2040 1236 2077 totum
1270 2039 1518 2075 terrarum
1558 2028 1728 2073 orbem

99 2112 398 2169 diuulgetur,
425 2121 473 2157 et
497 2127 557 2157 ea
581 2111 637 2156 iis
661 2110 905 2168 angustiis
929 2121 977 2155 et
996 2108 1288 2166 quibusdam
1308 2106 1447 2164 quasi
1468 2105 1664 2162 angulis
1681 2104 1728 2149 in

98 2189 251 2235 latum
278 2197 326 2234 et
349 2188 621 2245 spatiosum
646 2202 874 2244 campum
899 2186 1157 2232 educatur.
1185 2185 1298 2241 Alii,
1335 2183 1414 2240 qui
1439 2193 1487 2228 et
1520 2191 1637 2239 quot
1659 2181 1729 2227 fu-

99 2267 196 2312 turi
219 2266 331 2323 sint,
369 2265 676 2322 ignoramus.
717 2265 889 2310 Mense
923 2273 1090 2309 autem
1130 2263 1361 2318 Augusto
1396 2261 1476 2305 vel
1510 2260 1572 2305 ad
1606 2274 1728 2304 sum-

100 2359 231 2389 mum
256 2341 535 2399 Septembri
555 2342 828 2399 profecturi
853 2341 1122 2387 creduntur
1147 2340 1178 2385 ³.

150 2514 159 2532 ¹
213 2510 439 2548 Catharina
457 2510 674 2555 austriaca,
691 2510 859 2557 Joannis
878 2509 934 2545 III
954 2508 1087 2545 vidua.

147 2573 160 2592 ²
211 2570 316 2610 Rtus
334 2571 518 2617 Ignatius
537 2570 586 2606 de
605 2569 816 2607 Azevedo.

147 2633 161 2653 ³
213 2633 278 2670 De
298 2632 487 2669 missione
507 2630 712 2677 angolana
730 2629 798 2676 agi
827 2634 1012 2676 coeptum
1041 2632 1101 2663 est
1128 2638 1233 2662 anno
1263 2624 1352 2661 1558
1380 2623 1441 2669 (cl.
1470 2623 1624 2660 Lainz‘i
1648 2622 1732 2660 illo—

102 2703 237 2739 nmn.,
268 2692 336 2737 III,
365 2690 448 2735 232,
467 2689 566 2734 ⁸280).
587 2689 712 2726 Pater
730 2689 892 2736 quidam
913 2701 962 2725 ex
981 2687 1165 2724 Castella
1186 2686 1281 2721 illuc
1301 2683 1532 2727 mittendus,
1554 2683 1594 2719 in
1612 2682 1728 2719 Lusi-

100 2752 253 2789 taniam
272 2753 354 2800 jam
373 2754 619 2798 pervenerat
637 2754 731 2785 ante
751 2749 857 2785 diem
879 2749 922 2784 19
940 2747 1043 2795 MaJ'i
1066 2746 1155 2781 1558
1172 2744 1322 2789 (lhz‘d.,
1342 2742 1440 2787 280>3
1470 2742 1619 2779 obortis
1650 2742 1732 2788 qui—

100 2812 269 2849 busdam
300 2808 612 2858 impedimentis,
645 2809 863 2856 praecipue
897 2812 1024 2843 morte
1056 2804 1166 2851 regis
1196 2804 1390 2849 Angolac
1418 2801 1728 2845 interveniente,

102 2872 238 2909 missio
257 2871 307 2907 ad
326 2870 446 2906 finem
467 2868 561 2905 anni
582 2868 672 2905 1559
690 2868 816 2904 dilata
836 2873 897 2903 est
918 2866 981 2911 (ef.
1004 2866 1160 2902 Laim'i
1177 2863 1356 2900 Monam
1380 2891 1386 2907 ‚
1408 2861 1482 2906 IV,
1503 2860 1671 2903 289-290,
1693 2865 1733 2897 et

103 2931 317 2979 epistolam
348 2928 689 2975 quadrimestrem
720 2928 862 2964 domus
894 2925 963 2963 5.ῐὶ
991 2924 1119 2961 Rochi
1146 2921 1442 2969 olssiponensis,
1471 2920 1550 2957 diei
1583 2920 1624 2956 17
1659 2919 1734 2955 Fe—

102 2991 258 3028 bruarii
279 2988 382 3033 1560,
403 3000 508 3036 quae
528 2992 715 3024 servatur
743 2988 783 3023 in
810 2987 894 3023 cod.
926 2986 1030 3022 Las.
1064 2984 1127 3020 51.
1162 2982 1207 3018 ff.
1243 2980 1431 3025 los-169).
1465 2978 1509 3017 Si
1540 2979 1638 3016 fides
1668 2979 1734 3015 ha-

101 3051 240 3088 benda
275 3054 337 3086 est
370 3047 544 3084 FRANco
577 3046 810 3093 (Synopsis
845 3045 1090 3082 Annalimn
1129 3042 1226 3079 Soc.
1258 3040 1369 3087 Jesn
1406 3040 1451 3076 in
1483 3038 1733 3079 Lusitania,

218 3133 385 3161 LiTTERAE
405 3130 702 3163 QUADRIMESTRES.
723 3129 815 3156 ΤΟΜ.
839 3128 873 3155 V.
1561 3120 1591 3147 61
