2051 3516
383 262 453 296 ⁸1⁴2
857 259 1073 294 Lir‘rERAE
1099 258 1456 303 Qunonmffis'rnsss

333 368 562 412 parentes
616 354 934 396 veliementer
984 353 1314 396 abhorrentes
1363 353 1424 397 ab
1475 352 1600 397 illius
1650 353 1952 399 institutione

332 432 452 475 lilios
477 446 591 474 suos
617 438 827 473 auocent
863 444 923 472 ac
956 428 1095 472 nobis
1136 428 1459 473 instituendos
1493 429 1818 484 committant,
1856 445 1951 473 non

329 508 432 551 sine
458 505 672 561 querelis
697 519 757 548 ac
790 504 1099 560 improperiis
1133 505 1306 560 quibus
1340 505 1471 548 illum
1508 505 1756 549 incessunt
1780 512 1796 530 ³
1825 505 1953 561 quod

333 582 452 626 tilios
478 591 577 625 tam
604 580 873 635 nephandis
892 580 1147 625 heresibus
1182 581 1428 625 imbuerit.
1466 581 1569 625 Nec
1605 590 1740 625 certe
1779 580 1953 626 fallun-

331 671 423 702 tur.
462 656 588 701 Nam
625 657 736 700 dum
762 657 821 700 ad
849 672 936 701 nos
965 656 1178 713 veniunt,
1208 673 1236 700 a
1259 656 1585 709 confessione,
1610 657 1954 702 communione

332 745 377 779 et
424 734 662 789 religione
703 733 983 778 orthodoxa
1020 733 1248 777 videntur
1287 733 1582 778 alienissimi.
1628 733 1691 778 Et
1732 749 1809 778 res
1849 734 1954 789 ipsa

332 812 489 855 docet.
512 809 639 854 Nam
665 809 778 853 dum
804 809 1001 865 quidam
1025 825 1053 853 a
1078 809 1230 853 multo
1256 818 1478 864 tempore
1504 824 1597 853 non
1626 809 1955 854 interfuerunt

332 888 511 931 missae
536 884 789 937 sacrifitio,
818 885 1130 929 mirabantur
1155 886 1509 929 celeberrimos
1547 885 1772 930 Eclesiae
1813 886 1952 940 ritus,

330 963 594 1018 stupebant
629 977 717 1006 cur
754 961 925 1017 reliqui
966 961 1306 1005 adolescentes
1341 972 1544 1017 pectora
1578 962 1840 1006 tunderent
1872 978 1954 1018 pu-

330 1039 456 1096 gnis,
477 1040 590 1083 item
607 1054 695 1083 cur
713 1038 958 1082 rosarium
975 1038 1357 1082 circumferrent
1373 1053 1432 1082 ac
1448 1038 1492 1081 in
1509 1053 1673 1093 genua
1693 1038 1954 1094 prouolue-

332 1125 519 1160 rentur.
559 1114 682 1159 Tum
705 1114 1012 1170 suppliciter
1041 1114 1326 1171 rogitantes
1360 1113 1716 1158 edocebantur.
1754 1114 1957 1169 Aliquot

331 1192 415 1236 vix
434 1208 461 1236 a
489 1191 814 1247 quinquennio
833 1192 984 1235 semel
1004 1190 1216 1234 confessi
1242 1199 1399 1246 erant:
1427 1190 1666 1246 intrepide
1687 1206 1780 1234 non
1801 1191 1956 1234 solum

331 1268 390 1313 de
414 1278 615 1312 nostrae
642 1267 892 1323 religionis
916 1267 1162 1322 mysteriis
1183 1267 1478 1321 dubitantes,
1501 1267 1586 1311 sed
1603 1267 1799 1322 singula
1818 1267 1957 1323 quasi

334 1344 540 1392 ridicula
566 1353 649 1388 aut
684 1343 832 1399 impia
866 1343 1203 1399 suggillabant
1237 1343 1562 1398 impudenter.
1600 1342 1701 1386 Iam
1742 1358 1861 1387 vero
1896 1358 1959 1387 ex

331 1420 633 1466 institutione
659 1419 951 1464 confessarii
976 1429 1023 1463 et
1063 1419 1272 1463 aliorum
1308 1419 1543 1474 exemplis
1579 1420 1643 1463 ita
1669 1419 1958 1464 commutati

331 1506 460 1553 sunt,
489 1506 540 1541 ut
563 1512 625 1541 ex
650 1496 806 1552 impiis
832 1496 910 1551 pii,
938 1511 1000 1539 ex
1034 1495 1323 1539 demonibus
1357 1495 1519 1550 angeli
1554 1495 1721 1540 effecti
1746 1511 1854 1540 esse
1891 1496 1956 1540 vi-

332 1574 558 1619 deantur.
602 1573 746 1618 Adde
786 1573 913 1628 quod
955 1572 1100 1616 etiam
1141 1572 1264 1616 alios
1291 1572 1471 1628 pietate.
1495 1588 1736 1628 superare
1760 1582 1957 1618 conten-

333 1650 451 1694 dant
484 1650 517 1694 b.
548 1650 691 1707 Quid
713 1663 989 1694 memorem
1009 1662 1105 1705 quo
1126 1652 1279 1704 pacto
1303 1648 1673 1693 haereticorum
1700 1649 1868 1705 libros,
1896 1665 1959 1694 ex
1996 1641 1998 1644 ⁵

331 1742 543 1782 quorum
568 1726 775 1770 lectione
796 1725 1242 1781 pestilentissimum
1262 1724 1377 1768 illud
1402 1724 1597 1769 animae
1625 1725 1760 1769 virus
1784 1726 1956 1770 hause-

334 1813 446 1848 runt
469 1803 619 1848 etiam
644 1802 872 1858 prompti,
912 1818 1005 1845 non
1040 1802 1143 1845 sine
1178 1802 1451 1846 haereseon
1486 1802 1869 1857 abominatione,
1896 1802 1959 1846 ad

333 1889 589 1935 regentem
614 1888 837 1923 nostrum
858 1887 910 1923 ut
934 1879 1294 1922 comburantur
1318 1877 1690 1934 adportabant?
1711 1884 1727 1904 ⁰
1755 1877 1853 1923 Sed
1885 1887 1960 1923 est

334 1957 457 2001 haec
481 1955 689 2000 mutatio
714 1955 950 1999 dexterae
985 1953 1168 1999 excelsi
1194 1953 1228 1998 ό.
1256 1953 1360 1999 Nec
1380 1954 1473 1998 hoc
1497 1954 1687 1999 silentio
1709 1954 1960 2000 inuoluen-

335 2034 449 2077 dum
474 2043 565 2088 est,
593 2032 722 2088 quod
756 2032 905 2077 etiam
931 2031 1222 2076 sacerdotes
1246 2032 1484 2077 extranei
1504 2038 1519 2057 e
1549 2042 1595 2077 et
1619 2031 1961 2076 adolescentes

335 2109 697 2155 confessionem
721 2109 1010 2165 generalem
1030 2108 1238 2153 fecerint
1264 2124 1356 2152 non
1382 2108 1484 2153 sine
1508 2109 1775 2165 singularis
1799 2124 1960 2153 emen-

335 2187 427 2231 dae
451 2185 506 2244 [?]
549 2185 560 2212 f
584 2186 887 2230 coniectura.
914 2185 1205 2242 Egregium
1231 2190 1445 2241 Operam
1470 2199 1563 2230 uos
1592 2199 1820 2230 nauasse
1858 2185 1959 2230 exi-

334 2263 680 2318 stimabinstur,
715 2263 763 2307 si
795 2262 934 2307 illius
961 2262 1406 2319 gitur]asyarclzac
1443 2262 1580 2306 vires
1620 2263 1962 2307 retundamus

337 2344 428 2385 aut
461 2339 720 2396 improbos
754 2343 970 2383 conatus
992 2338 1381 2396 labefactenzus,
1407 2339 1456 2383 si
1477 2340 1685 2384 omuino
1710 2352 1962 2383 eneruare

337 2430 436 2461 non
454 2416 753 2472 poterimus.
783 2415 892 2460 Nos
916 2416 1122 2460 iuterim
1160 2415 1345 2460 vestris
1379 2429 1438 2460 ac
1458 2415 1701 2472 fratrum
1720 2415 1963 2472 precibus

340 2493 509 2538 adiuti
531 2506 631 2538 nort
646 2498 929 2549 parcemus
953 2491 1242 2536 industriae
1265 2505 1422 2548 quam
1445 2492 1699 2537 sentimus
1727 2492 1779 2537 in
1817 2492 1962 2537 nobis

336 2584 446 2615 esse
469 2570 778 2627 exiguamg.
813 2569 1080 2614 Postremo
1110 2583 1290 2625 regens
1328 2578 1496 2614 noster
1531 2571 1543 2592 ¹
1582 2569 1625 2613 in
1660 2569 1960 2626 quodlibeta-

383 2731 400 2752 ἃ
434 2725 638 2761 incessant
657 2724 710 2761 H.
758 2744 788 2748 -
803 2724 822 2751 b
855 2724 890 2760 Α
909 2735 977 2760 vv.
1000 2722 1085 2759 Nec
1104 2727 1215 2759 certe
1233 2722 1547 2759 desiderantur
1563 2722 1688 2769 apud
1701 2723 1755 2760 H.
1803 2730 1862 2750 -c
1894 2720 1961 2758 a'd-

337 2789 510 2830 portant.
560 2783 624 2810 —d
660 2784 769 2820 6vv.
796 2782 998 2829 praeced.
1025 2782 1186 2818 desunt
1209 2781 1334 2827 apud
1358 2781 1408 2820 H.
1467 2789 1530 2809 -e
1563 2781 1738 2818 externi.
1800 2781 1856 2808 -f
1884 2781 1962 2819 Ob—

337 2853 463 2880 scure
480 2847 733 2885 exaratum:
749 2842 916 2879 curandi
935 2841 992 2878 H.
1052 2849 1116 2876 -g
1152 2842 1186 2878 A
1206 2852 1273 2878 vv.
1290 2840 1515 2887 Egregiam
1531 2853 1695 2888 operam
1710 2841 1963 2878 desideran-

343 2904 415 2938 tur
431 2902 556 2947 apud
575 2902 627 2938 H.

387 3044 396 3063 ¹
449 3043 493 3080 Ρ.
511 3043 688 3090 Joannes
710 3044 897 3080 Rethius.
