2051 3516
426 320 494 356 470
912 315 1135 358 Lm-ERAE'
1155 320 1508 365 QUADRIMESTRES

380 429 587 471 quorum
623 415 976 460 consuetudine
1009 415 1099 460 dici
1135 430 1229 459 non
1263 423 1424 470 potest
1458 424 1691 471 quantum
1726 416 1994 461 oblectare-

379 501 473 537 tur.
521 489 603 536 Sic
647 492 958 549 elaboratum
1002 501 1096 548 est,
1144 500 1195 536 ut
1238 490 1632 547 frequentissime
1682 492 1993 538 inuiseretur.

379 568 526 624 Quod
549 583 659 613 cum
684 568 745 613 ad
770 583 917 614 aures
940 568 1180 625 praesidis
1204 567 1524 624 peruenisset,
1561 583 1648 624 per
1682 568 1851 613 literas
1876 584 1996 624 quas

379 645 441 690 ad
476 645 537 690 D.
575 643 806 689 Ioannem
841 645 982 701 misit,
1020 644 1212 701 gratias
1242 643 1525 689 innumeras
1549 644 1664 700 egit.
1693 644 1997 689 Adolescens

379 737 499 766 uero
522 729 574 766 ut
598 721 844 777 inceptum
869 721 1066 766 scholae
1101 719 1322 765 aedificio
1356 720 1606 777 fastigium
1640 721 1993 779 imponeretur,

379 798 584 843 obtinuit
618 813 647 843 a
681 797 906 854 praeside
937 798 1077 843 huius
1101 797 1313 842 ciuitatis
1337 799 1371 854 a,
1398 806 1599 842 senatus
1624 797 1642 824 ¹³
1666 798 1831 843 nescio
1852 814 1996 855 quam

380 875 616 931 pecuniae
649 890 889 919 summam
925 874 1146 919 offerret.
1187 873 1264 918 Ad
1298 874 1420 918 haec
1455 873 1568 929 quia
1592 874 1784 919 aedium
1808 883 1995 919 nostra-

381 967 488 997 rum
528 951 705 996 ostium
745 951 1148 1006 angustissimum
1183 950 1357 995 callem
1394 950 1706 1006 respiciebat,
1743 966 1772 995 a
1805 951 1996 996 nobilis-

380 1029 500 1074 simo
524 1028 771 1073 Roderico
796 1027 978 1085 Mexia,
1005 1028 1082 1085 qui
1108 1025 1443 1072 Salmanticae
1463 1027 1662 1082 agebat,
1685 1027 1996 1083 impetratum

380 1115 469 1163 est,
497 1115 548 1151 ut
571 1121 633 1151 ex
658 1106 821 1162 platea
845 1120 970 1161 quae
994 1120 1020 1150 e
1045 1105 1248 1161 regione
1272 1104 1381 1148 ostii
1405 1114 1529 1161 erat,
1556 1113 1746 1160 partem
1770 1104 1994 1155 donaret;

380 1183 507 1240 quod
530 1183 676 1228 facile
699 1182 957 1228 concessit:
995 1182 1121 1226 unde
1155 1180 1347 1226 reddita
1381 1180 1589 1236 amplior
1623 1189 1769 1237 atque
1805 1180 1995 1237 expedi-

380 1260 475 1305 tior
499 1260 640 1316 regia
665 1259 743 1304 uia
767 1268 814 1304 et
838 1268 1007 1304 nostro
1033 1258 1137 1303 usui
1158 1257 1277 1303 satis
1296 1257 1583 1302 accomoda.

468 1337 608 1382 Haec
632 1352 684 1382 se
708 1336 1140 1392 obtulerunt‘quae
1171 1335 1320 1391 digna
1353 1334 1460 1379 uisa
1493 1343 1606 1380 sunt
1640 1343 1692 1380 ut
1726 1335 1997 1380 scriberen-

382 1424 476 1468 tur;
503 1430 616 1460 nam
641 1414 678 1459 si
702 1413 965 1459 minutiora
990 1413 1182 1468 uellem,
1210 1411 1527 1468 epistolarem
1551 1412 1828 1468 angustiam
1855 1427 1999 1457 exce-

381 1493 567 1538 derem.
609 1491 862 1548 Superest,
909 1500 961 1536 ut
1004 1499 1067 1546 te,
1116 1489 1264 1535 Pater
1304 1488 1603 1546 dignissime,
1649 1489 1789 1534 nobis
1833 1497 1999 1534 seruet

381 1570 672 1616 incolumem
699 1568 941 1625 Christus;
970 1567 1096 1624 quod
1120 1567 1247 1612 uotis
1272 1566 1611 1612 communibus
1635 1567 1697 1612 ab
1721 1566 1893 1612 eodem
1924 1582 1997 1612 as-

382 1647 518 1692 sidue
541 1645 867 1702 precibusque
891 1644 1245 1700 contendimus,
1281 1643 1587 1700 inuicemque
1620 1644 1715 1688 tuis
1754 1643 2015 1699 adiuuari,¹

381 1723 592 1779 quodam
617 1721 754 1779 quasi
778 1721 883 1767 iure
907 1730 1075 1766 nostro
1100 1721 1416 1777 postulamus.
1440 1719 1567 1765 Uale
1587 1719 1632 1764 in
1652 1719 1850 1765 Christo
1870 1720 1995 1765 Iesu.

438 1800 480 1845 4.
546 1799 876 1844 Absolueram
901 1798 997 1843 iam
1021 1797 1292 1853 epistolam,
1331 1812 1441 1841 cum
1476 1796 1616 1842 nobis
1649 1796 1744 1842 duo
1780 1806 1891 1842 sunt
1926 1812 1997 1842 re-

381 1876 629 1931 nunciata,
657 1890 782 1932 quae
812 1890 907 1920 non
942 1873 1141 1931 indigna
1177 1882 1288 1918 sunt
1322 1874 1380 1918 de
1411 1873 1584 1929 quibus
1619 1873 1802 1919 certior
1835 1872 1994 1918 fieres.

380 1953 625 2009 Alterum,
658 1951 1015 2009 portionarium
1050 1951 1293 2007 quendam
1328 1959 1567 2007 prouecta
1600 1950 1798 1996 nimium
1833 1958 1998 1995 aetate

380 2029 584 2086 triginta
627 2028 784 2074 ferme
828 2036 912 2073 aut
951 2027 1283 2084 quadraginta
1321 2042 1476 2072 annos
1510 2027 1638 2072 domi
1672 2027 1996 2073 concubinam

381 2106 576 2152 aluisse:
604 2106 741 2151 cuius
764 2121 843 2150 res
868 2105 1002 2161 uulgi
1026 2104 1196 2150 fabula
1221 2113 1330 2150 erat
1349 2104 1520 2162 (usque
1544 2104 1670 2150 adeo
1688 2103 1821 2149 fama
1846 2104 1996 2149 incre-

381 2184 559 2229 buerat
581 2198 668 2239 per
692 2190 848 2228 totam
874 2183 1045 2227 urbem
1069 2197 1163 2226 non
1187 2181 1290 2227 sine
1314 2181 1526 2239 pessimo
1546 2181 1809 2237 multorum
1835 2196 1995 2226 exem-

382 2259 495 2317 plo),
517 2260 641 2305 haec
660 2259 859 2304 iamiam
879 2258 1120 2304 morituro
1145 2259 1337 2315 aderat,
1364 2258 1765 2314 interfuissetque
1790 2258 1995 2303 morien-

382 2336 547 2393 ti,'nisi
573 2335 755 2392 (triduo
780 2335 906 2380 enim
931 2344 1039 2391 post
1063 2344 1274 2381 naturae
1299 2335 1559 2391 concessit)
1585 2334 1781 2391 quidam
1813 2350 1875 2379 ex
1908 2334 1996 2379 Pa-

383 2414 542 2460 tribus
575 2413 779 2459 aedibus
813 2413 943 2458 illam
977 2412 1258 2469 expulisset,
1287 2413 1415 2468 quod
1444 2428 1540 2457 non
1574 2427 1763 2468 paruae
1786 2411 1997 2456 admira-

383 2490 502 2536 tioni
526 2489 631 2535 fuit.
660 2489 849 2535 Deinde
873 2505 902 2534 a
935 2489 1144 2546 primate
1178 2489 1390 2545 quodam
1424 2489 1567 2534 huius
1597 2488 1835 2534 ecclesiae
1870 2488 1993 2540 uiro,

381 2568 553 2613 morbo
577 2568 973 2624 ingrauescente,
997 2566 1314 2622 impetratum
1335 2575 1407 2611 est
1432 2565 1596 2611 Patris
1615 2565 1865 2610 cuiusdam
1886 2580 1995 2610 con-

381 2644 503 2700 silio,
530 2653 581 2689 ut
607 2659 669 2688 ex
692 2642 984 2688 sacerdotiis
1007 2642 1206 2698 aliquot,
1234 2642 1406 2698 opimis
1430 2642 1623 2699 quidem
1654 2642 1762 2698 illis,
1799 2642 1894 2686 duo
1926 2657 1996 2686 re-

381 2721 637 2777 linqueret,
675 2735 883 2776 quorum
918 2720 1127 2765 alterum
1163 2719 1270 2764 uiro
1307 2719 1501 2764 cuidam
1526 2730 1572 2764 et
1598 2719 1727 2764 uitae
1752 2719 1997 2775 probitate

381 2807 429 2843 et
452 2798 602 2843 literis
627 2797 801 2854 insigni
825 2796 1041 2853 donauit,
1070 2797 1280 2842 alterum
1305 2796 1467 2853 templi
1492 2797 1743 2842 cuiusdam
1774 2795 1997 2841 aedificio

381 2875 670 2919 extruendo.
708 2874 853 2931 Quod
887 2889 982 2919 non
1017 2872 1216 2918 minoris
1248 2872 1430 2930 negotii
1464 2872 1569 2929 fuit,
1612 2888 1758 2929 quam
1802 2873 1996 2917 clauam

428 3001 447 3019 a
498 3001 752 3046 Sequuntur
767 3011 833 3037 vv.
856 3005 976 3046 atque
995 3004 1037 3035 ut
1057 2999 1235 3035 eiusdem
1255 2999 1409 3035 deleta.
1465 2998 1528 3025 —b
1561 3003 1725 3034 sanatus
1745 3009 1824 3035 ms.
1846 2998 1998 3034 Exem-

378 3060 504 3105 plum
524 3060 782 3105 hispamam.-
866 3060 1050 3104 «alcanco
1068 3058 1133 3094 del
1153 3058 1385 3104 corregidor
1404 3058 1514 3093 desta
1535 3057 1675 3102 cibdad
1691 3070 1767 3104 que
1786 3058 1822 3093 el
1842 3057 1996 3093 cabildo

381 3119 510 3155 diesse
531 3119 655 3164 cierta
674 3132 786 3155 suma
806 3119 853 3154 de
873 3119 1046 3154 dinero».
