2051 3516
359 292 429 328 65⁴2
828 293 1042 329 Li‘rrERAE
1070 293 1424 337 QUADRIMESTRES

311 388 490 443 sai-ios,
519 389 593 432 uel
620 398 670 432 ut
696 403 784 433 sua
810 389 1035 444 aperiant
1060 388 1281 444 crimina,
1307 389 1385 433 uel
1410 399 1459 433 ut
1483 390 1542 434 de
1569 391 1716 435 rebus
1740 391 1934 449 quidem

313 479 409 508 non
433 464 573 520 parui
601 465 832 508 momenti
857 480 942 509 eos
967 465 1224 509 consulant
1247 469 1282 508 st.
1312 464 1389 508 Ad
1414 465 1700 510 concionem
1734 467 1934 512 domini—

311 540 382 584 cis
407 549 454 585 et
478 539 584 584 aliis
609 539 722 584 item
747 540 886 586 festis
922 540 1107 592 diebus,
1146 556 1270 596 quae
1304 550 1650 592 consueuerat,
1688 542 1934 589 hominum

310 631 498 660 corona
523 616 738 661 confluit.
768 616 1087 674 Confidl'mus
1110 620 1281 661 tamen
1302 617 1353 661 in
1370 621 1638 672 posterum
1658 618 1934 676 dim'lzofa—

314 708 436 738 nore
460 694 762 750 aagendam
787 708 886 739 non
908 694 1056 738 modo
1077 707 1253 738 eornm
1272 694 1361 751 qni
1378 695 1609 751 confiteri
1625 695 1814 739 nostris
1833 695 1932 740 Pa-

311 770 475 814 tribus
499 770 723 814 assolent
747 784 1037 820 numerum,
1064 770 1158 814 sed
1178 770 1334 815 etiam
1358 771 1447 827 qui
1479 771 1711 826 corporis
1746 771 1937 816 Clzm‘stz·

310 846 554 891 sumendi
575 846 830 891 desiderio
854 847 1000 891 haud
1022 847 1239 902 uulgari
1261 847 1557 901 rapl‘zmtm'.

371 924 412 968 2.
479 923 586 967 Non
613 923 688 967 hic
712 925 890 968 tacebo
917 923 1105 978 fruges,
1134 938 1259 979 quae
1290 923 1399 967 inde
1433 923 1710 978 capiuntur,
1748 925 1933 969 uberri-

318 1016 440 1044 mas.
468 999 590 1044 Sunt
616 1000 743 1044 enim
768 999 999 1048 nonnulli,
1023 999 1101 1056 qui
1121 999 1167 1043 in
1192 1011 1413 1044 nostram
1434 1000 1623 1045 admitti
1644 1001 1932 1057 religionem

311 1077 513 1122 summis
538 1077 766 1133 precibus
791 1077 1104 1121 contendunt.
1134 1076 1298 1133 Aliqui
1323 1087 1505 1128 tamen,
1533 1076 1636 1121 siue
1661 1078 1789 1132 quod
1814 1078 1859 1122 id
1882 1094 1934 1123 se

310 1164 670 1199 consecuturos
694 1152 933 1208 diffidunt,
960 1154 1063 1198 siue
1089 1153 1217 1209 quod
1242 1169 1337 1197 non
1362 1169 1459 1197 una
1483 1153 1755 1210 eademque
1787 1154 1933 1199 ratio-

310 1248 370 1277 ne
409 1232 655 1276 hominum
694 1232 902 1276 salutem
943 1229 1319 1286 benignissimus
1358 1240 1498 1286 pater
1543 1230 1759 1276 omnium
1798 1231 1935 1276 Deus

310 1318 565 1364 operatur,
593 1308 716 1352 alias
741 1307 1111 1351 honestissimas
1136 1306 1331 1351 uiuendi
1368 1307 1587 1352 rationes
1621 1307 1824 1365 eligunt,
1862 1324 1934 1353 se-

308 1401 403 1441 que
427 1393 687 1441 parentum
712 1399 771 1427 ac
796 1383 1068 1427 amicorum
1093 1383 1389 1427 subtrahunt
1418 1383 1736 1440 commercio,
1763 1393 1811 1428 et
1835 1400 1934 1429 mo-

310 1462 551 1507 nasticam
586 1461 735 1506 uitam
770 1460 934 1504 diuino
974 1460 1103 1504 ducti
1144 1459 1314 1515 spiritu
1355 1460 1570 1505 alacrius
1611 1476 1756 1516 quam
1798 1461 1934 1506 credi

309 1539 463 1595 possit
487 1550 773 1593 sequuntur.
802 1536 944 1592 Quod
970 1537 1041 1581 his
1067 1536 1290 1593 proxime
1316 1536 1487 1581 diebus
1507 1537 1583 1581 hic
1602 1537 1841 1582 accidisse
1862 1553 1933 1583 re-

311 1616 594 1660 cordamur.
632 1614 760 1658 Tres
794 1613 921 1658 enim
958 1613 1172 1662 iuuenes,
1215 1612 1378 1657 inuitis
1418 1613 1722 1669 parentibus,
1765 1614 1934 1659 amicis
1993 1654 1996 1658 .

309 1691 667 1748 ignorantibus,
711 1690 1007 1745 reliquisque
1047 1689 1370 1734 familiaribus
1406 1690 1450 1733 id
1491 1690 1683 1746 nesciis,
1721 1690 1934 1746 quodam

310 1768 403 1824 die,
432 1778 482 1812 ut
511 1768 753 1823 solebant,
780 1765 1007 1819 confessi,
1034 1775 1328 1822 sumptoque
1358 1777 1692 1823 sacramento,
1719 1777 1935 1812 contem-

311 1845 403 1902 ptis
428 1845 567 1889 bonis
591 1843 813 1888 omnibus
838 1858 963 1899 quae
994 1843 1336 1898 possederant,
1366 1843 1478 1888 nudi
1512 1843 1573 1888 ad
1598 1843 1760 1888 crucis
1786 1843 1933 1888 uexil-

309 1922 407 1966 lum
452 1936 598 1977 quam
642 1919 874 1965 citissime
919 1918 1235 1963 aduolarunt.
1278 1918 1647 1975 Capucinorum
1692 1919 1835 1973 enim,
1882 1931 1933 1964 ut

310 1999 462 2055 uulgo
496 1997 827 2054 appellantur,
855 1995 1143 2051 religionem
1180 2005 1292 2041 sunt
1327 1996 1553 2052 ingressi;
1581 2012 1641 2041 ac
1670 2012 1729 2041 ne
1761 2012 1933 2053 paren·

309 2084 409 2120 tum
443 2073 688 2119 illecebris
722 2081 807 2117 aut
842 2072 982 2116 minis
1017 2072 1093 2116 uel
1129 2072 1402 2120 amicorum
1437 2073 1839 2128 persuasionibus
1869 2075 1932 2119 ab

309 2151 532 2196 instituto
568 2158 944 2203 reuocarentur,
972 2146 1270 2204 Syracusas,
1296 2150 1603 2194 commodius
1632 2150 1761 2206 quod
1796 2160 1933 2206 opta-

310 2230 429 2274 bant
453 2225 699 2280 effecturi,
727 2240 836 2270 sese
870 2236 1179 2280 receperunt.
1210 2224 1291 2269 Sit
1312 2225 1571 2270 Dominus
1595 2226 1646 2270 in
1670 2226 1753 2271 leis
1775 2227 1932 2272 omni-

310 2305 404 2350 bns
437 2303 745 2348 benedictus.

369 2382 411 2426 1³3.
479 2379 595 2425 Non
620 2377 792 2424 tacebo
811 2378 891 2422 lzic
910 2377 1066 2421 etlam
1085 2376 1222 2433 qnod
1236 2381 1398 2421 totam
1418 2381 1685 2434 acceptum
1708 2378 1932 2436 referen-

310 2459 434 2503 dum
459 2461 534 2502 est
555 2455 682 2507 Deo,
705 2468 820 2499 cnm
839 2454 957 2498 hinc
984 2455 1031 2497 in
1057 2452 1281 2497 Domino
1305 2454 1494 2498 laetari
1514 2454 1652 2499 Rda.
1675 2454 1818 2499 Ptas.
1841 2459 1933 2500 tua

311 2549 411 2580 non
443 2532 767 2578 mediocriter
784 2530 964 2586 possit.
992 2529 1136 2574 Duae
1162 2529 1493 2574 nobilissimae
1518 2531 1706 2586 pariter
1729 2540 1777 2575 et
1801 2530 1932 2575 ditis-

309 2612 463 2657 simae
488 2610 557 2666 (ut
582 2607 770 2664 accepi)
795 2621 1008 2661 sorores,
1037 2605 1268 2650 defuncto
1291 2606 1384 2650 iam
1405 2616 1546 2662 patre
1567 2607 1722 2662 (cuius
1742 2607 1931 2652 diuitia-

309 2704 417 2734 rum
451 2687 592 2743 copia
627 2700 753 2741 quae
787 2693 1070 2740 quantaque
1104 2682 1251 2727 fuerit
1286 2683 1443 2728 isthuc
1476 2683 1611 2729 fama
1645 2684 1932 2739 peruenisse

309 2764 545 2819 arbitror,
588 2777 698 2807 cum
741 2760 879 2805 isthic
913 2757 1080 2804 Sancti
1116 2757 1327 2814 Spiritus
1365 2759 1724 2804 xenodochium
1760 2776 1931 2805 earum

309 2841 559 2898 particeps
602 2839 753 2883 fuisse
798 2835 1027 2892 dicatur),
1073 2850 1185 2879 cum
1229 2850 1258 2880 a
1302 2835 1615 2881 nobilissimis
1659 2837 1932 2894 quibusque

310 2917 452 2962 huius
477 2915 616 2972 regni
637 2921 990 2971 appeterentur
1008 2926 1297 2967 summoque
1317 2912 1478 2957 studio
1497 2912 1542 2957 in
1563 2912 1931 2958 matrimonium

357 3090 375 3109 ἢ
426 3089 561 3125 Prius
580 3087 645 3122 uel
667 3086 714 3121 de
736 3084 900 3121 rebus...
921 3081 1158 3119 consulturi.

2042 702 2051 816 'l
