2051 3516
520 315 860 353 13.——SYRA(‘csls
889 314 927 350 11
953 313 1153 361 JANUARII
1182 313 1270 349 1557
1611 322 1652 347 ,η

79 413 317 459 ch'hanno
342 420 664 468 mormorato‚
692 426 813 457 sono
837 417 1020 455 venute
1044 409 1090 454 a]
1115 409 1326 465 collegio
1352 424 1379 453 a
1399 409 1704 454 dimandarci

78 490 397 548 perdonanza
421 498 469 535 et
503 489 541 534 si
572 505 694 534 sono
729 497 926 534 tornate
961 502 990 532 a
1025 486 1206 531 disdire
1241 501 1270 531 a
1304 486 1461 542 quelle
1496 501 1704 542 persone

76 583 169 613 con
195 569 238 613 le
262 568 407 624 quale
433 567 698 612 haueuano
722 573 1050 621 mormuratO,
1072 564 1118 609 di
1143 564 1305 620 quello
1330 564 1419 609 che
1443 563 1704 609 haueuano

78 646 208 691 dicto
232 652 248 672 ³
274 655 451 691 contra
473 644 505 689 il
529 643 756 701 collegio,

134 722 178 768 3.
243 722 281 767 Il
312 737 555 768 concurso
589 721 717 766 della
751 729 899 777 gente
933 720 1029 765 alle
1062 718 1295 775 prediche
1329 728 1376 765 et
1410 719 1707 764 confessioni

79 815 144 845 va
168 799 321 844 molto
346 799 522 857 inanzi,
549 807 597 844 et
621 798 849 843 massime
884 798 929 843 di
966 813 1175 855 persone
1205 796 1478 853 principali,
1512 796 1541 841 11
1576 795 1706 852 quali

79 886 399 923 monstranno
423 876 598 934 grand'
623 875 881 921 affettione
906 876 985 920 nel
1008 875 1193 932 Signor
1217 884 1389 920 nostro
1409 875 1455 919 al
1474 873 1704 931 collegio,

77 962 125 999 et
148 954 311 999 hanno
336 953 581 999 desiderio
607 953 1006 1010 d'augmentarlo
1030 969 1118 1009 per
1137 952 1294 996 hauer
1312 951 1392 1007 piu
1412 950 1578 1007 Padri3
1601 966 1708 1006 per-

47 1020 50 1022 *
78 1031 166 1076 che
192 1031 368 1076 vedino
392 1031 482 1076 che
505 1040 583 1077 tre
607 1030 883 1076 confessori
908 1030 997 1075 che
1022 1029 1084 1075 fin
1109 1030 1233 1074 hora
1257 1028 1413 1074 siamo
1444 1013 1576 1083 stati,
1612 1043 1708 1072 non

77 1108 272 1154 bastino
297 1124 326 1154 a
349 1108 595 1153 sodisfare
620 1108 718 1153 alla
741 1116 881 1153 terza
906 1116 1048 1163 parte
1073 1107 1149 1151 del
1168 1121 1412 1152 concurso
1432 1103 1707 1150 (1611100011-

77 1185 212 1231 tenti.

134 1263 176 1308 4.
237 1262 292 1308 In
317 1271 493 1319 questa
516 1262 645 1308 festa
670 1262 797 1308 della
827 1261 1049 1307 Natiuita
1085 1261 1163 1306 del
1195 1270 1367 1306 nostro
1401 1259 1633 1317 Signore‚
1668 1259 1708 1305 si

75 1356 197 1386 sono
221 1340 504 1386 confessate
529 1341 659 1386 nella
692 1349 865 1386 nostra
900 1340 1067 1386 chiesa
1101 1339 1237 1385 circa
1271 1338 1384 1384 duoi
1419 1347 1564 1384 cento
1599 1354 1705 1395 per-

76 1434 211 1464 sone.

135 1496 178 1543 5.
245 1495 317 1541 Le
341 1496 522 1542 deuote
545 1510 757 1552 persone
792 1495 810 1522 b
835 1496 925 1541 che
959 1495 1255 1541 concorrino
1289 1511 1319 1540 a
1352 1495 1645 1550 frequentas
1680 1493 1709 1538 li

77 1573 204 1619 soliti
230 1573 471 1619 essercitii
496 1573 624 1618 della
649 1571 980 1630 Compagnia,
1018 1573 1124 1618 cioe
1159 1571 1284 1618 (16116
1318 1572 1562 1629 frequenti
1597 1587 1708 1616 con-

79 1651 294 1708 fessioni,
347 1650 709 1704 communione,
763 1651 994 1707 prediche
1044 1660 1092 1696 et
1141 1650 1350 1706 lettioni‚
1404 1650 1710 1695 dimostrano

78 1728 271 1786 grande
296 1728 571 1774 mutatione
597 1729 725 1774 della
750 1729 854 1773 vita
884 1736 932 1774 et
956 1728 1335 1774 conuersatione
1370 1728 1493 1784 loro,
1529 1727 1711 1783 perche

78 1822 169 1851 ora
203 1806 245 1851 ci
281 1805 582 1858 accendenO,
617 1805 656 1850 si
682 1805 901 1851 inuitano
926 1806 1057 1851 l'una
1080 1821 1174 1851 con
1200 1805 1361 1851 l'altra
1386 1805 1482 1850 alle
1506 1805 1710 1850 diuotio-

80 1884 141 1940 ni,
169 1892 218 1929 et
241 1883 317 1929 chi
343 1886 440 1940 puo
466 1883 622 1928 tirare
648 1899 746 1928 vna
770 1883 815 1928 di
840 1899 972 1928 nouo
997 1883 1077 1928 alli
1102 1883 1362 1940 sopraditti
1398 1882 1654 1934 essercitii,
1682 1882 1711 1926 li

79 1977 199 2018 pare
223 1960 393 2006 hauer'
420 1961 546 2006 fatto
571 1967 586 1987 ⁰
608 1977 672 2005 vn
696 1976 825 2018 gran
851 1961 1138 2018 guadagno.

136 2038 177 2084 6.
241 2038 294 2083 In
334 2047 510 2095 questa
539 2037 662 2084 fiera
696 2039 756 2083 de
790 2047 936 2083 santa
972 2038 1144 2091 Lucia,
1181 2038 1324 2095 quale
1359 2038 1397 2083 si
1432 2038 1569 2082 suole
1603 2037 1711 2082 fare

79 2116 195 2173 ogni
220 2131 349 2162 anno
373 2115 419 2161 in
445 2125 620 2173 questa
643 2115 780 2173 citta,
806 2117 935 2162 nella
970 2117 1114 2172 quale
1149 2115 1446 2161 concorrino
1471 2114 1711 2160 mercanti

80 2194 125 2239 di
149 2193 333 2239 diuersi
357 2193 486 2250 parti
511 2193 556 2238 di
582 2203 754 2250 questo
781 2209 954 2251 regno,
987 2203 1036 2239 et
1069 2194 1262 2251 soglino
1296 2193 1482 2250 portar'
1519 2193 1712 2238 diuerse

78 2286 195 2316 cose
219 2271 359 2316 d'oro
384 2281 432 2317 et
457 2271 585 2316 varii
609 2271 711 2316 lissi
735 2287 823 2328 per
846 2271 961 2317 vani
987 2271 1264 2317 ornamenti
1299 2271 1345 2316 di
1380 2271 1525 2324 dona,
1560 2286 1648 2327 per
1682 2270 1712 2315 11

79 2349 169 2394 che
194 2357 366 2406 questo
391 2364 537 2403 anno,
566 2364 707 2394 come
731 2352 757 2393 e
782 2350 941 2405 solito,
969 2349 1233 2395 andauano
1259 2350 1301 2394 16
1325 2349 1556 2394 13116111116
1591 2357 1638 2393 et
1667 2348 1712 2394 le

80 2425 238 2471 donne
262 2441 350 2482 per
369 2426 614 2482 comprar'
641 2441 757 2471 cose
776 2427 936 2472 alloro
955 2426 1255 2483 necessarie,
1278 2436 1325 2472 et
1344 2425 1552 2471 essendo
1572 2425 1617 2470 al
1637 2441 1711 2470 so-

82 2503 165 2548 lito
190 2503 394 2549 inuitate
420 2503 535 2549 (13111
563 2503 683 2549 detti
716 2504 958 2550 mercanti
992 2519 1080 2560 per
1113 2504 1376 2560 comprar',
1415 2518 1554 2548 come
1588 2502 1710 2548 sole-

81 2596 227 2638 uano,
255 2581 533 2627 ornamenti
566 2590 615 2626 et
650 2597 843 2638 pompe,
882 2582 989 2626 loro
1024 2581 1388 2637 rispondeuano
1424 2580 1513 2624 che
1546 2579 1710 2624 hanno

81 2657 264 2703 lassate
289 2667 460 2715 queste
485 2673 601 2703 cose
626 2673 771 2713 vane,
798 2658 980 2714 perche
1006 2658 1034 2702 li
1066 2658 1221 2703 nostri
1256 2657 1404 2702 Padri
1439 2656 1484 2701 di
1518 2671 1607 2701 san
1632 2656 1709 2716 Jo-

81 2735 199 2790 seph
223 2750 318 2779 non
344 2735 545 2791 voglino
569 2735 659 2781 che
686 2736 874 2781 vsiamo
899 2736 978 2792 piu
1009 2744 1178 2791 queste
1214 2750 1344 2779 cose.
1381 2734 1400 2778 Ι
1434 2733 1553 2779 detti
1587 2749 1710 2779 mer-

82 2809 214 2855 canti
237 2811 276 2856 si
301 2811 652 2869 disperauano,
680 2821 727 2857 et
751 2812 793 2857 ci
819 2812 1196 2857 biastemauano
1227 2810 1588 2855 lamentandosi
1622 2810 1712 2856 che

84 2887 384 2933 l'habbiamo
408 2888 606 2935 ruinati.
633 2889 818 2946 Meglio
842 2889 1196 2935 hauerebbono
1222 2888 1356 2933 detto
1381 2887 1708 2944 guadagnati,

131 3090 148 3111 a
187 3084 324 3121 Prius
338 3085 530 3131 sparlato.
588 3106 609 3109 -
632 3085 650 3113 b
672 3085 768 3122 Hoc
785 3097 823 3122 v.
843 3085 983 3122 addit.
1001 3088 1137 3130 supra
1153 3095 1262 3122 vers.
1281 3084 1434 3121 eadem
1451 3096 1603 3122 manu.

83 3149 146 3171 -c
184 3143 276 3190 Seq.
297 3143 425 3181 hauer
441 3144 558 3183 oblz't.
