2051 3516
587 281 848 318 lL—-PRAGA
875 280 922 316 ‘20
948 280 1122 316 APRILIS
1152 280 1241 316 1:337
1616 282 1682 318 1713

96 378 234 435 ptati.
262 377 393 423 Dum
419 377 622 435 Pragae
647 386 1023 423 commorantur
1048 392 1138 421 rex
1163 392 1506 430 romanorum,
1529 393 1618 422 rex
1641 378 1728 421 Βο-

95 455 287 500 hemiae
312 457 324 479 ¹
351 464 399 500 et
423 471 513 500 rex
537 455 847 511 Hungariae‚
874 453 1060 499 factum
1097 463 1186 509 est,
1224 463 1278 499 ut
1311 463 1359 499 et
1394 454 1495 510 ipse
1532 455 1727 509 legatus

96 543 303 578 venetus
327 533 342 556 2
368 532 445 578 hic
468 532 681 583 adesset:
709 541 857 588 atque
882 531 950 576 ita
975 530 1186 587 primum
1212 531 1437 587 gauisus,
1465 532 1590 587 quod
1618 548 1729 587 quo-

96 609 211 654 tidie
235 618 403 665 posset
428 609 576 653 etiam
602 608 803 665 Pragae
827 608 873 652 in
908 607 1067 653 medio
1103 607 1320 653 ciuitatis
1355 608 1542 653 habere
1578 609 1729 664 quoti-

96 686 172 731 die
197 695 411 742 quatuor
435 694 521 730 aut
544 687 712 741 plures
743 685 934 739 missas,
973 693 1020 729 et
1054 684 1297 730 ecclesiae
1330 693 1649 730 sacramenta
1684 694 1731 729 et

97 764 302 820 reliqua,
330 779 425 808 non
450 779 594 808 secus
620 778 766 819 quam
791 762 829 807 si
856 762 901 807 in
927 763 1047 807 orbe
1074 763 1217 818 plane
1242 762 1513 807 christiano
1538 762 1726 814 fuisset;

96 841 295 886 tandem
320 856 433 886 cum
457 849 561 886 toto
585 856 674 885 suo
701 839 938 885 comitatu
965 848 1136 884 nostro
1161 839 1299 884 Patri
1319 840 1334 863 3
1359 838 1618 884 confessus
1637 848 1726 895 est,

97 928 247 974 atque
273 917 455 963 Christi
481 933 664 975 corpus
688 917 1089 963 communicauit.

153 996 196 1042 3.
263 994 456 1052 Tertio,
478 995 606 1040 idem
627 994 1158 1052 perfecitsecretarius
1180 994 1315 1051 regis
1334 996 1349 1018 ⁴
1370 1010 1481 1040 cum
1502 1010 1661 1040 uxore
1681 1004 1729 1040 et

95 1071 294 1118 famulis
333 1084 379 1118 et
414 1072 604 1129 reliqua
638 1071 840 1118 familia.
880 1071 1016 1116 Multi
1052 1071 1259 1128 denique
1292 1072 1481 1117 nobiles
1515 1088 1578 1117 ex
1614 1073 1730 1118 aula

97 1149 248 1206 regis,
285 1149 492 1206 hispani,
532 1149 650 1206 itali,
688 1148 822 1206 galli,
858 1148 1051 1205 flandri,
1089 1149 1333 1205 germani.
1371 1148 1505 1194 Inter
1529 1165 1726 1206 germa-

96 1243 186 1272 nos
210 1238 375 1272 autem
401 1226 645 1284 quaedam
671 1226 846 1271 nobilis
871 1235 1118 1282 matrona,
1146 1242 1291 1284 quae,
1319 1242 1430 1271 cum
1457 1226 1614 1272 tribus
1645 1242 1727 1272 an-

96 1305 169 1350 nis
194 1320 284 1349 usa
308 1314 439 1350 esset
462 1304 693 1350 conuictu
718 1303 963 1349 lutherani
994 1304 1170 1360 perditi
1205 1304 1459 1349 cuiusdam
1497 1304 1727 1350 conuictu

100 1381 224 1439 [sis]
251 1391 415 1427 tamen
440 1382 513 1427 his
537 1381 724 1438 diebus,
752 1381 949 1426 omnino
973 1380 1268 1426 confirmata
1294 1381 1339 1426 in
1366 1381 1459 1427 fide
1484 1382 1730 1427 catholica

96 1475 125 1504 a
149 1459 354 1505 doctore
378 1460 593 1516 quodam
618 1459 838 1516 hispano,
867 1459 1057 1504 decano
1082 1459 1337 1504 viennensi
1362 1460 1394 1516 ⁵,
1422 1460 1483 1504 ad
1509 1475 1597 1504 nos
1617 1475 1729 1504 con-

97 1537 310 1589 fessura,
338 1547 487 1594 atque
512 1538 700 1593 melius,
727 1537 766 1582 si
790 1553 913 1594 opus
937 1547 1082 1594 esset,
1112 1538 1415 1591 instruenda,
1457 1537 1604 1582 missa
1636 1549 1728 1582 est:

99 1630 245 1672 quam
285 1624 332 1660 et
372 1615 679 1671 repperimus
718 1626 902 1671 aptam,
945 1630 1074 1671 quae
1114 1614 1281 1660 statim
1321 1614 1729 1671 communicaret;

99 1692 227 1749 quod
253 1702 300 1738 et
324 1691 441 1738 fecit
475 1708 585 1737 cum
621 1692 838 1737 maximo
874 1692 1106 1737 nobilium
1142 1693 1382 1747 uirorum,
1418 1692 1595 1749 quibus
1630 1692 1733 1737 eius

98 1770 232 1815 salus
256 1785 409 1815 curae
434 1779 560 1825 erat,
597 1770 797 1827 gaudiO.
823 1770 988 1827 Atque
1023 1770 1092 1815 sic
1127 1779 1202 1815 est
1237 1769 1496 1815 Ecclesiae
1531 1770 1733 1815 catholi-

100 1863 190 1893 cae
215 1847 328 1901 iam,
356 1856 404 1892 et
427 1847 828 1892 xianissimorum
855 1847 959 1904 [sic]
988 1846 1234 1893 conuictui
1270 1847 1520 1892 restituta.

155 1925 199 1970 4.
266 1924 598 1970 Bohemorum
625 1925 819 1981 quidem
843 1934 891 1969 et
915 1925 1191 1970 incolarum
1215 1924 1541 1982 pragensium
1567 1924 1730 1981 pauci„

99 2002 184 2047 sed
209 2002 337 2047 inter
361 2018 446 2047 eos
469 2002 703 2059 nonnulli,
731 2002 827 2059 qui,
854 2003 968 2047 dum
994 2003 1232 2047 hactenus
1256 2004 1346 2048 sub
1381 2012 1594 2059 utraque
1630 2018 1733 2058 spe-

98 2079 172 2125 cie
211 2078 463 2133 Christum
502 2080 700 2137 uellent,
743 2095 871 2125 nunc
911 2080 973 2125 ad
1007 2080 1400 2126 communionem
1441 2080 1731 2125 christiano-

100 2156 440 2212 1·um‚‘scilicet
464 2158 553 2202 sub
578 2173 691 2209 una,
715 2156 984 2214 redierunt,
1014 2172 1134 2213 quos
1160 2156 1313 2202 Pater
1337 2157 1586 2202 Henricus
1615 2158 1628 2179 *³
1654 2172 1736 2201 au-

101 2234 220 2279 diuit
243 2234 530 2290 germanice
555 2233 860 2280 confitentes
900 2233 1087 2291 [Locus
1121 2235 1183 2280 de
1216 2235 1572 2291 poenitentia]
1610 2233 1735 2279 Con-

100 2312 217 2357 fessi
241 2312 285 2357 in
311 2328 504 2358 summa
528 2312 729 2358 fuerunt
752 2300 980 2369 trecenti,
1009 2313 1116 2369 plus
1140 2313 1317 2358 minus.

158 2389 201 2434 5.
268 2389 486 2435 Fructus
516 2398 683 2436 autem
717 2390 824 2446 quis
858 2389 1008 2436 fuerit
1031 2389 1143 2435 hinc
1167 2390 1372 2447 intelligi
1398 2399 1578 2446 potest,
1607 2389 1735 2445 quod

100 2467 321 2524 plerique
355 2476 459 2512 tota
497 2467 600 2513 uita
634 2484 729 2513 non
770 2467 977 2513 fuissent
1016 2467 1245 2522 confessi,
1284 2466 1511 2524 quamuis
1553 2466 1735 2511 iamdiu

101 2545 270 2602 adulti,
297 2545 378 2590 alii
403 2561 432 2590 a
456 2545 825 2602 septemdecim,
853 2545 932 2590 alii
958 2562 987 2591 a
1012 2561 1116 2596 sex,
1146 2545 1226 2591 alii
1262 2561 1290 2590 a
1325 2555 1557 2601 quatuor,
1597 2544 1678 2589 alii
1708 2560 1737 2589 a

151 2685 159 2703 ¹
212 2683 518 2733 Maximilianus
538 2683 587 2720 il.

148 2743 160 2762 ‘²
211 2743 248 2780 Is
268 2744 388 2780 fuisse
410 2743 569 2780 videtur
587 2743 742 2780 Paulus
762 2743 944 2791 Tiepolo.
965 2743 1028 2781 Cf.
1052 2744 1233 2786 ALssEffl,
1259 2742 1737 2788 [ecla-zion!deglz'Am-

103 2803 340 2840 basciatori
356 2805 500 2840 >veneti
516 2804 563 2840 al
580 2808 744 2847 senato,
766 2816 843 2840 ser.
870 2804 936 2844 La,
960 2803 1028 2844 ΙΙΙ,
1054 2804 1121 2839 143
1139 2817 1225 2850 sqq,

148 2864 161 2883 ³
212 2864 364 2899 Rector
390 2863 555 2910 collegii
583 2863 796 2910 pragensis
823 2870 917 2900 tunc
943 2864 1135 2910 temporis
1164 2869 1250 2898 erat
1282 2862 1325 2900 P.
1361 2862 1590 2900 Ursmarus
1621 2862 1738 2899 Gois-

103 2923 252 2960 sonius.

148 2983 161 3002 ⁴
211 2982 321 3019 Idem
342 2982 443 3019 forte
462 2983 529 3030 qui
550 2983 589 3019 in
609 2983 780 3030 epistola
800 2983 1059 3029 praecedenti
1077 2982 1222 3018 dicitur
1240 2981 1413 3019 Gamez.

150 3042 163 3061 ⁵
214 3042 289 3079 Dr.
311 3042 538 3089 Nogueras.
562 3042 626 3080 Cf.
648 3043 962 3089 praecedentem
985 3043 1103 3089 epist.
1148 3058 1159 3065 Ἀ

153 3102 166 3121 ⁶
216 3102 261 3139 Ρ.
283 3102 485 3138 Hem-icus
505 3102 757 3139 Blissemius.
