2051 3516
393 266 439 303 54
856 266 1073 304 LrirERAE
1100 265 1451 312 QUADRIMESTRES

350 362 690 419 transegisset,
734 363 1008 419 multosque
1047 363 1255 408 miseros
1294 362 1355 407 ad
1394 370 1601 419 peccata
1642 372 1967 419 prouocasset

349 439 582 496 homines,
610 440 656 484 in
679 449 851 486 nostra
876 440 1086 486 ecclesia
1104 440 1347 495 confessa,
1370 448 1562 484 tantum
1585 440 1727 485 abest
1751 448 1802 485 ut
1825 439 1871 485 in
1894 439 1967 485 his

351 516 529 563 diutius
563 517 903 574 perseuerarit
936 518 1080 574 uitiis,
1117 527 1167 563 ut
1202 517 1348 563 etiam
1381 516 1578 573 pietatis
1601 532 1754 574 opera
1776 533 1967 563 summo

348 593 508 639 studio
532 594 800 651 incoeperit
823 610 1077 640 exercere.

439 670 701 728 [Sequitur
723 671 869 717 aliud
890 672 1237 717 conversionis
1260 670 1592 728 exemplum.]

407 748 450 793 8.
518 748 611 793 Hic
634 748 855 806 relinquo
879 748 1074 805 pietatis
1099 747 1278 803 officia,
1301 762 1428 804 quae
1447 763 1477 793 a
1494 748 1736 793 nonnullis
1755 748 1969 805 quotidie

351 834 399 871 et
436 827 480 871 in
521 826 694 871 uiduas
733 835 781 871 et
819 826 865 870 in
899 826 1123 871 custodia
1160 825 1355 882 publica
1389 825 1628 881 detentos,
1665 826 1884 881 aliosque
1922 825 1968 870 id

352 919 508 960 genus
532 903 710 949 multos
735 912 1048 956 exercentur3
1075 918 1185 948 cum
1218 903 1353 948 multi
1386 918 1412 948 e
1446 902 1733 948 carceribus
1766 903 1970 959 publicis

351 980 424 1025 his
443 981 614 1026 diebus
637 989 923 1026 nostrorum
947 996 1100 1037 opera
1125 980 1399 1037 (pecuniam
1418 988 1582 1026 tamen
1602 979 1832 1025 nobilium
1853 996 1968 1025 non-

352 1058 494 1103 nullis
536 1057 878 1114 largientibus)
918 1057 1099 1103 fuerint
1137 1057 1346 1113 liberati3
1386 1057 1690 1114 paupercula
1728 1057 1970 1113 quaedam

352 1135 501 1192 uirgo
526 1134 866 1180 eleaemosinis
891 1134 1059 1180 adiuta
1083 1134 1434 1180 monasterium
1458 1134 1519 1179 sit
1542 1133 1786 1191 ingressa,
1813 1134 1894 1179 ubi
1918 1149 1970 1180 se

353 1220 508 1256 totam
533 1210 696 1256 diuino
721 1210 869 1256 cultui
893 1210 1246 1256 studiosissime
1275 1210 1441 1267 tradit3
1480 1210 1684 1267 aliisque
1713 1211 1969 1268 compluri-

352 1289 445 1334 bus
471 1288 639 1345 egenis
663 1289 956 1333 subuentum
981 1288 1153 1334 eadem
1178 1288 1369 1334 ratione
1391 1288 1554 1334 fuerit.

410 1366 452 1410 O.
519 1364 730 1410 Accedit
753 1365 899 1410 etiam
931 1365 1058 1420 quod
1092 1374 1374 1410 nostrorum
1411 1380 1602 1422 quoque
1632 1365 1833 1410 Patrum
1868 1380 1970 1411 cre-

354 1442 457 1487 bris
481 1441 892 1487 admonitionibus
916 1441 1111 1498 quidam
1135 1441 1371 1486 ducentos
1394 1441 1636 1498 elargitus
1666 1449 1739 1486 est
1773 1456 1968 1498 aureos,

354 1519 527 1576 quibus
561 1519 723 1575 puella
757 1519 998 1575 quaedam
1032 1518 1193 1575 uirgo,
1230 1533 1356 1575 quae
1389 1518 1435 1563 in
1470 1518 1685 1564 maximo
1709 1519 1972 1574 pudicitiae

354 1611 473 1640 suae
496 1596 797 1641 uersabatur
821 1594 1114 1651 discrimine,
1141 1595 1219 1641 uel
1242 1594 1594 1640 monasterium
1625 1595 1971 1652 ingrederetur

354 1673 567 1729 aliquod,
595 1672 672 1717 uel
697 1672 840 1717 alicui
864 1672 1069 1717 honesto
1094 1671 1201 1717 uiro
1225 1672 1536 1717 matrimonio
1560 1672 1864 1728 iungeretur.

443 1749 540 1795 Sed
567 1750 689 1794 haec
712 1749 833 1795 satis
857 1750 967 1805 sint,
994 1749 1133 1794 nimis
1156 1748 1282 1794 enim
1306 1749 1526 1806 prolixus
1552 1764 1725 1806 essem,
1747 1749 1786 1794 si
1810 1749 1973 1795 omnia

357 1828 418 1873 ad
442 1843 591 1873 unum
617 1841 879 1872 recensere
902 1825 1093 1872 uellem.

417 1905 484 1950 10.
552 1902 896 1949 Studiosorum
921 1919 1113 1960 quoque
1143 1903 1334 1948 fructus
1368 1903 1646 1949 uberrimus
1680 1911 1769 1958 est;
1803 1903 1848 1948 in
1882 1903 1972 1948 sin-

356 1981 484 2038 gulis
507 1980 686 2026 scholis
710 1980 923 2037 quotidie
947 1989 1245 2025 exercentur
1269 1978 1504 2036 discipuli,
1532 1994 1798 2037 eorumque
1822 1980 1974 2026 uariis

356 2059 511 2104 modis
534 2058 826 2103 excoluntur
850 2056 1011 2113 animi3
1039 2057 1084 2102 hi
1119 2056 1244 2102 enim
1278 2056 1495 2113 epistolis
1526 2056 1890 2113 componendis,
1927 2057 1973 2102 hi

357 2135 665 2181 orationibus
707 2133 1039 2190 lucubrandis,
1085 2133 1132 2179 hi
1175 2133 1473 2179 carminibus
1517 2133 1770 2190 aedendis,
1816 2149 1974 2190 neque

358 2213 502 2257 modo
542 2211 874 2267 conscribere,
916 2210 1000 2256 sed
1040 2210 1369 2267 pronunciare
1408 2210 1531 2255 haec
1574 2209 1767 2266 eadem,
1814 2210 1974 2266 quoad

356 2288 460 2334 fieri
504 2287 677 2344 possit,
725 2296 929 2332 uenuste
973 2286 1292 2332 contendunt:
1340 2301 1452 2331 nam
1497 2286 1646 2331 certis
1685 2286 1974 2343 quibusdam

359 2365 527 2410 diebus
551 2366 622 2420 (ut
646 2373 876 2409 coeteros
910 2363 1104 2408 interim
1139 2363 1330 2409 silentio
1364 2363 1712 2419 praeteream),
1749 2364 1973 2420 eloquen-

357 2442 454 2487 tiae
489 2441 736 2487 candidati
771 2441 1038 2498 orationes,
1075 2440 1361 2486 conuocatis
1395 2440 1686 2497 quibusdam
1715 2441 1792 2485 uel
1823 2440 1974 2486 affini-

358 2520 447 2563 bus
472 2519 547 2563 uel
573 2518 745 2564 amicis
769 2518 840 2574 (ut
865 2517 951 2574 fit),
979 2518 1170 2574 publice
1193 2517 1240 2563 in
1264 2518 1443 2575 templo
1466 2526 1606 2563 tanta
1635 2526 1894 2564 uenustate
1928 2528 1976 2564 et

359 2595 483 2640 adeo
508 2595 791 2652 compositis
815 2595 1038 2651 corporis
1063 2595 1283 2652 gestibus
1306 2595 1503 2652 habent,
1525 2604 1577 2640 ut
1595 2604 1643 2640 et
1666 2604 1906 2651 cognatos
1929 2596 1975 2641 in

360 2672 625 2717 maximam
645 2687 782 2729 spem
802 2681 849 2717 et
874 2672 1088 2729 reliquos
1112 2672 1157 2717 in
1176 2687 1416 2717 summam
1440 2671 1670 2718 inducant
1693 2671 1973 2718 admiratio-

359 2763 484 2802 nem3
512 2758 559 2794 et
584 2765 645 2794 ex
668 2748 850 2794 nostris
874 2748 1121 2805 discipulis
1145 2749 1338 2805 quidam
1365 2764 1474 2794 cum
1504 2749 1549 2794 in
1583 2748 1710 2794 festo
1744 2748 1973 2794 Innocen-

362 2834 462 2869 tum
497 2825 555 2869 de
590 2825 898 2871 innocentiae
929 2825 1154 2870 laudibus
1178 2825 1223 2870 in
1248 2826 1429 2881 templo
1453 2825 1657 2870 haberet
1679 2825 1972 2876 orationem,

359 2909 614 2957 spectante
638 2910 779 2957 patre
803 2910 851 2946 et
873 2916 968 2946 non
992 2901 1160 2957 paucis
1185 2901 1401 2947 eiusdem
1424 2900 1706 2958 propinquis
1730 2915 1789 2945 ac
1813 2901 1974 2947 dome-

361 2977 509 3027 sticis,
543 2977 608 3021 ita
639 2992 691 3022 se
715 2978 884 3032 gessit,
911 2987 962 3022 ut
987 2978 1200 3023 oratoris
1224 2978 1474 3034 proprium
1497 2992 1672 3022 munus
1694 2977 1757 3022 ab
1781 2977 1888 3022 aliis
1912 2977 1973 3022 di-

368 3062 564 3098 ceretur
589 3062 877 3110 exequutus,
905 3062 1095 3111 patrem
1119 3054 1244 3099 enim
1267 3054 1312 3100 in
1337 3054 1620 3111 lachrymas
1642 3053 1845 3099 induxit.
