2051 3516
407 266 478 301 914
873 269 1090 306 LITTERAE
1117 271 1472 316 QUADmMESTREs

363 361 662 406 drimestres
694 364 923 409 nondum
956 366 1271 423 scripserim,
1298 371 1346 411 et
1376 367 1423 412 T.
1461 368 1525 413 R.
1563 373 1739 414 utnon
1765 383 1974 427 nouum,

365 438 437 482 ita
462 437 608 495 forte
645 440 949 499 taediosum,
986 456 1146 499 quare
1183 443 1413 501 officiose
1451 449 1619 490 tacere
1656 446 1834 493 malui.
1876 446 1982 491 Sed

364 529 512 559 unum
546 517 719 561 tamen
755 522 772 543 ⁸
806 516 898 562 hoc
932 518 977 563 in
1012 534 1198 576 genere
1236 518 1417 566 dictum
1456 522 1614 579 cupiO,
1650 522 1688 567 si
1723 523 1833 579 quid
1866 523 1977 568 boni

364 590 501 647 quod
516 592 815 647 pauxillum
838 594 900 639 de
923 594 1142 641 Boemz'cz
1164 596 1387 642 scribere
1411 597 1624 643 maxime
1648 599 1785 656 ueliS,
1807 599 1890 644 uix
1913 599 1979 644 in-

364 667 553 722 uenias3
580 667 618 713 si
643 669 756 724 quid
780 671 910 728 mali,
939 671 1066 727 quod
1091 673 1295 718 multum
1325 684 1413 732 est,
1442 674 1704 720 difficulter
1729 675 1863 732 ueliS,
1891 677 1979 723 nisi

366 745 459 790 hoc
482 745 663 791 iccirco
696 747 834 802 uelis,
863 756 913 793 ut
937 748 1095 794 lector
1128 749 1208 795 uel
1241 750 1435 796 auditor
1468 762 1650 809 quanto
1674 768 1783 798 eam
1807 754 1978 811 depra-

367 821 609 867 uatiorem
645 822 889 880 intelligit,
926 833 1064 870 tanto
1098 825 1373 872 feruentius
1406 843 1497 884 pro
1532 844 1590 873 ea
1625 829 1839 875 uicissim
1874 846 1981 876 ora-

365 913 420 943 re
454 898 587 944 uelit.
628 898 736 944 Sed
765 900 876 946 dico
910 902 1119 948 tandem
1153 903 1370 962 aliquid,
1407 909 1455 950 et
1485 906 1577 950 lzoc
1610 906 1721 952 dico
1759 907 1986 953 dolenter

362 974 621 1032 gaudens,
648 976 785 1033 quod
809 976 828 1003 ¹³
851 988 1022 1023 euntes
1054 978 1190 1025 ibant
1223 989 1270 1026 et
1303 980 1485 1027 flebant
1518 982 1764 1028 mittentes
1797 984 1983 1030 semina

368 1065 474 1106 sua,
502 1051 586 1096 sed
607 1052 819 1097 nondum
839 1053 1056 1112 ueniunt,
1078 1071 1168 1112 pro
1187 1056 1344 1114 dolor,
1367 1057 1445 1113 qui
1465 1059 1650 1114 possint
1668 1075 1984 1116 congregare

368 1126 414 1171 in
438 1126 620 1173 horrea
644 1129 674 1184 1;
702 1129 831 1184 quod
866 1129 1047 1176 iccirco
1072 1131 1180 1177 dico
1206 1133 1317 1189 quia
1352 1149 1462 1179 cum
1497 1135 1750 1181 uolucrem
1776 1151 1835 1182 ea
1860 1152 1984 1193 quae

369 1203 442 1248 his
466 1213 680 1261 quatuor
704 1206 952 1253 mensibus
975 1207 1052 1253 hic
1076 1209 1348 1268 contigere,
1374 1211 1481 1268 legi
1500 1210 1616 1267 (sed
1635 1214 1771 1258 malo
1795 1215 1985 1271 omine)

369 1280 608 1337 diligenti
637 1282 961 1329 solicitudine
989 1290 1339 1343 pernotatum,
1366 1288 1593 1335 duarum
1631 1294 1833 1336 tmztztm
1868 1296 1982 1348 per-

369 1370 619 1403 sonarum
652 1359 744 1403 lioc
777 1364 823 1404 et
856 1360 939 1406 illo
971 1366 1200 1418 temfzpore
1224 1370 1239 1390 ⁰
1267 1363 1600 1411 confessiones
1633 1376 1829 1412 nostros
1853 1368 1983 1413 audi-

371 1433 500 1479 uisse
530 1433 564 1479 d.
592 1434 666 1480 De
701 1451 778 1480 me
812 1436 904 1482 hoc
937 1438 1039 1483 scio
1062 1446 1078 1466 Ε
1100 1440 1227 1496 quod
1254 1442 1394 1486 vnius
1419 1451 1610 1488 tantum
1636 1444 1852 1490 mulieris
1875 1460 1985 1490 con-

373 1510 637 1556 fessionem
671 1511 716 1556 in
750 1511 877 1558 festo
900 1513 951 1559 S.
978 1515 1284 1562 Katherinae
1308 1519 1604 1576 exceperim,
1632 1521 1840 1566 duarum
1866 1538 1986 1567 uero

374 1587 581 1632 aliarum
605 1603 665 1633 ac
685 1589 890 1635 duorum
914 1591 1027 1636 item
1052 1594 1386 1640 masculorum
1411 1595 1457 1641 in
1481 1596 1653 1653 vigilia
1688 1599 1866 1643 natalis
1889 1598 1986 1644 Do-

372 1663 503 1721 mini,
526 1664 605 1720 qui
629 1665 862 1722 manipuli
888 1676 937 1712 ut
961 1668 1063 1713 rari
1087 1669 1155 1715 ita
1179 1671 1318 1717 nobis
1342 1682 1454 1719 sunt
1477 1673 1631 1731 chari,
1653 1675 1737 1720 sed
1764 1690 1987 1721 romano-

374 1755 481 1786 rum
508 1740 711 1786 Patrum
744 1741 924 1788 famem
958 1744 1081 1790 haec
1115 1756 1287 1793 nostra
1321 1748 1584 1806 frugalitas
1618 1751 1810 1797 minime
1843 1753 1988 1798 satia—

375 1826 466 1862 ret.
509 1816 812 1874 Sparserunt
851 1835 941 1866 sua
978 1822 1166 1868 semina
1200 1825 1354 1870 nostri
1389 1835 1437 1871 et
1469 1828 1624 1872 uerbo
1658 1837 1707 1874 et
1745 1831 1987 1886 exemplo,

375 1909 494 1939 sane
517 1905 750 1951 quantum
769 1899 1119 1954 pergratiam
1143 1899 1153 1926 f
1185 1900 1288 1946 fieri
1312 1904 1483 1960 potuit;
1511 1905 1595 1949 sed
1629 1906 1741 1961 quid
1766 1906 1987 1965 colligaS,

377 1986 577 2027 quaeso,
614 1971 695 2016 ubi
730 1973 887 2018 uerba
921 1975 1034 2031 quia
1068 1991 1190 2022 uera
1224 1978 1331 2024 ideo
1365 1979 1580 2037 ingrata,
1615 1984 1843 2039 exempla
1877 1984 1991 2040 quia

376 2047 644 2093 christiana
669 2048 776 2094 ideo
800 2049 894 2095 sint
917 2050 1246 2108 hypocritica?

453 2124 497 2170 3.
563 2124 877 2172 Transeunte
920 2127 985 2173 M.
1027 2129 1256 2176 Hurtado
1296 2148 1383 2189 per
1425 2135 1670 2190 publicum
1715 2137 1988 2192 macellum,

377 2202 694 2247 exclamabat
718 2203 929 2259 quidam:
956 2205 1050 2251 huc
1074 2222 1238 2260 caneS,
1267 2209 1434 2268 inquit,
1461 2211 1555 2257 huc
1578 2228 1742 2270 canes,
1771 2213 1883 2269 quia
1913 2229 1990 2259 ue-

378 2278 606 2324 nabimur
639 2279 791 2336 lupos.
822 2279 1216 2329 Transeuntibus
1250 2286 1485 2334 Floriano
1520 2304 1579 2334 ac
1613 2305 1704 2346 me,
1741 2291 1861 2336 dixit
1895 2292 1991 2347 qui-

380 2355 505 2400 dam:
532 2355 718 2400 utinam
753 2355 830 2402 isti
864 2359 1016 2404 semel
1049 2362 1483 2422 suspenderentur;
1520 2366 1596 2411 cui
1631 2382 1744 2411 mox
1779 2367 1919 2421 alius,
1947 2379 1992 2412 et

380 2441 431 2477 tu
456 2432 584 2489 quid,
613 2448 814 2489 quaeso,
841 2435 904 2479 ad
926 2435 1019 2481 hoc
1043 2437 1321 2485 conferres?
1344 2440 1614 2498 Respondit
1638 2443 1732 2488 ille:
1755 2460 1901 2489 unum
1928 2445 1988 2489 la-

381 2524 557 2565 queum
581 2509 822 2565 profecto,
850 2509 901 2556 Si
938 2512 1043 2569 quis
1066 2514 1182 2560 uelit
1206 2516 1352 2562 etiam
1376 2518 1507 2575 apud
1531 2519 1803 2568 catholicos
1832 2522 1990 2567 conui-

380 2599 495 2630 uam
529 2600 700 2642 agere,
734 2602 845 2632 eum
880 2588 1170 2636 instructum
1203 2607 1312 2638 esse
1345 2605 1555 2653 oportet,
1593 2598 1835 2653 quomodo
1868 2614 1992 2643 sum-

382 2675 512 2706 mum
538 2661 812 2718 pontificem
838 2665 1084 2723 defendat;
1111 2683 1264 2724 usque
1287 2670 1414 2716 adeo
1443 2672 1520 2718 hic
1544 2688 1725 2729 magna
1750 2684 1823 2719 est
1846 2685 1893 2721 et
1917 2676 1992 2721 de-

428 2826 448 2845 *
486 2826 549 2864 De
564 2826 744 2865 Boemia.
798 2828 864 2856 —b
884 2831 1008 2867 nostri
1023 2831 1196 2878 quidem.
1241 2841 1303 2861 -c
1324 2847 1543 2881 paucorum
1558 2837 1783 2876 admodum.
1830 2840 1894 2866 —d
1915 2841 1994 2877 ani-

383 2885 606 2923 maduerto.
661 2894 722 2915 -e
755 2888 838 2934 (qui
857 2902 986 2936 nuper
1003 2891 1079 2928 huc
1098 2892 1219 2937 veni).
1273 2894 1330 2920 —f
1368 2906 1457 2932 cum
1477 2897 1610 2942 gratia
1630 2896 1721 2935 Dei.

434 3042 443 3061 ¹
496 3040 558 3078 Cf.
582 3041 646 3079 ΡΞ.
670 3041 846 3086 CXXV,
868 3045 901 3082 f).
