2051 3516
537 301 851 354 42.‡]‘0RxAco
877 301 923 338 20
950 301 1124 338 Amans
1157 301 1243 337 1337
1597 304 1662 341 177

80 412 265 445 manos
286 411 373 444 ore
392 400 608 455 proprio
633 399 1042 445 taciturnitatem
1064 398 1344 454 suppleret.
1383 399 1526 444 Idem
1561 407 1708 457 expe-

80 476 283 522 ctabam
302 490 334 521 a
357 475 469 522 [3³¹0
492 476 553 521 P.
580 477 814 522 Adriano
833 476 1073 521 Adriani.
1100 475 1239 531 Ipsis
1257 476 1395 520 enim
1414 480 1606 521 statum
1627 491 1708 521 no-

79 558 246 599 strum
284 557 332 598 et
368 553 420 598 z'n
460 553 763 610 infirmitate
796 557 844 598 et
876 557 998 609 post
1032 552 1213 608 sepius
1250 552 1433 598 litteris
1462 553 1708 610 patefeci.

79 630 368 686 Propterea
390 630 453 675 de
476 631 667 687 multis,
695 645 790 688 que
814 631 921 675 tam
945 643 1046 675 non
1070 633 1354 686 occurrent,
1382 635 1426 673 et
1448 629 1510 674 cle
1528 630 1713 688 foele'cc'

78 707 304 753 transitu
338 707 562 753 Patrum
596 707 999 760 tornacensium,
1037 706 1221 764 quibus
1257 720 1412 764 usque
1447 707 1518 752 ad
1549 712 1709 752 extre-

81 798 224 830 mum
262 784 549 830 anhelitum
587 788 922 831 sacramenta
960 784 1303 829 nn'nistraudo
1344 784 1513 842 adfui,
1551 798 1713 830 causa

79 861 350 907 breuitatis
372 863 564 908 onu'tto.

140 939 181 985 2.
248 939 462 997 Agimus
486 954 622 985 nunc
646 940 808 986 adhuc
840 939 885 984 in
911 939 1058 985 domo
1092 949 1332 985 consueta
1367 939 1480 996 (que
1515 940 1711 985 canoni-

80 1033 253 1063 corum
278 1018 387 1074 est),
423 1017 644 1063 Tornaci
678 1033 789 1063 cum
825 1017 1016 1062 duobus
1050 1017 1290 1062 fratribus
1325 1019 1356 1061 ¹.
1397 1017 1485 1062 Est
1520 1033 1713 1063 mecum

81 1095 143 1140 ad
167 1103 361 1151 tempus
391 1094 589 1152 quidam
624 1095 718 1141 Mr.
756 1094 993 1140 Nicolaus
1027 1095 1418 1150 camb1·onensiS‚
1455 1095 1532 1140 cui
1565 1095 1713 1140 locuti

80 1180 193 1217 sunt
217 1171 299 1218 Pr.
326 1171 507 1217 Petrus
531 1171 855 1218 Ribadineira
889 1183 1005 1217 ante
1029 1187 1171 1218 suum
1197 1172 1467 1217 discessum
1492 1182 1539 1218 et
1564 1173 1713 1218 etiam

81 1249 162 1294 Pr.
190 1249 444 1295 Adrianus
468 1249 685 1307 Adriani3
712 1250 791 1295 hic
815 1250 961 1295 factis
985 1249 1115 1306 apud
1140 1265 1229 1295 nos
1254 1250 1519 1306 exercitiis,
1547 1248 1712 1296 Socie—

80 1326 170 1372 tati
193 1342 247 1372 se
270 1327 507 1373 adiunxit.
537 1327 685 1385 Cupit
707 1328 780 1373 ire
804 1328 1032 1383 Romam,
1060 1337 1114 1373 vt
1138 1339 1305 1373 notum
1329 1337 1404 1373 est
1427 1332 1448 1353 *Ἰ
1480 1328 1714 1374 Patribus

81 1405 330 1463 predictis,
356 1406 442 1451 sed
468 1421 702 1462 cuperem
726 1405 930 1451 differre
954 1405 1112 1451 donec
1137 1406 1383 1451 rescribat
1416 1406 1476 1451 R.
1516 1406 1597 1462 V),
1625 1406 1714 1451 nisi

80 1483 178 1528 alia
203 1484 403 1529 occasio
428 1494 515 1529 aut
540 1484 864 1530 commoditas
888 1499 940 1530 se
965 1484 1216 1529 obtulerit.

137 1560 181 1606 3.
247 1561 397 1607 Breui
421 1562 686 1618 migraturi
710 1572 879 1608 sumus
903 1562 948 1607 in
972 1562 1263 1618 parochiam
1295 1562 1383 1607 Sti.
1412 1561 1594 1615 Iacobi‚
1633 1563 1713 1607 vbi

83 1637 243 1683 frater
287 1640 519 1685 carnalis
563 1640 640 1697 pie
683 1639 921 1685 memorie
964 1639 1018 1685 P.
1061 1639 1305 1684 Bernardi
1351 1649 1424 1685 est
1462 1641 1716 1696 proprius

80 1725 268 1772 pastor,
294 1716 341 1761 in
365 1716 504 1762 cuius
530 1717 743 1763 ecclesia
768 1717 1039 1774 parochiali
1076 1726 1254 1774 parata
1288 1728 1361 1762 est
1396 1717 1537 1762 nobis
1572 1733 1713 1773 egre-

81 1792 165 1849 gia
188 1794 398 1850 capella,
425 1794 606 1840 nostris
631 1794 882 1840 exercitiis
909 1794 1053 1840 valde
1072 1794 1399 1839 accommoda
1418 1795 1448 1839 ².
1475 1793 1715 1840 Preterea

80 1870 127 1915 in
151 1871 324 1916 eadem
351 1871 591 1928 parochia
614 1871 806 1917 habitat
831 1872 1039 1928 quedam
1064 1872 1240 1917 nobilis
1270 1871 1470 1916 domina
1505 1872 1713 1917 comitis-

80 1963 136 1994 sa
159 1948 219 1994 de
243 1949 404 2006 Ligne
429 1949 594 2008 vidua,
623 1965 716 2006 que
741 1950 880 1995 nobis
904 1965 1021 2006 sepe
1041 1948 1305 1995 confitetur
1325 1965 1433 1994 cum
1454 1961 1558 1994 tota
1577 1949 1713 1995 fami-

82 2025 145 2071 lia
179 2041 286 2083 sua,
325 2027 496 2083 paucis
531 2027 769 2084 exceptis,
813 2043 907 2084 que
942 2027 1089 2073 etiam
1126 2027 1486 2072 conducticiam
1521 2027 1715 2073 domum

82 2103 222 2148 nobis
246 2104 408 2161 gratis
431 2114 595 2160 parat,
623 2119 735 2150 cum
759 2104 888 2149 omni
911 2104 1008 2149 alio
1038 2104 1304 2161 temporali
1340 2104 1574 2149 subsidio.
1612 2104 1713 2149 Imo

81 2181 119 2226 si
145 2196 227 2226 res
260 2181 504 2239 exigeret,
541 2198 688 2239 spero
722 2183 852 2239 quod
885 2183 1026 2228 nobis
1060 2183 1288 2228 libentius
1323 2192 1529 2228 emeret.
1568 2183 1713 2227 Dedit

80 2258 221 2304 huius
244 2259 428 2316 negotii
453 2259 852 2305 commissionem
882 2260 1075 2305 cuidam
1110 2260 1257 2305 nobili
1293 2260 1491 2305 domino
1528 2260 1712 2305 tantm-i

80 2345 268 2395 nostro,
301 2346 355 2382 vt
388 2337 434 2382 id
468 2337 731 2394 diligenter
765 2337 997 2394 expediat
1031 2341 1091 2384 ad
1126 2347 1347 2383 nostram
1383 2339 1712 2383 omnimodam

81 2415 485 2461 commoditatem
510 2416 544 2459 3.

128 2565 147 2583 '⁰²
197 2565 312 2602 Add.
333 2570 472 2612 supra
491 2577 600 2602 veis.
622 2566 701 2603 lzoc
718 2577 756 2603 v.
780 2566 934 2604 eadem
956 2578 1108 2605 nfzanu.

130 2710 138 2729 ¹
195 2709 394 2756 «Agimus
413 2722 518 2747 nunc
538 2710 577 2746 in
597 2710 787 2757 parochia
807 2709 881 2747 Sti.
903 2710 1049 2753 Iacobi,
1072 2711 1261 2753 Tornaci,
1285 2711 1345 2746 vbi
1376 2710 1559 2757 proprius
1581 2716 1717 2757 pastor

81 2775 142 2806 est
161 2770 286 2806 frater
304 2782 526 2817 germanus
545 2770 609 2817 pie
629 2771 823 2807 memorie
843 2770 886 2807 P.
910 2770 1109 2807 Bernardi
1131 2770 1314 2807 Oliverii.
1340 2769 1411 2806 Est
1431 2783 1587 2806 mecum
1611 2778 1715 2815 (cum

81 2830 160 2866 alio
179 2829 283 2867 laico
302 2829 468 2871 famulo)
489 2831 686 2877 magister
705 2830 899 2867 Nicolaus
917 2831 966 2867 de
987 2825 1233 2868 Cambrona.
1247 2847 1255 2857 ψ
1280 2829 1331 2866 Β.

128 2890 142 2909 ²
192 2889 257 2927 Cf.
278 2895 415 2927 annot.
437 2890 626 2937 praeced.

128 2950 141 2969 ³
195 2949 302 2986 «Ista
317 2950 532 2995 [comitissa
550 2950 600 2987 de
620 2950 767 2997 Ligne]
790 2951 979 2987 conduxit
999 2951 1112 2987 nohis
1132 2950 1292 2986 domum
1321 2950 1498 2997 amplam
1527 2955 1566 2986 et
1595 2951 1713 2987 valde

82 3009 332 3045 commodam
366 3009 478 3046 iuxta
513 3010 729 3046 ecclesiam
765 3015 900 3046 nostre
937 3010 1170 3056 parochie...
1208 3008 1252 3044 In
1284 3009 1459 3045 ecclesia
1494 3010 1715 3056 parochiali

83 3069 205 3105 etiam
224 3069 353 3106 habeo
373 3070 573 3116 capellam
593 3070 820 3116 egregiam,
842 3070 989 3106 nostris
1010 3070 1106 3105 satis
1126 3069 1452 3114 conuenientem,
1483 3069 1523 3105 in
1551 3082 1630 3116 qua
1657 3083 1716 3106 sa-

83 3133 291 3165 cramenta
309 3128 495 3166 fidelibus
515 3130 746 3166 ministrare
765 3130 914 3165 soleo.»
938 3129 990 3165 B.

226 3211 393 3239 LiTTERAE
417 3211 713 3244 QUADRlMESTRES.
736 3211 825 3238 TOM.
850 3212 886 3239 V.
1579 3212 1611 3241 12
