2051 3516
346 285 415 319 438
811 285 965 321 [sm-Ei<
975 297 996 321 Α
1005 297 1028 321 13
1055 284 1146 329 Qua
1155 294 1410 319 DmMES‘rREs

299 381 411 423 dum
438 380 709 424 reuerende
732 380 900 437 Pater,
922 380 1134 425 infelicia
1159 389 1386 434 tempora
1410 387 1617 433 sequuta
1641 387 1767 429 sunt,
1790 384 1917 433 quae

298 456 425 500 hanc
448 455 702 511 epistolam
728 457 954 501 nunciam
979 456 1203 501 fecerunt
1229 455 1386 499 luctus
1411 455 1570 509 potius
1595 469 1739 510 quam
1764 454 1916 498 fortu-

299 548 491 578 narum.
530 531 711 587 Primo,
749 543 939 578 aestate
974 534 1184 586 ineunte,
1222 530 1323 575 rari
1359 531 1553 586 quidam
1589 530 1762 585 morbi,
1801 545 1918 574 rara

298 608 499 653 affectio
534 624 796 664 corporum
822 609 1059 653 humanas
1097 608 1224 652 vires
1248 607 1513 651 insensibili
1544 607 1753 661 langore
1788 606 1916 651 disti-

299 684 494 729 nebant.
522 684 732 729 Nativus
757 685 972 741 regionis
998 694 1162 728 aestus
1188 683 1399 727 formido
1425 693 1532 727 erat
1558 682 1914 727 laborantibus.

295 760 374 805 Ad
399 760 526 805 hunc
550 761 888 806 declinandum
913 761 1096 806 fratres
1121 760 1272 804 nostri
1292 749 1644 815 Magdalenam
1670 761 1681 783 ¹
1709 759 1917 803 diuerte—

299 848 424 893 runt‚
453 838 612 882 locum
647 838 1045 883 amoenissimum
1081 853 1137 882 ac
1173 836 1570 882 saluberrimum:
1599 836 1747 880 distat
1782 836 1821 880 is
1856 837 1918 881 ab

299 915 418 959 urbe
452 914 600 959 millia
634 930 867 970 passuum
902 915 1071 960 decem
1107 924 1155 958 et
1190 923 1317 958 octo.
1345 912 1456 957 Huc
1489 912 1594 958 seni
1618 912 1918 957 secedebant

296 1001 382 1036 aut
406 992 552 1047 quini,
581 992 625 1036 in
649 993 886 1037 sumenda
920 993 1081 1048 quiete
1114 1002 1162 1035 ‘et
1199 990 1508 1035 recreatione
1541 989 1814 1034 animorum
1838 989 1917 1034 alii

296 1068 403 1112 aliis
448 1069 785 1113 succedentes.
827 1068 1144 1124 Respiratum
1185 1068 1486 1122 aliquantum
1528 1077 1616 1111 est:
1659 1066 1918 1122 multisque

294 1145 455 1189 adhuc
489 1144 664 1189 aderat
700 1145 929 1189 valetudo
970 1145 1180 1200 integra,
1219 1143 1387 1199 paucis
1422 1142 1631 1194 affecta;
1669 1157 1779 1186 cum
1814 1157 1916 1187 sae-

299 1221 483 1266 uientes
508 1221 666 1266 morbi
691 1237 788 1266 una
813 1237 924 1266 cum
948 1222 1204 1266 caniculae
1240 1220 1423 1264 ardore
1451 1220 1599 1264 veluti
1623 1219 1786 1264 emissi
1811 1234 1917 1263 car-

292 1299 491 1343 ceribus
516 1313 748 1353 magnam
772 1307 994 1354 stragem
1021 1298 1291 1342 ediderunt.
1320 1297 1460 1341 Tunc
1485 1296 1667 1351 passim
1688 1306 1918 1352 aegrota-

296 1375 335 1420 ri
360 1386 603 1431 coeptum:
625 1390 865 1431 nemoque
890 1390 1041 1431 prope
1066 1374 1154 1419 fuit
1178 1373 1255 1430 qui
1281 1389 1377 1418 non
1403 1374 1566 1429 plures
1592 1373 1693 1417 dies
1717 1372 1919 1417 misera-

296 1452 458 1497 biliter
495 1450 721 1508 jacuerit3
758 1467 915 1507 eoque
948 1452 1173 1495 dolorum
1214 1449 1431 1506 (Christo
1466 1449 1676 1506 gratias)
1718 1458 1918 1494 ventum

294 1538 385 1581 est,
413 1537 465 1572 ut
488 1527 659 1572 fratris
685 1527 824 1572 vnius
850 1527 1151 1582 patrumque
1185 1526 1395 1570 duorum
1430 1526 1608 1570 funera
1636 1525 1914 1571 viderimus,

298 1603 490 1649 Primus
512 1603 545 1648 f.
572 1603 790 1662 Joannes
815 1605 846 1660 ²,
875 1603 1149 1658 coadiutor‚
1174 1603 1474 1659 Magdalena
1499 1618 1730 1647 reuersus
1751 1603 1915 1658 impel-

298 1681 426 1726 lente
459 1682 651 1737 morbo,
678 1681 851 1726 eodem
886 1690 1149 1737 superatus
1185 1690 1273 1725 est.
1302 1679 1550 1736 Sequutus
1583 1680 1710 1724 hunc
1744 1679 1919 1725 doctor

297 1755 511 1814 Salinas,
538 1757 733 1812 collegii
757 1757 911 1802 nostri
937 1766 1120 1812 rector,
1143 1773 1283 1813 quem
1309 1772 1472 1801 annua
1498 1771 1650 1812 prope
1675 1765 1919 1813 quartana

296 1850 391 1879 non
417 1843 529 1879 ante
554 1834 749 1886 dimisit,
777 1850 921 1890 quam
956 1834 1062 1878 aliis
1097 1849 1158 1878 ex
1193 1850 1251 1878 eo
1284 1834 1419 1878 fonte
1454 1834 1705 1879 doloribus
1729 1844 1920 1879 tenere-

297 1921 393 1957 tur.
421 1911 771 1967 Magdalenam
797 1921 1115 1956 concesserat
1145 1910 1361 1955 firmiore
1394 1909 1495 1967 jam
1530 1911 1827 1965 valetudine,
1856 1910 1919 1955 ibi

299 1987 412 2033 dum
447 1988 694 2044 integram
729 1988 937 2032 salutem
973 1996 1157 2043 sperat,
1185 1988 1413 2043 grauiter
1452 1996 1712 2042 correptus
1747 1997 1835 2046 est,
1873 1987 1919 2031 in

295 2065 675 2121 proximumque
701 2065 926 2120 oppidum
954 2064 1174 2109 Xarahiz
1200 2064 1371 2109 salutis
1397 2064 1563 2120 gratia
1587 2064 1795 2109 delatus.
1823 2064 1919 2109 Vbi

296 2158 407 2187 cum
432 2143 511 2187 diu
536 2142 736 2187 assidua
759 2141 897 2186 febre
922 2142 1214 2186 colluctatus
1238 2151 1384 2197 esset⁷
1412 2141 1792 2198 superueniente
1816 2151 1919 2186 tan-

296 2219 407 2264 dem
442 2218 716 2275 pleuritide,
754 2218 979 2263 concidit.
1018 2217 1253 2263 Cadauer
1288 2218 1590 2263 Placentiam
1624 2218 1920 2263 translatum

294 2305 371 2341 est
393 2296 734 2352 sepultumque
754 2295 1040 2340 ardentibus
1058 2294 1268 2340 fratrum
1293 2295 1483 2352 animis,
1504 2311 1564 2339 ne
1588 2295 1746 2340 dicam
1773 2295 1919 2340 etiam

295 2373 476 2418 ciuium
505 2371 740 2429 lacrymis
774 2382 820 2416 et
854 2372 1072 2417 clamore
1103 2380 1250 2428 atque
1275 2373 1462 2417 ululatu
1486 2371 1748 2428 foemineo,
1776 2386 1920 2427 quem

295 2450 403 2506 pius
427 2465 567 2494 amor
592 2448 731 2493 sexui
764 2457 936 2492 tenero
971 2447 1213 2492 eliciebat.
1243 2448 1414 2504 Neque
1448 2457 1637 2493 tantum
1676 2447 1920 2492 muliebri-

297 2528 386 2571 bus
411 2525 696 2581 lacrymulis
729 2524 1007 2579 fideremUS‚
1035 2524 1122 2568 nisi
1158 2525 1234 2569 vir
1268 2525 1465 2580 quidam
1490 2525 1665 2570 nobilis
1689 2540 1830 2569 suum
1854 2533 1919 2568 te-

347 2725 355 2743 ¹
408 2723 541 2759 Locus
560 2734 682 2769 prope
698 2720 925 2767 Jarandilla
944 2720 999 2764 (in
1018 2719 1223 2766 provincia
1245 2719 1452 2765 (jaceres).
1476 2722 1516 2758 5.
1535 2722 1798 2762 Franciscns
1817 2719 1921 2770 Bor?

290 2785 382 2828 gia,
400 2782 509 2827 ibid,
529 2782 610 2817 203.
633 2781 770 2817 Hocce
790 2779 1063 2816 eremitorium
1083 2779 1192 2815 aliud
1212 2785 1271 2816 est
1290 2780 1339 2816 ab
1360 2793 1407 2816 eo
1426 2781 1531 2827 quod
1550 2781 1721 2817 nominis
1740 2781 1920 2828 ejusdem

299 2847 386 2878 erat
405 2854 526 2887 prope
548 2840 768 2886 Ognatum,
790 2839 829 2875 in
848 2838 1053 2886 provincia
1068 2837 1314 2884 Guipuzcoa.
1333 2839 1439 2876 Hinc
1455 2840 1728 2876 emendandus
1747 2839 1866 2876 index
1880 2839 1920 2875 in

299 2902 376 2937 vol.
399 2900 453 2936 HI
474 2901 515 2937 S.
539 2901 801 2936 Frtmcz'scus
826 2899 1002 2944 Borgia,
1031 2897 1104 2934 sub
1123 2898 1250 2933 titulis
1279 2899 1569 2944 Magdalenae
1588 2900 1699 2936 Stae.
1731 2900 1921 2935 eremito-

301 2961 416 2996 rium
444 2965 483 2995 et
513 2960 745 3005 Ognatmn,
775 2959 841 2995 ubi
861 2958 909 2994 de
928 2957 1081 2994 duobus
1108 2958 1294 2994 scribitur
1319 2959 1432 3004 quasi
1455 2972 1575 2995 unum
1604 2964 1710 2995 esset
1736 2960 1921 2995 eremito-

296 3020 414 3063 rium,
437 3024 475 3055 et
496 3019 594 3055 illud
613 3019 773 3065 quidem
793 3023 1030 3065 ognatense.

346 3079 358 3098 ²
409 3078 515 3114 Vide
535 3091 655 3124 supra
690 3091 782 3124 pag.
803 3078 883 3119 446,
906 3082 1040 3113 annot.
1067 3077 1102 3112 3.
