2051 3516
377 292 421 326 74
840 291 1059 328 LITTERAE
1086 292 1178 337 Qua
1187 303 1442 331 DRmiEs‘rREs

330 400 384 429 re
409 385 574 440 possit.
605 385 778 441 Alteri,
806 386 1149 443 Leonhartlus,
1180 389 1306 433 bona
1331 389 1491 435 indole
1516 406 1653 446 puer,
1681 392 1765 436 sed
1790 392 1949 437 rudio-

331 461 396 505 ris
422 460 620 517 ingenii,
648 462 691 505 in
720 461 881 507 officio
910 479 1027 507 vero
1053 463 1451 520 diligentissimus
1477 476 1525 511 et
1543 467 1605 511 ad
1625 468 1788 512 omnia
1807 484 1949 524 para-

329 546 422 581 tus.
451 536 673 592 Quartus
698 538 913 583 triduum
949 539 1039 584 fuit
1073 539 1116 584 in
1153 540 1379 596 collegio,
1417 543 1777 588 baccalaureus
1809 543 1947 600 juris,

330 613 491 669 patria
516 613 977 670 Middelburgensis,
1006 617 1253 671 zelandus,
1281 618 1459 672 optime
1478 629 1621 664 notus
1641 620 1703 664 M.
1728 620 1949 667 Theodo-

330 704 386 733 ro
410 691 868 735 amstelredamensi
904 693 934 741 ¹,
978 708 1186 747 quocum
1222 709 1319 738 vna
1355 693 1443 739 t'uit
1477 694 1699 741 Louanii.
1738 697 1950 743 Romam

328 765 478 810 etiam
503 776 617 810 ante
642 782 813 817 annos,
842 768 990 811 credo
1015 777 1130 819 tres,
1159 772 1398 824 peruenit,
1427 771 1539 816 licet
1567 772 1843 818 Bononiam
1878 790 1950 820 re-

327 842 481 892 diens,
519 843 581 887 ibi
615 853 953 888 commoratus
987 844 1047 889 sit
1082 855 1183 890 tres
1218 862 1388 892 annos.
1427 848 1616 893 Deinde
1647 865 1708 894 ex
1732 850 1875 895 Italia
1899 867 1951 896 se

328 918 751 974 VVittembergam
773 921 974 976 recepit,
995 930 1166 976 postea
1186 922 1505 981 Friburgam,
1525 926 1605 969 vbi
1623 942 1732 970 cum
1749 937 1954 991 propter

330 994 707 1039 nefandissimas
732 996 993 1040 haeresum
1025 1008 1188 1052 pestes
1223 1000 1494 1045 consistere
1526 1002 1759 1058 nequiuit,
1792 1002 1950 1059 Ingol-

329 1072 539 1116 stadium
566 1082 800 1127 tanquam
826 1073 888 1116 acl
912 1073 1245 1119 honestiorum
1273 1077 1545 1122 studiorum
1571 1080 1760 1134 asylum
1785 1080 1950 1125 confu-

330 1149 420 1204 git.
441 1147 636 1200 Statim,
657 1149 737 1193 vbi
756 1149 954 1194 resciuit
969 1150 1062 1194 huc
1082 1153 1343 1207 collegium
1364 1153 1559 1210 aliquod
1579 1156 1773 1201 venisse
1792 1157 1951 1202 Roma

330 1240 392 1269 ex
413 1224 666 1270 Societate
682 1225 817 1284 Jesu,
840 1237 1045 1282 accepta
1067 1230 1327 1275 occasione
1347 1233 1667 1276 conueniendi
1689 1245 1948 1289 rectorem,

329 1301 490 1358 querit
514 1302 572 1346 de
601 1302 661 1347 M.
691 1302 972 1358 Theodoro,
1002 1320 1143 1360 quem
1162 1321 1273 1350 cum
1298 1308 1448 1364 longa
1472 1309 1870 1356 confabulatione
1905 1312 1950 1356 in
1995 1331 1998 1336 ·

330 1377 719 1423 familiaritatem
746 1380 1060 1435 recepissem,
1090 1382 1231 1428 rediit
1256 1394 1363 1438 post
1388 1396 1500 1429 octo
1525 1386 1643 1439 (lies,
1671 1402 1730 1432 ac
1765 1387 1951 1443 Spiritu

330 1452 516 1499 Sancto
541 1464 810 1509 permotus,
834 1457 1066 1501 continuo
1092 1459 1321 1504 adhibitis
1346 1463 1634 1517 opportunis
1659 1464 1948 1521 rationibus,

329 1540 552 1575 nostram
578 1530 880 1576 Societatem
900 1532 1091 1589 ingredi
1117 1536 1302 1589 statuit,
1325 1538 1589 1595 statimque
1609 1541 1952 1587 communione

328 1608 552 1663 corporis
592 1608 815 1653 dominici
863 1609 1201 1667 confirmatus,
1244 1614 1427 1659 relictis
1466 1616 1711 1672 omnibus,
1753 1628 1952 1663 secutus

327 1694 403 1728 est
427 1684 704 1729 Dominum.
732 1685 897 1731 Habet
922 1698 1177 1742 parentem
1203 1690 1417 1747 diuitem,
1446 1693 1523 1748 qui
1547 1696 1814 1739 secundum
1844 1710 1950 1739 car-

328 1776 437 1805 nem
464 1760 727 1817 magnilica
751 1771 798 1806 et
823 1764 1088 1818 praeclara
1112 1780 1265 1821 opera
1288 1768 1450 1812 abillo
1475 1772 1788 1828 expectabat,
1812 1771 1952 1817 huius

329 1837 399 1881 rei
424 1837 643 1882 inscium.
673 1838 899 1883 Maturus
924 1851 1013 1893 est,
1042 1842 1298 1896 humanus,
1327 1860 1386 1889 ac
1410 1846 1615 1901 egregie
1650 1847 1771 1903 pius,
1810 1863 1951 1904 quem

328 1915 566 1970 singulari
591 1915 896 1971 praeuilegio
921 1916 1161 1963 Dominus
1187 1919 1322 1965 Deus
1350 1922 1542 1966 videtur
1577 1939 1947 1979 praeseruasse.

417 1990 592 2035 Plures
616 2000 728 2036 sunt
753 2002 799 2036 et
824 1993 1038 2037 eiusdem
1065 1995 1258 2040 farinae
1282 1997 1517 2055 homines,
1554 2001 1639 2044 sed
1673 2000 1811 2045 locus
1844 2016 1950 2057 per-

329 2067 539 2122 exiguus
574 2078 662 2117 cst,
700 2078 747 2112 et
783 2069 999 2115 redditus
1033 2081 1220 2125 tenues,
1262 2073 1352 2118 nisi
1387 2075 1669 2121 misericors
1704 2077 1856 2134 Deus,
1899 2090 1952 2124 vt

328 2158 479 2198 saepe
523 2145 823 2199 experimur,
872 2147 1010 2191 nobis
1054 2149 1423 2196 misericordiae
1462 2168 1659 2198 manum
1704 2155 1948 2212 porrigat.

330 2219 536 2264 Vtinam
560 2222 666 2265 solo
691 2237 816 2277 pane
841 2224 1151 2269 c‹‘›ntinenter
1175 2226 1270 2271 frui
1295 2237 1342 2272 et
1365 2228 1495 2273 humi
1521 2230 1737 2276 dormire
1771 2243 1818 2277 et
1845 2233 1950 2280 ,ani-

330 2312 436 2340 mas
460 2297 645 2341 lucrari
670 2299 906 2354 plurimas
931 2316 1080 2357 saepe
1104 2303 1264 2348 liceat!
1300 2303 1350 2348 Si
1385 2307 1593 2361 pecunia
1627 2308 1947 2363 abundarem,

330 2372 576 2418 mitterem
601 2374 889 2429 frequenter
913 2377 972 2421 cle
998 2379 1219 2433 primitiis
1253 2382 1434 2426 nostris
1467 2382 1695 2440 Romam;
1732 2386 1817 2430 sed
1852 2387 1950 2431 Do-

331 2449 487 2494 minus
512 2450 647 2495 dabit
671 2452 933 2507 aliquando
959 2469 1068 2499 cum
1093 2455 1255 2501 fructu
1281 2470 1586 2512 prouentum.

419 2525 512 2570 Hic
536 2527 600 2571 M.
627 2527 845 2585 Jacobus
871 2530 1318 2589 Middelburgensis
1342 2535 1437 2579 iam
1464 2538 1653 2582 accedit
1678 2539 1737 2582 acl
1764 2541 1949 2585 exerci-

331 2601 413 2657 tia;
441 2603 520 2658 qui
545 2619 655 2648 eum
681 2607 968 2660 praecessit,
997 2608 1093 2653 iam
1118 2611 1372 2656 absolutus
1397 2622 1485 2658 est.

394 2691 429 2721 s.
498 2678 549 2723 In
575 2680 855 2726 Februario
878 2684 963 2728 4.οΓ
991 2700 1054 2729 ex
1077 2686 1258 2731 nostris
1282 2687 1502 2744 Pragam
1526 2691 1715 2735 mittam
1745 2693 1947 2738 consilio

330 2752 439 2798 Rdi.
469 2754 630 2800 Patris
657 2756 859 2814 Canisii,
888 2761 1067 2815 partim
1096 2772 1145 2807 vt
1168 2778 1256 2808 nos
1281 2765 1553 2820 superfluis,
1576 2768 1754 2822 partim
1780 2771 1948 2815 labore

332 2830 604 2885 perdifficili
630 2819 904 2890 pragenses
928 2838 1074 2882 leuet.

381 3012 389 3030 ¹
442 3011 617 3049 Videtur
635 3015 701 3060 agi
721 3015 769 3051 de
789 3016 1038 3054 Theodorico
1058 3018 1231 3056 Gerardi
1259 3023 1629 3065 amsterodamensi,
1659 3025 1725 3070 qui
1752 3031 1845 3062 tunc
1870 3029 1948 3064 Ro-

332 3082 420 3106 mae
442 3072 690 3108 versabatur.

2029 886 2046 955 ’φτ

2031 1077 2043 1098 ἰ
