2051 3516
596 343 881 380 17O.—PRAGA
907 342 954 380 27
980 341 1089 389 MAJ1
1118 341 1208 377 1558
1598 339 1668 376 683

85 443 147 488 ad
170 457 309 488 suam
336 456 557 486 mensam
581 439 872 485 inuitabant.
900 437 1016 484 Sine
1050 437 1180 482 omni
1212 437 1559 493 impedimento
1594 451 1714 481 suae

85 528 253 565 sectae
278 530 325 564 et
351 518 455 564 sine
479 517 607 563 omni
632 517 925 574 exceptione
949 517 1126 572 hospes
1152 530 1249 560 vna
1272 530 1382 559 cum
1420 529 1577 559 vxore
1603 530 1713 571 pro-

85 599 323 642 miserunt
360 594 509 640 filium
543 610 685 639 suum
721 609 774 639 se
810 593 1083 639 tradituros
1117 600 1288 636 nostro
1323 591 1587 636 conuictui.
1617 590 1714 635 Da-

85 675 203 720 bant
227 673 473 730 quaedam
509 687 607 717 non
642 672 858 717 obscura
891 672 1053 727 signa,
1080 684 1177 715 non
1210 668 1407 714 omnino
1434 669 1715 725 perculsam

83 767 143 797 ac
171 751 488 807 desperatam
514 764 622 795 esse
647 764 786 795 suam
812 749 1038 804 salutem,
1065 747 1104 793 si
1128 745 1272 791 modo
1297 755 1462 791 essent
1486 762 1515 790 a
1540 746 1714 802 quibus

84 828 460 874 adiuuarentur.
489 826 687 872 Pilznae
712 826 898 882 consul,
926 825 1065 870 cuius
1099 823 1223 868 filius
1258 823 1497 868 hactenus
1522 823 1611 868 sub
1635 838 1715 867 no-

84 907 155 952 bis
193 905 393 961 studuit,
422 905 468 950 in
505 904 580 950 die
620 904 898 961 palmarum
933 902 978 947 in
1014 900 1332 958 processione
1366 900 1567 945 Patrem
1603 916 1716 945 eun—

83 984 192 1029 dem
217 999 246 1028 a
271 983 450 1028 dextro
486 982 644 1027 latere
669 980 851 1026 habuit.
877 980 1172 1036 Apparebat
1195 977 1374 1023 ibidem
1399 976 1580 1034 aliquid
1606 992 1715 1022 esse

84 1061 329 1118 agitatum
355 1075 384 1105 a
409 1068 584 1105 senatu
610 1058 669 1103 de
695 1056 907 1114 collegio
931 1055 1199 1101 Societatis
1233 1053 1515 1108 obtinendo,
1544 1053 1620 1099 cui
1648 1054 1717 1099 rei

85 1146 384 1195 oportunum
409 1153 438 1182 a
464 1136 711 1193 plerisque
735 1134 1145 1180 subindicabatur
1181 1131 1537 1177 monasterium
1572 1132 1718 1177 domi-

84 1215 391 1270 nicanorum,
421 1214 551 1270 quod
577 1228 700 1258 vnus
725 1220 917 1257 tantum
942 1210 1253 1256 inhabitabat
1277 1209 1566 1254 monachus.

150 1292 217 1338 12.
285 1291 403 1349 Egit
428 1306 623 1348 quoque
648 1290 799 1335 Pater
823 1304 934 1334 cum
960 1303 1203 1333 caesarea
1227 1287 1490 1332 maiestate
1515 1296 1563 1332 et
1586 1302 1717 1332 sere-

85 1371 285 1427 nissimo
311 1369 530 1426 principe
555 1369 613 1413 de
640 1367 876 1423 religiosa
901 1365 1116 1423 quadarn
1142 1379 1372 1422 persona;
1401 1380 1528 1421 quae
1558 1364 1719 1409 adhuc

85 1447 232 1494 ouina
256 1447 419 1493 cincta
442 1447 568 1503 pelle
592 1444 756 1490 multis
781 1460 840 1490 ac
865 1459 961 1489 non
987 1442 1147 1488 dubiis
1169 1442 1432 1488 haeresum
1463 1442 1522 1487 de
1556 1457 1608 1487 se
1645 1457 1722 1486 ru-

84 1525 334 1581 musculis,
381 1523 693 1581 grauissimis
732 1521 980 1567 scandalis
1021 1520 1175 1578 plebis
1220 1519 1409 1565 animos
1450 1519 1720 1565 illectabat.

86 1603 181 1660 Qui
207 1604 319 1649 dum
344 1602 511 1648 sedem
536 1616 657 1646 suae
678 1599 987 1657 pestilentiae
1006 1599 1134 1644 inter
1153 1597 1428 1643 catholicos
1446 1606 1494 1642 et
1513 1598 1724 1642 alteram

87 1692 279 1738 partem
304 1681 511 1735 locaret,
539 1689 593 1725 vt
617 1688 666 1724 et
689 1694 799 1724 cum
826 1677 935 1722 Deo
959 1685 1008 1722 et
1031 1685 1210 1722 satana
1234 1684 1499 1732 pugnaret,
1538 1690 1632 1720 non
1658 1676 1723 1720 al-

87 1760 181 1805 teri
206 1759 364 1816 potuit
388 1773 536 1815 quam
561 1757 651 1802 soli
677 1766 886 1802 satanae
911 1755 1139 1811 militare,
1167 1754 1227 1799 de
1251 1753 1390 1798 cuius
1424 1753 1723 1798 emendatio-

90 1853 149 1883 ne
184 1852 295 1883 cum
329 1851 425 1881 non
457 1835 577 1881 satis
601 1834 738 1880 Patri
763 1841 1034 1890 constaret,
1063 1846 1237 1877 rursus
1267 1830 1327 1876 de
1352 1830 1527 1876 eodem
1551 1830 1725 1887 princi·

87 1915 134 1972 pi
159 1924 233 1961 est
257 1915 467 1969 locutus,
495 1912 573 1959 cui
597 1912 676 1957 ille
703 1911 955 1968 respondit
985 1910 1141 1967 pridie
1175 1919 1290 1955 ante
1324 1908 1476 1954 fuisse
1511 1908 1724 1954 accersi-

89 2002 192 2039 tum
217 2001 265 2038 et
289 1991 626 2037 examinatum
650 1989 784 2034 illum
810 1988 1231 2043 concionatorem,
1259 1986 1504 2044 grauiter,
1542 1985 1727 2032 adhibi-

89 2071 150 2117 tis
174 2085 368 2129 quoque
393 2067 722 2115 seuerissimis
746 2066 933 2124 poenis,
961 2081 1014 2111 se
1049 2065 1112 2110 illi
1148 2064 1517 2110 interminatum
1554 2079 1612 2109 ne
1649 2064 1727 2109 vel

90 2147 429 2194 tenuissimam
454 2161 693 2192 emanare
718 2145 778 2190 de
803 2160 854 2190 se
878 2142 1215 2189 huiuscemodi
1240 2142 1549 2198 permitteret
1573 2142 1725 2198 suspi-

91 2227 299 2283 cionem,
338 2234 484 2270 caute
519 2239 579 2269 ac
614 2222 866 2280 sapienter
899 2229 1094 2278 ageret,
1131 2235 1245 2265 nam
1285 2228 1333 2264 et
1373 2220 1728 2264 obseruatores

91 2319 230 2349 suam
255 2302 577 2348 serenitatem
601 2300 900 2355 addituram,
928 2314 1056 2355 quae
1081 2297 1346 2343 conciones
1380 2306 1427 2342 et
1461 2296 1611 2353 ipsius
1646 2296 1727 2341 do-

92 2381 300 2427 ctrinam
335 2388 715 2436 perscrutentur
750 2387 798 2422 et
832 2376 894 2423 ad
928 2392 982 2421 se
1017 2375 1255 2421 referant.
1287 2374 1505 2420 Libellus
1530 2374 1727 2431 quidam

93 2460 155 2505 D.
203 2458 421 2504 Henrico
466 2455 746 2509 Scribonio,
794 2453 1057 2512 pragensis
1112 2453 1245 2498 arcis
1288 2452 1591 2509 praeposito,
1638 2451 1729 2496 fuit

93 2537 305 2589 oblatus,
336 2545 387 2581 vt
413 2535 584 2592 praelo
611 2535 831 2589 daretur,
859 2532 919 2577 de
944 2547 1040 2588 quo
1064 2536 1348 2577 nostrorum
1380 2529 1481 2574 lata
1515 2544 1729 2574 censura

94 2629 411 2672 summopere
436 2612 637 2670 placuit.

156 2693 224 2739 13.
292 2691 473 2738 Sartor
498 2690 696 2748 quidam
719 2689 926 2745 iuuenis,
965 2703 994 2733 a
1026 2688 1087 2732 D.
1125 2687 1253 2746 Jona
1337 2684 1728 2736 commendatus,

92 2770 347 2817 nobiscum
373 2769 579 2815 habitat.
608 2767 872 2823 Antonius,
900 2766 1191 2811 adolescens
1217 2763 1454 2820 egregius
1484 2771 1533 2808 et
1566 2762 1727 2819 agilis,

95 2864 287 2907 gnarus
310 2847 599 2894 bohemicae
623 2857 671 2892 et
694 2845 1017 2903 germanicae
1050 2832 1265 2899 linguae,
1304 2841 1384 2898 qui
1418 2840 1549 2897 apud
1585 2839 1729 2886 Clau-

96 2927 227 2972 dium
263 2926 497 2983 degebat,
539 2922 982 2982 pharmacopolam
1017 2919 1268 2978 principis,
1304 2927 1566 2976 pertaesus
1590 2933 1731 2964 aeru-

1291 2684 1298 2707 1

146 3109 155 3127 ¹
208 3107 282 3144 Dr.
299 3106 475 3154 Jacobus
486 3105 624 3153 Jonas,
641 3103 889 3141 Ferdinandi
906 3102 1162 3150 imperatoris
1177 3100 1333 3139 consilii
1349 3099 1470 3137 aulici
1485 3098 1734 3136 vicecancel-

97 3167 237 3209 larius,
263 3165 481 3204 Societatis
500 3165 666 3202 amicus.
