2051 3516
507 272 870 321 SL-leDossoNA
901 282 948 319 28
973 285 1157 319 Auousri
1190 283 1278 319 1557
1597 281 1667 318 :333

71 381 362 427 >absolutum
388 381 445 426 iri
469 396 732 437 speramus
751 390 867 425 ante
888 378 1161 425 Octobrem
1183 379 1324 423 huius
1348 379 1461 423 anni
1484 378 1555 423 57.
1580 377 1712 434 Quo-

81 458 211 502 niam
249 472 369 502 vero
394 471 496 502 72072
521 461 592 501 tot
612 461 736 502 sunt
756 472 786 502 a
810 456 953 512 regia
979 455 1238 500 maiestate
1262 456 1492 499 concessi
1513 456 1718 499 nummi

80 539 201 592 quot
234 543 251 562 ²³
287 549 527 590 praesens
562 550 684 590 opus
719 533 939 590 requirit,
978 533 1040 578 ab
1080 532 1250 577 amicis
1286 533 1527 587 patronis
1560 532 1712 577 subsi-

81 611 211 657 dium
253 612 476 667 petimus,
519 611 650 667 quod
689 627 784 656 non
824 625 978 666 aegre
1017 609 1258 654 hactenus
1298 609 1434 653 multi
1475 608 1710 663 impartiti

81 698 208 733 sunt.
237 689 532 733 Puerorum
567 702 765 745 quoqne
795 691 1042 743 parentes
1075 686 1346 742 opulentos
1370 685 1422 730 in
1454 686 1713 730 auxillium

81 765 448 821 imploramuss
473 765 737 822 hucusque
770 764 918 809 haud
932 767 1163 821 grauate
1187 763 1314 820 quid
1334 762 1711 807 subleuamz'm‘s

81 841 535 886 aclmim‘stmmmt.
561 841 657 898 Ipsi
683 841 821 897 pueri
848 841 895 886 in
915 855 1126 896 quorum
1147 839 1410 884 Vtilitatem
1434 839 1528 884 hoc
1548 838 1713 883 aedifi-

81 919 208 964 cium
244 917 489 963 foeliciter
524 934 634 963 cum
671 918 778 963 Deo
818 917 1099 973 incoeptum
1141 926 1232 968 est,
1267 916 1428 971 magis
1462 916 1714 960 laetantur

81 1011 227 1051 quam
272 994 483 1051 ipsamet
527 995 720 1047 ciuitas;
763 994 1027 1039 ostendunt
1070 993 1163 1038 hoc
1207 993 1393 1038 diurnis
1438 992 1710 1041 laboribus,

81 1087 204 1129 quos
227 1072 434 1116 alternis
458 1073 670 1116 subeunt
695 1071 902 1125 vicibus,
933 1080 1019 1115 aut
1043 1070 1290 1127 portando
1315 1069 1571 1114 nobiscum
1598 1069 1713 1125 lapi-

80 1149 182 1204 des,
210 1152 302 1193 aut
330 1148 634 1193 adducendo
669 1148 919 1201 z'lztrz'tmn,
953 1157 1038 1192 aut
1073 1147 1302 1191 fodiendo
1334 1145 1368 1201 b,
1406 1146 1508 1191 imo
1542 1161 1631 1190 nos
1664 1145 1715 1190 li-

80 1227 258 1271 berant
296 1241 325 1269 a
361 1225 555 1281 magnis
591 1225 801 1282 salariiS,
844 1240 972 1282 quae
1007 1225 1052 1269 in
1088 1224 1426 1268 mercenarios
1466 1223 1715 1268 insumere

82 1303 392 1348 deberemus.
422 1302 483 1346 Et
508 1318 645 1358 sane,
666 1302 791 1347 Rde.
820 1302 864 1346 in
886 1300 1038 1346 Chro.
1066 1301 1234 1353 Pater,
1256 1316 1352 1345 non
1373 1316 1570 1356 possum
1596 1300 1717 1345 satis

81 1380 341 1424 declarare
376 1394 599 1424 amorem
634 1379 968 1424 studiosorum
999 1387 1288 1423 nostrorum
1323 1393 1449 1434 erga
1484 1391 1596 1434 nos}
1633 1392 1714 1422 no-

81 1456 269 1501 biscum
309 1455 593 1512 defendunt,
636 1465 871 1511 quantum
906 1470 995 1511 pro
1030 1455 1158 1500 virili
1193 1464 1415 1511 possunt,
1452 1454 1597 1499 fidem
1637 1469 1715 1499 ca-

80 1533 330 1590 tholicam,
359 1541 412 1578 vt
436 1549 495 1578 ne
524 1549 647 1578 vnus
682 1533 876 1589 quidem
911 1548 963 1577 se
998 1532 1043 1576 in
1079 1532 1261 1577 nostris
1292 1532 1472 1577 scholis
1503 1531 1716 1588 prodere

80 1611 265 1656 audeat
297 1611 486 1656 habens
519 1611 732 1656 alienam
767 1626 796 1655 a
829 1610 971 1655 nobis
1005 1610 1300 1667 opinionem,
1336 1610 1449 1666 quin
1485 1609 1717 1654 continuo

82 1688 338 1733 deferatur
362 1689 423 1733 ad
450 1698 848 1745 praeceptorem.

139 1764 181 1810 9.
248 1765 465 1811 Libellos
501 1766 804 1821 deprauatos
828 1780 888 1810 ac
912 1774 1169 1820 suspectos
1192 1764 1333 1809 nobis
1358 1764 1717 1809 examinandos

83 1841 302 1887 offerunt
332 1842 487 1897 multi,
515 1857 592 1897 ne,
621 1842 749 1899 quod
785 1843 908 1887 alias
941 1857 1259 1898 summopere
1294 1843 1482 1898 timent,
1510 1842 1555 1886 in
1583 1857 1716 1887 erro-

82 1935 188 1965 rem
212 1919 429 1964 incidant
452 1919 761 1976 ignoranter.

144 1996 212 2042 10.
279 1996 331 2040 In
355 1996 484 2041 festo
509 1995 558 2041 S.
591 2006 903 2053 pentecostes
928 1996 1001 2042 bis
1025 1996 1219 2053 publice
1249 1997 1295 2040 in
1330 1996 1577 2053 frequenti
1613 2012 1718 2052 spe-

83 2082 332 2119 ctatorum
378 2082 590 2118 caterua
630 2074 900 2119 exhibuere
934 2074 1181 2130 tragicam
1221 2074 1546 2129 comoediam,
1589 2089 1716 2130 quae

83 2151 367 2197 inscribitur
391 2151 568 2208 Pugna
587 2152 854 2208 voluptatis
878 2159 893 2179 ⁰
921 2162 969 2197 et
988 2152 1203 2207 virtutis,
1228 2161 1275 2196 et
1296 2151 1314 2177 ‘¹
1339 2167 1573 2207 magnam
1597 2167 1717 2196 sane

85 2229 281 2274 laudem
317 2238 365 2274 et
398 2229 611 2286 gloriam
645 2229 755 2274 inde
786 2230 1079 2274 retulerunt.
1107 2229 1312 2285 Fertur,
1340 2229 1600 2286 quendam
1632 2228 1717 2273 sti-

79 2311 321 2363 patorem
345 2307 503 2364 regis,
531 2308 670 2364 quod
690 2308 818 2352 adeo
838 2308 1112 2364 placuerit,
1136 2311 1297 2352 totam
1322 2307 1574 2351 actionem
1605 2320 1715 2350 con-

86 2385 314 2441 coepz‘sse‘
339 2385 530 2440 (mimo,
555 2389 603 2429 et
615 2389 800 2442 postea
819 2385 961 2430 domi
977 2385 1168 2441 primis
1186 2384 1513 2429 lineamentis
1537 2384 1717 2428 adum-

85 2462 278 2507 brasse.
306 2460 484 2507 Statim
512 2463 751 2519 euulgata
775 2462 865 2507 fuit
888 2462 1023 2507 fama
1059 2463 1243 2507 nullam
1268 2462 1328 2506 ad
1357 2461 1521 2505 viuum
1556 2461 1716 2517 magis

83 2539 452 2594 repraesentari
472 2554 617 2595 posse
638 2540 945 2584 comoediam
970 2545 1001 2590 e,
1026 2554 1169 2595 quam
1194 2548 1434 2586 nostram.
1458 2539 1526 2582 ita
1544 2537 1682 2595 quod
1705 2537 1717 2563 f

85 2615 262 2660 exinde
302 2615 449 2672 aliqui
491 2615 824 2672 ludimagistri
869 2616 1094 2661 occultae
1135 2615 1347 2660 inuidiae
1392 2614 1505 2670 quid
1542 2614 1588 2658 in
1628 2629 1717 2659 nos

84 2691 450 2747 concoeperint.

148 2768 213 2812 11.
279 2768 387 2813 Non
411 2769 590 2814 tacebo
614 2769 847 2825 pietatem
872 2769 1049 2814 horum
1074 2777 1361 2813 nostrorum
1386 2782 1656 2823 puerorum
1679 2774 1714 2817 g:

133 2918 150 2938 ³
192 2911 333 2958 regiae
354 2910 578 2947 maiestatis
597 2911 790 2947 ministris
810 2923 888 2947 non
908 2916 1063 2946 tantum
1084 2909 1254 2957 pecunie
1273 2914 1469 2955 quantum
1563 2909 1718 2956 accepi-

86 2983 187 3007 mus.
240 2970 307 2998 -b
344 2975 382 3007 et
414 2971 502 3006 aliis
534 2971 768 3007 ministeriis
799 2971 944 3017 quibus
972 2970 1077 3007 add.
1109 2969 1203 3007 Pol.
1258 2975 1319 2995 -C
1346 2968 1648 3006 Emendatum
1668 2979 1719 3006 ex

86 3031 291 3076 voluptae,
320 3033 369 3066 ut
397 3030 585 3067 videtur.
639 3030 704 3056 -d
739 3035 778 3066 et
804 3030 910 3067 adel.
941 3030 1035 3067 Pol.
1090 3034 1152 3055 —e
1174 3028 1310 3065 Prius
1336 3034 1649 3075 repraesentare

79 3089 349 3126 comoediam.
405 3089 461 3116 *f
508 3095 562 3126 vt.
617 3097 681 3124 ‚g
700 3089 768 3136 qui
788 3089 893 3126 add.
918 3089 1010 3125 Pol.
