2051 3516
612 295 948 333 165.-PAN0RM0
977 297 1015 333 11
1046 296 1155 343 ΜΑ]1
1186 297 1275 333 Ιόὂδ
1640 300 1711 335 653

115 393 468 451 'adiungendae
503 404 881 450 quaererentur;
907 394 1105 438 tandem
1140 392 1248 437 R.¹¹¹1
1280 394 1548 439 cardinalis
1580 396 1593 418 ¹
1620 394 1755 440 iussu

120 470 476 517 monasterium
516 484 673 525 nuper
712 479 1055 515 constructum
1095 470 1127 525 2,
1164 470 1210 514 in
1246 486 1341 526 quo
1376 485 1498 527 prae
1538 471 1755 515 caeteris

118 547 420 602 concionari,
463 546 898 602 confessionesque
943 547 1117 592 audire
1161 548 1319 593 nostri
1364 558 1750 601 consueuerant,

118 637 230 671 sunt
268 625 544 681 ingressae:
594 623 692 679 vbi,
731 624 861 680 quod
906 624 1062 669 minus
1101 625 1448 680 sperabamus,
1491 624 1631 670 breui
1675 639 1752 669 us-

117 702 340 759 queadeo
380 701 426 745 in
465 701 640 756 spiritu
681 700 1025 757 profecerunt,
1061 710 1124 745 utv
1151 701 1448 746 monialibus
1487 716 1615 757 quae
1655 716 1753 745 una

114 795 226 824 cum
252 779 343 823 illis
368 778 572 834 degunt,
601 777 996 832 admirationem,
1024 789 1071 822 et
1101 777 1239 822 nobis
1275 778 1502 823 omnibus
1536 778 1754 834 stuporis

115 856 256 902 simul
280 866 328 900 et
352 855 706 901 consolationis
740 855 1004 911 plurimum
1039 854 1275 899 afferant.
1314 854 1568 900 Exercent
1603 855 1749 912 enim,

116 945 167 978 ut
191 933 431 989 referunt,
459 932 696 977 uilissima
723 948 947 988 quaeque
972 932 1226 988 religionis
1251 931 1433 988 officia,
1468 933 1754 978 ministrare

114 1011 221 1056 aliis
260 1011 598 1068 gratulantur,
637 1010 879 1055 inseruire
918 1025 1164 1054 summam
1202 1010 1389 1054 ducunt
1423 1011 1749 1066 uoluptatem,

112 1088 262 1133 horas
288 1087 556 1133 canonicas
580 1102 771 1132 summa
797 1086 945 1131 animi
981 1087 1253 1131 attentione
1290 1087 1518 1143 recitant,
1559 1087 1752 1132 concio-

113 1165 255 1210 nibus
295 1165 444 1221 (quod
490 1164 624 1221 prius
663 1164 957 1220 irridebant)
1003 1163 1363 1209 attentissimas
1403 1180 1455 1208 se
1490 1165 1747 1220 praebent.

112 1242 235 1287 Illud
260 1242 409 1287 etiam
434 1242 633 1296 addam,
670 1241 800 1297 quod
834 1241 1084 1286 subticere
1119 1241 1199 1297 qui
1235 1240 1416 1297 possim
1453 1256 1549 1285 non
1585 1240 1748 1298 uideo,

113 1319 241 1375 quod
266 1318 457 1364 admitti
482 1319 528 1363 in
553 1318 835 1363 monialium
862 1333 1121 1363 numerum
1147 1318 1468 1363 uehementer
1491 1327 1747 1374 exoptant.

113 1395 259 1453 Quod
283 1405 421 1441 certo
446 1395 667 1441 futurum
691 1395 901 1451 confido,
930 1395 1018 1440 nisi
1044 1395 1173 1451 quod
1197 1395 1409 1452 grauius
1432 1396 1640 1440 mundus
1666 1407 1752 1440 aut

112 1489 232 1519 caro
256 1483 473 1530 opponat
497 1472 914 1529 impedimentum.
953 1471 1062 1517 Hoc
1096 1481 1263 1518 autem
1288 1488 1437 1528 quum
1461 1472 1748 1529 contigerit,

112 1566 348 1606 magnam
373 1550 485 1595 hinc
507 1550 616 1595 Deo
643 1550 838 1595 laudem
863 1565 924 1596 ac
947 1550 1035 1595 toti
1060 1550 1171 1594 vrbi
1207 1549 1589 1595 admirationem
1625 1550 1751 1596 citra

112 1627 510 1673 controuersiam
535 1638 893 1683 prouenturam
919 1627 1149 1674 coniicio.

169 1706 211 1751 A.
280 1704 383 1757 [Ait
400 1719 500 1751 non
519 1705 805 1750 omittenda
823 1719 956 1763 quae
973 1704 1335 1762 sequanmur]
1359 1704 1485 1750 Cum
1504 1705 1579 1749 hic
1601 1705 1646 1749 in
1666 1721 1747 1761 pu-

110 1783 248 1829 blicis
273 1782 507 1828 custodiis
531 1782 667 1828 multi
693 1783 773 1839 qui
797 1782 1035 1828 soluendo
1061 1798 1157 1827 non
1181 1792 1340 1833 erant,
1365 1781 1545 1826 misere
1565 1781 1746 1826 detine-

110 1871 300 1918 rentur,
328 1877 387 1906 ac
422 1876 591 1905 rerum
625 1861 843 1906 omnium
876 1869 1133 1917 premente
1168 1860 1349 1916 inopia,
1386 1859 1565 1905 nociua
1600 1875 1747 1916 quae·

110 1939 223 1984 darn
247 1938 523 1984 bestiarum
548 1953 705 1993 more,
733 1937 862 1994 quod
892 1953 981 1983 nos
1015 1938 1095 1982 uel
1129 1937 1345 1983 maxime
1380 1937 1743 1989 commouebat‚

109 2017 391 2062 auidissime
416 2032 474 2061 ac
499 2015 729 2061 certatim
753 2016 1101 2072 absorberent3
1130 2023 1416 2060 nostrorum
1448 2030 1603 2070 opera
1628 2013 1746 2059 effe-

109 2092 367 2150 ctum'est‚
393 2103 446 2139 ut
477 2093 655 2138 diuites
688 2093 876 2149 aliquot
911 2092 1084 2149 quibus
1117 2092 1391 2138 affluebant
1426 2091 1660 2149 pecunias
1696 2092 1745 2136 li-

107 2172 301 2217 bentius
324 2187 471 2227 quam
496 2170 633 2216 credi
657 2170 812 2227 possit
835 2179 1126 2226 erogarent:
1161 2170 1228 2216 ita
1264 2170 1402 2215 multi
1434 2169 1619 2215 nostris
1654 2168 1744 2214 Pa-

107 2248 266 2293 tribus
290 2248 536 2304 supplices
565 2262 625 2292 ac
659 2247 787 2292 humi
822 2247 1061 2303 prostrati
1096 2247 1289 2303 gratias
1325 2255 1534 2304 agentes
1569 2246 1746 2302 quibus

106 2334 298 2370 tantum
322 2323 613 2370 beneficium
637 2333 899 2381 acceptum
923 2339 1033 2369 esse
1068 2324 1484 2380 referentiumque
1519 2323 1745 2369 fateban-

105 2411 202 2457 tur,
230 2401 426 2459 impune
449 2402 512 2446 ad
536 2410 786 2458 parentes,
813 2416 1016 2459 uxores,
1049 2401 1251 2458 liberos,
1288 2401 1492 2457 amicos,
1531 2417 1743 2457 quorum

106 2479 323 2524 omnium
364 2478 668 2524 commercio
707 2493 768 2524 ac
806 2477 1151 2524 familiaritate
1192 2478 1375 2524 iamdiu
1409 2488 1680 2523 caruerant
1703 2482 1740 2535 a,

106 2557 507 2601 reuertebantur.
551 2555 718 2612 Aliqui
753 2555 901 2601 etiam
940 2565 1143 2612 praeter
1177 2556 1240 2612 id,
1283 2565 1492 2612 accepta
1531 2555 1743 2612 pecunia

105 2647 203 2688 qua
227 2632 399 2678 uiuere
423 2632 610 2689 aliquot
633 2632 736 2677 dies
760 2647 871 2678 cum
896 2633 1137 2678 uxoribus
1162 2642 1364 2690 possent
1395 2632 1579 2690 (omnia
1614 2634 1742 2680 enim

152 2788 172 2807 a
222 2788 409 2825 Emend.
432 2799 483 2825 ex
501 2794 751 2825 corruerant.

152 2935 163 2953 ¹
214 2933 362 2970 Petrus
382 2932 601 2979 Tagliavia
619 2932 668 2968 de
688 2931 876 2979 Aragon,
897 2932 1116 2969 cardinalis
1136 2936 1176 2968 et
1195 2931 1522 2980 archiepiscopus
1542 2933 1741 2980 panormi-

104 2999 237 3030 tanus.

151 3054 163 3072 ²
214 3052 369 3099 Agitur
388 3053 437 3089 de
456 3053 703 3090 monasterio
722 3051 798 3090 Sti.
811 3052 993 3100 Joannis,
1012 3057 1282 3098 cognomento
1300 3052 1539 3099 «Roglion».
1559 3051 1622 3090 Cf.
1641 3053 1741 3090 Lai-

104 3113 173 3150 m'z'
189 3112 403 3157 Monam„
422 3112 492 3157 ΙΙΙ,
512 3112 595 3149 288.
