<?xml version="1.0" encoding="UTF-8"?>
<!DOCTYPE html PUBLIC "-//W3C//DTD XHTML 1.0 Transitional//EN"
    "http://www.w3.org/TR/xhtml1/DTD/xhtml1-transitional.dtd">
<html xmlns="http://www.w3.org/1999/xhtml" xml:lang="en" lang="en">
 <head>
  <title>
</title>
<meta http-equiv="Content-Type" content="text/html;charset=utf-8" />
  <meta name='ocr-system' content='tesseract 3.04.00' />
  <meta name='ocr-capabilities' content='ocr_page ocr_carea ocr_par ocr_line ocrx_word'/>
</head>
<body>
  <div class='ocr_page' id='page_1' title='image "./litteraequadrime17lain_0052.png"; bbox 0 0 2051 3516; ppageno 0'>
   <div class='ocr_carea' id='block_1_1' title="bbox 375 322 1440 369">
    <p class='ocr_par' dir='ltr' id='par_1_1' title="bbox 375 322 1440 369">
     <span class='ocr_line' id='line_1_1' title="bbox 375 322 1440 369; baseline 0.001 -11"><span class='ocrx_word' id='word_1_1' title='bbox 375 322 421 358; x_wconf 79' lang='lat'>22</span> <span class='ocrx_word' id='word_1_2' title='bbox 845 325 1057 361; x_wconf 70' lang='lat' dir='ltr'>LITTERAE</span> <span class='ocrx_word' id='word_1_3' title='bbox 1085 327 1387 369; x_wconf 73' lang='lat' dir='ltr'>QUADRIMESTR</span> <span class='ocrx_word' id='word_1_4' title='bbox 1394 335 1440 360; x_wconf 78' lang='lat' dir='ltr'>Es</span> 
     </span>
    </p>
   </div>
   <div class='ocr_carea' id='block_1_2' title="bbox 328 419 1949 2769">
    <p class='ocr_par' dir='ltr' id='par_1_2' title="bbox 328 419 1949 2006">
     <span class='ocr_line' id='line_1_2' title="bbox 330 419 1947 474; baseline 0.001 -12"><span class='ocrx_word' id='word_1_5' title='bbox 330 419 481 463; x_wconf 78' lang='lat' dir='ltr'>mines</span> <span class='ocrx_word' id='word_1_6' title='bbox 516 420 691 464; x_wconf 68' lang='lat' dir='ltr'>lusani</span> <span class='ocrx_word' id='word_1_7' title='bbox 722 424 768 464; x_wconf 79' lang='lat' dir='ltr'>et</span> <span class='ocrx_word' id='word_1_8' title='bbox 800 420 942 464; x_wconf 78' lang='lat' dir='ltr'>omni</span> <span class='ocrx_word' id='word_1_9' title='bbox 969 420 1169 465; x_wconf 75' lang='lat' dir='ltr'>malitia</span> <span class='ocrx_word' id='word_1_10' title='bbox 1204 419 1514 463; x_wconf 64' lang='lat' dir='ltr'>inneteratia</span> <span class='ocrx_word' id='word_1_11' title='bbox 1537 428 1735 464; x_wconf 88' lang='lat' dir='ltr'>nostros</span> <span class='ocrx_word' id='word_1_12' title='bbox 1769 434 1947 474; x_wconf 85' lang='lat' dir='ltr'>pueros</span> 
     </span>
     <span class='ocr_line' id='line_1_3' title="bbox 328 495 1945 551; baseline -0.001 -12"><span class='ocrx_word' id='word_1_13' title='bbox 328 510 476 551; x_wconf 84' lang='lat' dir='ltr'>saepe</span> <span class='ocrx_word' id='word_1_14' title='bbox 515 512 540 540; x_wconf 89' lang='grc'>0</span> <span class='ocrx_word' id='word_1_15' title='bbox 580 495 747 541; x_wconf 87' lang='lat' dir='ltr'>schola</span> <span class='ocrx_word' id='word_1_16' title='bbox 786 496 982 540; x_wconf 90' lang='lat' dir='ltr'>domum</span> <span class='ocrx_word' id='word_1_17' title='bbox 1023 496 1284 540; x_wconf 88' lang='lat' dir='ltr'>redeuntes</span> <span class='ocrx_word' id='word_1_18' title='bbox 1323 496 1607 550; x_wconf 86' lang='lat' dir='ltr'>obseruant‚</span> <span class='ocrx_word' id='word_1_19' title='bbox 1649 505 1697 539; x_wconf 86' lang='grc'>01</span> <span class='ocrx_word' id='word_1_20' title='bbox 1730 510 1945 539; x_wconf 85' lang='grc'>11011111111-</span> 
     </span>
     <span class='ocr_line' id='line_1_4' title="bbox 329 569 1944 627; baseline -0.001 -12"><span class='ocrx_word' id='word_1_21' title='bbox 329 586 473 627; x_wconf 99' lang='lat' dir='ltr'>quam</span> <span class='ocrx_word' id='word_1_22' title='bbox 499 571 948 627; x_wconf 69' lang='lat' dir='ltr'>pollicitationibus,</span> <span class='ocrx_word' id='word_1_23' title='bbox 976 571 1218 616; x_wconf 90' lang='lat' dir='ltr'>interdum</span> <span class='ocrx_word' id='word_1_24' title='bbox 1243 571 1390 616; x_wconf 87' lang='lat' dir='ltr'>etiarn</span> <span class='ocrx_word' id='word_1_25' title='bbox 1416 570 1556 615; x_wconf 90' lang='lat' dir='ltr'>minis</span> <span class='ocrx_word' id='word_1_26' title='bbox 1587 579 1635 615; x_wconf 91' lang='lat' dir='ltr'>et</span> <span class='ocrx_word' id='word_1_27' title='bbox 1660 569 1944 625; x_wconf 88' lang='lat' dir='ltr'>impudenti—</span> 
     </span>
     <span class='ocr_line' id='line_1_5' title="bbox 329 646 1945 705; baseline -0.001 -13"><span class='ocrx_word' id='word_1_28' title='bbox 329 649 416 693; x_wconf 93' lang='lat' dir='ltr'>bus</span> <span class='ocrx_word' id='word_1_29' title='bbox 442 648 709 701; x_wconf 78' lang='lat' dir='ltr'>calumniis,</span> <span class='ocrx_word' id='word_1_30' title='bbox 737 649 911 705; x_wconf 88' lang='lat' dir='ltr'>quibus</span> <span class='ocrx_word' id='word_1_31' title='bbox 935 649 1195 705; x_wconf 81' lang='lat' dir='ltr'>collegium</span> <span class='ocrx_word' id='word_1_32' title='bbox 1222 657 1441 693; x_wconf 89' lang='lat' dir='ltr'>nostrum</span> <span class='ocrx_word' id='word_1_33' title='bbox 1466 647 1580 703; x_wconf 90' lang='lat' dir='ltr'>ipsis</span> <span class='ocrx_word' id='word_1_34' title='bbox 1606 646 1814 691; x_wconf 88' lang='lat' dir='ltr'>inuisum</span> <span class='ocrx_word' id='word_1_35' title='bbox 1840 647 1945 691; x_wconf 91' lang='lat' dir='ltr'>red-</span> 
     </span>
     <span class='ocr_line' id='line_1_6' title="bbox 328 722 1947 783; baseline -0.002 -13"><span class='ocrx_word' id='word_1_36' title='bbox 328 724 460 781; x_wconf 83' lang='lat' dir='ltr'>dant,</span> <span class='ocrx_word' id='word_1_37' title='bbox 488 725 794 781; x_wconf 74' lang='lat' dir='ltr'>adoriuntur,</span> <span class='ocrx_word' id='word_1_38' title='bbox 822 741 917 783; x_wconf 90' lang='lat' dir='ltr'>quo</span> <span class='ocrx_word' id='word_1_39' title='bbox 942 742 971 770; x_wconf 84' lang='lat' dir='ltr'>a</span> <span class='ocrx_word' id='word_1_40' title='bbox 995 726 1133 770; x_wconf 89' lang='lat' dir='ltr'>nobis</span> <span class='ocrx_word' id='word_1_41' title='bbox 1158 725 1433 770; x_wconf 75' lang='lat' dir='ltr'>alienentur</span> <span class='ocrx_word' id='word_1_42' title='bbox 1462 733 1562 769; x_wconf 89' lang='lat' dir='ltr'>tarn</span> <span class='ocrx_word' id='word_1_43' title='bbox 1585 722 1602 750; x_wconf 73' lang='lat' dir='ltr'>b</span> <span class='ocrx_word' id='word_1_44' title='bbox 1632 723 1770 779; x_wconf 90' lang='lat' dir='ltr'>pueri</span> <span class='ocrx_word' id='word_1_45' title='bbox 1803 738 1947 779; x_wconf 90' lang='lat' dir='ltr'>quam</span> 
     </span>
     <span class='ocr_line' id='line_1_7' title="bbox 330 799 1944 858; baseline -0.001 -12"><span class='ocrx_word' id='word_1_46' title='bbox 330 817 594 857; x_wconf 87' lang='lat' dir='ltr'>puerorum</span> <span class='ocrx_word' id='word_1_47' title='bbox 628 803 881 858; x_wconf 80' lang='lat' dir='ltr'>parentes?</span> <span class='ocrx_word' id='word_1_48' title='bbox 913 802 1001 846; x_wconf 88' lang='lat' dir='ltr'>His</span> <span class='ocrx_word' id='word_1_49' title='bbox 1038 801 1177 857; x_wconf 91' lang='lat' dir='ltr'>plura</span> <span class='ocrx_word' id='word_1_50' title='bbox 1207 816 1266 846; x_wconf 85' lang='lat' dir='ltr'>ac</span> <span class='ocrx_word' id='word_1_51' title='bbox 1290 801 1482 846; x_wconf 87' lang='lat' dir='ltr'>maiora</span> <span class='ocrx_word' id='word_1_52' title='bbox 1505 809 1706 845; x_wconf 86' lang='lat' dir='ltr'>nostrae</span> <span class='ocrx_word' id='word_1_53' title='bbox 1730 799 1944 851; x_wconf 73' lang='lat' dir='ltr'>scholae,</span> 
     </span>
     <span class='ocr_line' id='line_1_8' title="bbox 329 875 1947 934; baseline -0.002 -11"><span class='ocrx_word' id='word_1_54' title='bbox 329 877 413 923; x_wconf 87' lang='lat' dir='ltr'>sed</span> <span class='ocrx_word' id='word_1_55' title='bbox 438 879 601 923; x_wconf 85' lang='lat' dir='ltr'>omnia</span> <span class='ocrx_word' id='word_1_56' title='bbox 625 878 814 923; x_wconf 80' lang='lat' dir='ltr'>frustra</span> <span class='ocrx_word' id='word_1_57' title='bbox 842 878 1106 923; x_wconf 90' lang='lat' dir='ltr'>moliuntur</span> <span class='ocrx_word' id='word_1_58' title='bbox 1132 880 1161 922; x_wconf 85' lang='lat'>¹.</span> <span class='ocrx_word' id='word_1_59' title='bbox 1189 878 1300 934; x_wconf 84' lang='lat' dir='ltr'>Quo</span> <span class='ocrx_word' id='word_1_60' title='bbox 1325 877 1450 922; x_wconf 88' lang='lat' dir='ltr'>enim</span> <span class='ocrx_word' id='word_1_61' title='bbox 1475 877 1634 932; x_wconf 83' lang='lat' dir='ltr'>magis</span> <span class='ocrx_word' id='word_1_62' title='bbox 1655 876 1743 933; x_wconf 92' lang='lat' dir='ltr'>piis</span> <span class='ocrx_word' id='word_1_63' title='bbox 1764 875 1947 921; x_wconf 80' lang='lat' dir='ltr'>Christi</span> 
     </span>
     <span class='ocr_line' id='line_1_9' title="bbox 329 952 1942 1011; baseline -0.001 -13"><span class='ocrx_word' id='word_1_64' title='bbox 329 955 514 1009; x_wconf 87' lang='lat' dir='ltr'>coeptis</span> <span class='ocrx_word' id='word_1_65' title='bbox 538 954 602 999; x_wconf 90' lang='lat' dir='ltr'>illi</span> <span class='ocrx_word' id='word_1_66' title='bbox 627 955 883 1011; x_wconf 80' lang='lat' dir='ltr'>obsistunt,</span> <span class='ocrx_word' id='word_1_67' title='bbox 912 970 970 999; x_wconf 92' lang='lat' dir='ltr'>eo</span> <span class='ocrx_word' id='word_1_68' title='bbox 995 953 1222 999; x_wconf 90' lang='lat' dir='ltr'>Christus</span> <span class='ocrx_word' id='word_1_69' title='bbox 1246 954 1468 999; x_wconf 89' lang='lat' dir='ltr'>dominus</span> <span class='ocrx_word' id='word_1_70' title='bbox 1493 953 1649 997; x_wconf 87' lang='lat' dir='ltr'>maius</span> <span class='ocrx_word' id='word_1_71' title='bbox 1674 952 1758 997; x_wconf 91' lang='lat' dir='ltr'>dat</span> <span class='ocrx_word' id='word_1_72' title='bbox 1788 952 1942 997; x_wconf 90' lang='lat' dir='ltr'>incre-</span> 
     </span>
     <span class='ocr_line' id='line_1_10' title="bbox 330 1029 1946 1087; baseline -0.001 -12"><span class='ocrx_word' id='word_1_73' title='bbox 330 1040 561 1086; x_wconf 80' lang='lat' dir='ltr'>mentum,</span> <span class='ocrx_word' id='word_1_74' title='bbox 599 1041 746 1087; x_wconf 86' lang='lat' dir='ltr'>atque</span> <span class='ocrx_word' id='word_1_75' title='bbox 781 1031 988 1076; x_wconf 89' lang='lat' dir='ltr'>mirabili</span> <span class='ocrx_word' id='word_1_76' title='bbox 1023 1046 1113 1075; x_wconf 89' lang='lat' dir='ltr'>sua</span> <span class='ocrx_word' id='word_1_77' title='bbox 1146 1030 1454 1086; x_wconf 90' lang='lat' dir='ltr'>prouidentia</span> <span class='ocrx_word' id='word_1_78' title='bbox 1488 1030 1610 1074; x_wconf 89' lang='lat' dir='ltr'>haec</span> <span class='ocrx_word' id='word_1_79' title='bbox 1634 1029 1782 1074; x_wconf 88' lang='lat' dir='ltr'>etiam</span> <span class='ocrx_word' id='word_1_80' title='bbox 1806 1029 1946 1073; x_wconf 90' lang='lat' dir='ltr'>nobis</span> 
     </span>
     <span class='ocr_line' id='line_1_11' title="bbox 330 1104 1946 1163; baseline -0.001 -12"><span class='ocrx_word' id='word_1_81' title='bbox 330 1106 543 1151; x_wconf 84' lang='lat' dir='ltr'>aduersa</span> <span class='ocrx_word' id='word_1_82' title='bbox 566 1107 612 1152; x_wconf 92' lang='lat' dir='ltr'>in</span> <span class='ocrx_word' id='word_1_83' title='bbox 637 1108 816 1152; x_wconf 88' lang='lat' dir='ltr'>bonum</span> <span class='ocrx_word' id='word_1_84' title='bbox 846 1111 1093 1163; x_wconf 64' lang='lat' dir='ltr'>Operatur</span> <span class='ocrx_word' id='word_1_85' title='bbox 1117 1114 1147 1161; x_wconf 55' lang='grc' dir='ltr'>ς,</span> <span class='ocrx_word' id='word_1_86' title='bbox 1176 1107 1288 1151; x_wconf 91' lang='lat' dir='ltr'>dum</span> <span class='ocrx_word' id='word_1_87' title='bbox 1313 1106 1422 1150; x_wconf 89' lang='lat' dir='ltr'>hinc</span> <span class='ocrx_word' id='word_1_88' title='bbox 1446 1105 1672 1150; x_wconf 88' lang='lat' dir='ltr'>nimirum</span> <span class='ocrx_word' id='word_1_89' title='bbox 1696 1114 1744 1150; x_wconf 95' lang='lat' dir='ltr'>et</span> <span class='ocrx_word' id='word_1_90' title='bbox 1773 1120 1862 1149; x_wconf 89' lang='lat' dir='ltr'>nos</span> <span class='ocrx_word' id='word_1_91' title='bbox 1885 1104 1946 1149; x_wconf 83' lang='lat' dir='ltr'>ad</span> 
     </span>
     <span class='ocr_line' id='line_1_12' title="bbox 332 1181 1949 1240; baseline -0.002 -12"><span class='ocrx_word' id='word_1_92' title='bbox 332 1184 568 1229; x_wconf 86' lang='lat' dir='ltr'>maiorem</span> <span class='ocrx_word' id='word_1_93' title='bbox 600 1184 901 1240; x_wconf 78' lang='lat' dir='ltr'>diligentiam</span> <span class='ocrx_word' id='word_1_94' title='bbox 935 1184 1313 1237; x_wconf 77' lang='lat' dir='ltr'>inflammamur,</span> <span class='ocrx_word' id='word_1_95' title='bbox 1351 1192 1399 1228; x_wconf 89' lang='lat' dir='ltr'>et</span> <span class='ocrx_word' id='word_1_96' title='bbox 1433 1182 1594 1227; x_wconf 88' lang='lat' dir='ltr'>studia</span> <span class='ocrx_word' id='word_1_97' title='bbox 1628 1190 1798 1227; x_wconf 87' lang='lat' dir='ltr'>nostra</span> <span class='ocrx_word' id='word_1_98' title='bbox 1832 1181 1949 1226; x_wconf 89' lang='lat' dir='ltr'>uiris</span> 
     </span>
     <span class='ocr_line' id='line_1_13' title="bbox 330 1258 1946 1317; baseline -0.002 -12"><span class='ocrx_word' id='word_1_99' title='bbox 330 1260 468 1305; x_wconf 85' lang='lat' dir='ltr'>bonis</span> <span class='ocrx_word' id='word_1_100' title='bbox 491 1261 812 1317; x_wconf 79' lang='lat' dir='ltr'>optatissima,</span> <span class='ocrx_word' id='word_1_101' title='bbox 841 1260 947 1305; x_wconf 86' lang='lat' dir='ltr'>aliis</span> <span class='ocrx_word' id='word_1_102' title='bbox 972 1276 1092 1305; x_wconf 89' lang='lat' dir='ltr'>uero</span> <span class='ocrx_word' id='word_1_103' title='bbox 1118 1260 1195 1316; x_wconf 89' lang='lat' dir='ltr'>qui</span> <span class='ocrx_word' id='word_1_104' title='bbox 1220 1259 1393 1304; x_wconf 87' lang='lat' dir='ltr'>mentis</span> <span class='ocrx_word' id='word_1_105' title='bbox 1418 1260 1588 1304; x_wconf 91' lang='lat' dir='ltr'>oculos</span> <span class='ocrx_word' id='word_1_106' title='bbox 1611 1258 1825 1303; x_wconf 89' lang='lat' dir='ltr'>nondum</span> <span class='ocrx_word' id='word_1_107' title='bbox 1850 1273 1946 1302; x_wconf 93' lang='lat' dir='ltr'>om-</span> 
     </span>
     <span class='ocr_line' id='line_1_14' title="bbox 330 1335 1946 1394; baseline -0.002 -12"><span class='ocrx_word' id='word_1_108' title='bbox 330 1337 442 1382; x_wconf 90' lang='lat' dir='ltr'>nino</span> <span class='ocrx_word' id='word_1_109' title='bbox 466 1346 667 1394; x_wconf 88' lang='lat' dir='ltr'>apertos</span> <span class='ocrx_word' id='word_1_110' title='bbox 690 1338 886 1393; x_wconf 79' lang='lat' dir='ltr'>habent,</span> <span class='ocrx_word' id='word_1_111' title='bbox 914 1337 1149 1393; x_wconf 87' lang='lat' dir='ltr'>paulatim</span> <span class='ocrx_word' id='word_1_112' title='bbox 1174 1337 1400 1393; x_wconf 82' lang='lat' dir='ltr'>gratiora</span> <span class='ocrx_word' id='word_1_113' title='bbox 1426 1335 1600 1380; x_wconf 86' lang='lat' dir='ltr'>reddit.</span> <span class='ocrx_word' id='word_1_114' title='bbox 1630 1336 1692 1380; x_wconf 83' lang='lat' dir='ltr'>Et</span> <span class='ocrx_word' id='word_1_115' title='bbox 1726 1335 1818 1380; x_wconf 92' lang='lat' dir='ltr'>hoc</span> <span class='ocrx_word' id='word_1_116' title='bbox 1851 1349 1946 1379; x_wconf 90' lang='lat' dir='ltr'>non</span> 
     </span>
     <span class='ocr_line' id='line_1_15' title="bbox 331 1412 1948 1470; baseline -0.002 -11"><span class='ocrx_word' id='word_1_117' title='bbox 331 1413 593 1459; x_wconf 81' lang='lat' dir='ltr'>difficulter</span> <span class='ocrx_word' id='word_1_118' title='bbox 618 1415 696 1459; x_wconf 91' lang='lat' dir='ltr'>uel</span> <span class='ocrx_word' id='word_1_119' title='bbox 722 1414 829 1459; x_wconf 90' lang='lat' dir='ltr'>hinc</span> <span class='ocrx_word' id='word_1_120' title='bbox 848 1414 1270 1470; x_wconf 79' lang='lat' dir='ltr'>deprehendimus,</span> <span class='ocrx_word' id='word_1_121' title='bbox 1294 1413 1422 1470; x_wconf 91' lang='lat' dir='ltr'>quod</span> <span class='ocrx_word' id='word_1_122' title='bbox 1446 1413 1535 1469; x_wconf 90' lang='lat' dir='ltr'>ipsi</span> <span class='ocrx_word' id='word_1_123' title='bbox 1559 1412 1705 1457; x_wconf 89' lang='lat' dir='ltr'>etiam</span> <span class='ocrx_word' id='word_1_124' title='bbox 1731 1412 1948 1456; x_wconf 89' lang='lat' dir='ltr'>hussitae</span> 
     </span>
     <span class='ocr_line' id='line_1_16' title="bbox 331 1489 1949 1546; baseline -0.001 -11"><span class='ocrx_word' id='word_1_125' title='bbox 331 1490 454 1535; x_wconf 91' lang='lat' dir='ltr'>filios</span> <span class='ocrx_word' id='word_1_126' title='bbox 477 1506 591 1535; x_wconf 89' lang='lat' dir='ltr'>suos</span> <span class='ocrx_word' id='word_1_127' title='bbox 616 1492 661 1535; x_wconf 91' lang='lat' dir='ltr'>in</span> <span class='ocrx_word' id='word_1_128' title='bbox 685 1491 854 1535; x_wconf 91' lang='lat' dir='ltr'>schola</span> <span class='ocrx_word' id='word_1_129' title='bbox 884 1500 1056 1535; x_wconf 87' lang='lat' dir='ltr'>nostra</span> <span class='ocrx_word' id='word_1_130' title='bbox 1089 1491 1195 1546; x_wconf 89' lang='lat' dir='ltr'>plus</span> <span class='ocrx_word' id='word_1_131' title='bbox 1229 1505 1324 1534; x_wconf 87' lang='lat' dir='ltr'>uno</span> <span class='ocrx_word' id='word_1_132' title='bbox 1361 1505 1544 1545; x_wconf 76' lang='lat' dir='ltr'>mense,</span> <span class='ocrx_word' id='word_1_133' title='bbox 1582 1504 1727 1545; x_wconf 90' lang='lat' dir='ltr'>quam</span> <span class='ocrx_word' id='word_1_134' title='bbox 1761 1489 1806 1533; x_wconf 90' lang='lat' dir='ltr'>in</span> <span class='ocrx_word' id='word_1_135' title='bbox 1842 1489 1949 1533; x_wconf 90' lang='lat' dir='ltr'>aliis</span> 
     </span>
     <span class='ocr_line' id='line_1_17' title="bbox 331 1566 1948 1623; baseline -0.002 -10"><span class='ocrx_word' id='word_1_136' title='bbox 331 1577 444 1613; x_wconf 89' lang='lat' dir='ltr'>ante</span> <span class='ocrx_word' id='word_1_137' title='bbox 469 1568 696 1612; x_wconf 89' lang='lat' dir='ltr'>continuo</span> <span class='ocrx_word' id='word_1_138' title='bbox 721 1567 931 1623; x_wconf 84' lang='lat' dir='ltr'>biennio,</span> <span class='ocrx_word' id='word_1_139' title='bbox 959 1567 1227 1623; x_wconf 76' lang='lat' dir='ltr'>profecisse</span> <span class='ocrx_word' id='word_1_140' title='bbox 1248 1567 1375 1612; x_wconf 84' lang='lat' dir='ltr'>ultro</span> <span class='ocrx_word' id='word_1_141' title='bbox 1395 1575 1689 1622; x_wconf 84' lang='lat' dir='ltr'>agnoscunt,</span> <span class='ocrx_word' id='word_1_142' title='bbox 1706 1566 1948 1622; x_wconf 70' lang='lat' dir='ltr'>profiten-</span> 
     </span>
     <span class='ocr_line' id='line_1_18' title="bbox 329 1642 1947 1701; baseline -0.002 -12"><span class='ocrx_word' id='word_1_143' title='bbox 329 1648 414 1689; x_wconf 71' lang='lat' dir='ltr'>tm‘</span> <span class='ocrx_word' id='word_1_144' title='bbox 435 1649 482 1688; x_wconf 73' lang='lat' dir='ltr'>et</span> <span class='ocrx_word' id='word_1_145' title='bbox 504 1644 779 1701; x_wconf 61' lang='lat' dir='ltr'>nzaglzq&#39;fice</span> <span class='ocrx_word' id='word_1_146' title='bbox 800 1643 818 1669; x_wconf 74' lang='lat'>‘¹</span> <span class='ocrx_word' id='word_1_147' title='bbox 843 1643 1147 1700; x_wconf 88' lang='lat' dir='ltr'>praedicant.</span> <span class='ocrx_word' id='word_1_148' title='bbox 1175 1643 1278 1688; x_wconf 85' lang='lat' dir='ltr'>Imo</span> <span class='ocrx_word' id='word_1_149' title='bbox 1309 1643 1571 1699; x_wconf 78' lang='lat' dir='ltr'>leporibus,</span> <span class='ocrx_word' id='word_1_150' title='bbox 1599 1642 1775 1698; x_wconf 86' lang='lat' dir='ltr'>ceruis,</span> <span class='ocrx_word' id='word_1_151' title='bbox 1813 1642 1947 1698; x_wconf 88' lang='lat' dir='ltr'>apris</span> 
     </span>
     <span class='ocr_line' id='line_1_19' title="bbox 329 1718 1946 1776; baseline -0.002 -11"><span class='ocrx_word' id='word_1_152' title='bbox 329 1736 433 1776; x_wconf 84' lang='lat' dir='ltr'>nos,</span> <span class='ocrx_word' id='word_1_153' title='bbox 460 1730 507 1765; x_wconf 94' lang='lat' dir='ltr'>et</span> <span class='ocrx_word' id='word_1_154' title='bbox 531 1720 694 1765; x_wconf 85' lang='lat' dir='ltr'>nescio</span> <span class='ocrx_word' id='word_1_155' title='bbox 720 1721 891 1776; x_wconf 87' lang='lat' dir='ltr'>quibus</span> <span class='ocrx_word' id='word_1_156' title='bbox 916 1720 1022 1764; x_wconf 88' lang='lat' dir='ltr'>aliis</span> <span class='ocrx_word' id='word_1_157' title='bbox 1046 1720 1330 1764; x_wconf 88' lang='lat' dir='ltr'>muneribus</span> <span class='ocrx_word' id='word_1_158' title='bbox 1364 1719 1441 1774; x_wconf 77' lang='lat' dir='ltr'>(id</span> <span class='ocrx_word' id='word_1_159' title='bbox 1470 1718 1768 1776; x_wconf 70' lang='lat' dir='ltr'>qztodfesto</span> <span class='ocrx_word' id='word_1_160' title='bbox 1802 1718 1946 1763; x_wconf 70' lang='lat' dir='ltr'>Nati-</span> 
     </span>
     <span class='ocr_line' id='line_1_20' title="bbox 333 1794 1947 1855; baseline -0.001 -13"><span class='ocrx_word' id='word_1_161' title='bbox 333 1799 509 1843; x_wconf 73' lang='lat' dir='ltr'>uitatis</span> <span class='ocrx_word' id='word_1_162' title='bbox 531 1797 1152 1855; x_wconf 57' lang='lat' dir='ltr'>potissimumsormunt),</span> <span class='ocrx_word' id='word_1_163' title='bbox 1179 1812 1238 1841; x_wconf 88' lang='lat' dir='ltr'>ne</span> <span class='ocrx_word' id='word_1_164' title='bbox 1263 1795 1444 1852; x_wconf 78' lang='lat' dir='ltr'>ingrati</span> <span class='ocrx_word' id='word_1_165' title='bbox 1470 1796 1747 1851; x_wconf 89' lang='lat' dir='ltr'>uideantur,</span> <span class='ocrx_word' id='word_1_166' title='bbox 1770 1794 1947 1840; x_wconf 90' lang='lat' dir='ltr'>inuitos</span> 
     </span>
     <span class='ocr_line' id='line_1_21' title="bbox 330 1871 1943 1930; baseline -0.002 -11"><span class='ocrx_word' id='word_1_167' title='bbox 330 1875 545 1920; x_wconf 85' lang='lat' dir='ltr'>obruunt</span> <span class='ocrx_word' id='word_1_168' title='bbox 568 1890 627 1919; x_wconf 86' lang='lat' dir='ltr'>ac</span> <span class='ocrx_word' id='word_1_169' title='bbox 652 1874 888 1930; x_wconf 75' lang='lat' dir='ltr'>recipere,</span> <span class='ocrx_word' id='word_1_170' title='bbox 915 1873 953 1917; x_wconf 91' lang='lat' dir='ltr'>si</span> <span class='ocrx_word' id='word_1_171' title='bbox 987 1889 1081 1918; x_wconf 91' lang='lat' dir='ltr'>non</span> <span class='ocrx_word' id='word_1_172' title='bbox 1116 1882 1166 1918; x_wconf 92' lang='lat' dir='ltr'>ut</span> <span class='ocrx_word' id='word_1_173' title='bbox 1200 1888 1421 1928; x_wconf 77' lang='lat' dir='ltr'>munera,</span> <span class='ocrx_word' id='word_1_174' title='bbox 1458 1888 1545 1917; x_wconf 91' lang='lat' dir='ltr'>seu</span> <span class='ocrx_word' id='word_1_175' title='bbox 1580 1871 1943 1928; x_wconf 88' lang='lat' dir='ltr'>retributiones,</span> 
     </span>
     <span class='ocr_line' id='line_1_22' title="bbox 330 1951 1151 2006; baseline -0.002 -10"><span class='ocrx_word' id='word_1_176' title='bbox 330 1953 504 1996; x_wconf 88' lang='lat' dir='ltr'>saltem</span> <span class='ocrx_word' id='word_1_177' title='bbox 529 1960 580 1996; x_wconf 90' lang='lat' dir='ltr'>ut</span> <span class='ocrx_word' id='word_1_178' title='bbox 603 1951 927 1995; x_wconf 87' lang='lat' dir='ltr'>eleemosinas</span> <span class='ocrx_word' id='word_1_179' title='bbox 951 1959 1151 2006; x_wconf 79' lang='lat' dir='ltr'>cogunt.</span> 
     </span>
    </p>

    <p class='ocr_par' dir='ltr' id='par_1_3' title="bbox 330 2023 1947 2541">
     <span class='ocr_line' id='line_1_23' title="bbox 378 2023 1946 2082; baseline -0.003 -10"><span class='ocrx_word' id='word_1_180' title='bbox 378 2027 420 2072; x_wconf 79' lang='lat'>5.</span> <span class='ocrx_word' id='word_1_181' title='bbox 472 2027 596 2072; x_wconf 87' lang='lat' dir='ltr'>Hinc</span> <span class='ocrx_word' id='word_1_182' title='bbox 616 2027 762 2071; x_wconf 87' lang='lat' dir='ltr'>etiam</span> <span class='ocrx_word' id='word_1_183' title='bbox 782 2026 1009 2071; x_wconf 88' lang='lat' dir='ltr'>accidere</span> <span class='ocrx_word' id='word_1_184' title='bbox 1029 2026 1267 2082; x_wconf 81' lang='lat' dir='ltr'>suspicor,</span> <span class='ocrx_word' id='word_1_185' title='bbox 1291 2036 1342 2070; x_wconf 91' lang='lat' dir='ltr'>ut</span> <span class='ocrx_word' id='word_1_186' title='bbox 1362 2025 1497 2070; x_wconf 92' lang='lat' dir='ltr'>multi</span> <span class='ocrx_word' id='word_1_187' title='bbox 1517 2023 1788 2081; x_wconf 68' lang='lat' dir='ltr'>magnifici</span> <span class='ocrx_word' id='word_1_188' title='bbox 1806 2023 1946 2079; x_wconf 86' lang='lat' dir='ltr'>regni</span> 
     </span>
     <span class='ocr_line' id='line_1_24' title="bbox 332 2099 1945 2159; baseline -0.002 -11"><span class='ocrx_word' id='word_1_189' title='bbox 332 2104 471 2148; x_wconf 86' lang='grc'>11111115</span> <span class='ocrx_word' id='word_1_190' title='bbox 495 2105 707 2149; x_wconf 86' lang='lat' dir='ltr'>barones</span> <span class='ocrx_word' id='word_1_191' title='bbox 732 2118 846 2147; x_wconf 83' lang='lat' dir='ltr'>suos</span> <span class='ocrx_word' id='word_1_192' title='bbox 871 2101 1009 2159; x_wconf 72' lang='lat' dir='ltr'>filios,</span> <span class='ocrx_word' id='word_1_193' title='bbox 1036 2118 1131 2147; x_wconf 90' lang='lat' dir='ltr'>non</span> <span class='ocrx_word' id='word_1_194' title='bbox 1163 2102 1308 2146; x_wconf 90' lang='lat' dir='ltr'>modo</span> <span class='ocrx_word' id='word_1_195' title='bbox 1340 2102 1384 2146; x_wconf 90' lang='lat' dir='ltr'>in</span> <span class='ocrx_word' id='word_1_196' title='bbox 1416 2101 1611 2147; x_wconf 86' lang='lat' dir='ltr'>scholas</span> <span class='ocrx_word' id='word_1_197' title='bbox 1638 2107 1669 2154; x_wconf 68' lang='lat' dir='ltr'>e,</span> <span class='ocrx_word' id='word_1_198' title='bbox 1703 2101 1787 2145; x_wconf 92' lang='lat' dir='ltr'>sed</span> <span class='ocrx_word' id='word_1_199' title='bbox 1820 2109 1867 2145; x_wconf 90' lang='lat' dir='ltr'>et</span> <span class='ocrx_word' id='word_1_200' title='bbox 1901 2099 1945 2144; x_wconf 91' lang='lat' dir='ltr'>in</span> 
     </span>
     <span class='ocr_line' id='line_1_25' title="bbox 331 2176 1947 2236; baseline -0.003 -11"><span class='ocrx_word' id='word_1_201' title='bbox 331 2185 588 2236; x_wconf 47' lang='lat' dir='ltr'>expensas</span> <span class='ocrx_word' id='word_1_202' title='bbox 632 2184 836 2224; x_wconf 69' lang='lat' dir='ltr'>nostras</span> <span class='ocrx_word' id='word_1_203' title='bbox 878 2178 1187 2224; x_wconf 90' lang='lat' dir='ltr'>conuictores</span> <span class='ocrx_word' id='word_1_204' title='bbox 1226 2178 1458 2227; x_wconf 72' lang='lat' dir='ltr'>offerant,</span> <span class='ocrx_word' id='word_1_205' title='bbox 1501 2186 1548 2222; x_wconf 93' lang='lat' dir='ltr'>et</span> <span class='ocrx_word' id='word_1_206' title='bbox 1581 2193 1675 2234; x_wconf 87' lang='lat' dir='ltr'>quo</span> <span class='ocrx_word' id='word_1_207' title='bbox 1714 2176 1813 2221; x_wconf 90' lang='lat' dir='ltr'>uoti</span> <span class='ocrx_word' id='word_1_208' title='bbox 1852 2176 1947 2221; x_wconf 90' lang='lat' dir='ltr'>sint</span> 
     </span>
     <span class='ocr_line' id='line_1_26' title="bbox 331 2253 1944 2312; baseline -0.002 -11"><span class='ocrx_word' id='word_1_209' title='bbox 331 2265 596 2312; x_wconf 79' lang='lat' dir='ltr'>compotes,</span> <span class='ocrx_word' id='word_1_210' title='bbox 639 2272 725 2300; x_wconf 88' lang='lat' dir='ltr'>nos</span> <span class='ocrx_word' id='word_1_211' title='bbox 765 2256 978 2311; x_wconf 83' lang='lat' dir='ltr'>quotidie</span> <span class='ocrx_word' id='word_1_212' title='bbox 1018 2259 1274 2309; x_wconf 68' lang='lat' dir='ltr'>moneant,</span> <span class='ocrx_word' id='word_1_213' title='bbox 1312 2254 1572 2308; x_wconf 80' lang='lat' dir='ltr'>solicitent‚</span> <span class='ocrx_word' id='word_1_214' title='bbox 1611 2263 1659 2298; x_wconf 89' lang='lat' dir='ltr'>et</span> <span class='ocrx_word' id='word_1_215' title='bbox 1690 2253 1865 2297; x_wconf 85' lang='lat' dir='ltr'>mirum</span> <span class='ocrx_word' id='word_1_216' title='bbox 1900 2253 1944 2297; x_wconf 86' lang='lat' dir='ltr'>in</span> 
     </span>
     <span class='ocr_line' id='line_1_27' title="bbox 330 2329 1944 2388; baseline -0.002 -11"><span class='ocrx_word' id='word_1_217' title='bbox 330 2334 523 2377; x_wconf 90' lang='lat' dir='ltr'>modum</span> <span class='ocrx_word' id='word_1_218' title='bbox 548 2341 777 2388; x_wconf 72' lang='lat' dir='ltr'>urgeant,</span> <span class='ocrx_word' id='word_1_219' title='bbox 805 2332 929 2388; x_wconf 85' lang='lat' dir='ltr'>quod</span> <span class='ocrx_word' id='word_1_220' title='bbox 956 2332 1016 2376; x_wconf 87' lang='lat' dir='ltr'>ad</span> <span class='ocrx_word' id='word_1_221' title='bbox 1042 2347 1153 2376; x_wconf 86' lang='lat' dir='ltr'>eum</span> <span class='ocrx_word' id='word_1_222' title='bbox 1179 2331 1373 2376; x_wconf 87' lang='lat' dir='ltr'>modum</span> <span class='ocrx_word' id='word_1_223' title='bbox 1398 2340 1445 2376; x_wconf 92' lang='lat' dir='ltr'>et</span> <span class='ocrx_word' id='word_1_224' title='bbox 1469 2330 1709 2386; x_wconf 90' lang='lat' dir='ltr'>pueritiae</span> <span class='ocrx_word' id='word_1_225' title='bbox 1734 2329 1944 2388; x_wconf 63' lang='lat' dir='ltr'>bohemis</span> 
     </span>
     <span class='ocr_line' id='line_1_28' title="bbox 330 2405 1944 2464; baseline -0.002 -11"><span class='ocrx_word' id='word_1_226' title='bbox 330 2424 435 2464; x_wconf 79' lang='lat' dir='ltr'>cae,</span> <span class='ocrx_word' id='word_1_227' title='bbox 463 2417 510 2452; x_wconf 87' lang='lat' dir='ltr'>et</span> <span class='ocrx_word' id='word_1_228' title='bbox 534 2408 687 2453; x_wconf 83' lang='lat' dir='ltr'>nostri</span> <span class='ocrx_word' id='word_1_229' title='bbox 712 2409 858 2452; x_wconf 84' lang='lat' dir='ltr'>etiam</span> <span class='ocrx_word' id='word_1_230' title='bbox 884 2408 1078 2463; x_wconf 82' lang='lat' dir='ltr'>collegii</span> <span class='ocrx_word' id='word_1_231' title='bbox 1103 2407 1352 2453; x_wconf 78' lang='lat' dir='ltr'>successui</span> <span class='ocrx_word' id='word_1_232' title='bbox 1377 2406 1649 2462; x_wconf 90' lang='lat' dir='ltr'>peroptime</span> <span class='ocrx_word' id='word_1_233' title='bbox 1668 2405 1944 2450; x_wconf 90' lang='lat' dir='ltr'>consultum</span> 
     </span>
     <span class='ocr_line' id='line_1_29' title="bbox 333 2494 515 2541; baseline -0.005 -12"><span class='ocrx_word' id='word_1_234' title='bbox 333 2494 515 2541; x_wconf 89' lang='lat' dir='ltr'>putent.</span> 
     </span>
    </p>

    <p class='ocr_par' dir='ltr' id='par_1_4' title="bbox 333 2557 1944 2769">
     <span class='ocr_line' id='line_1_30' title="bbox 388 2557 1944 2616; baseline -0.003 -11"><span class='ocrx_word' id='word_1_235' title='bbox 388 2561 429 2605; x_wconf 75' lang='grc' dir='ltr'>(Ῐ).</span> <span class='ocrx_word' id='word_1_236' title='bbox 498 2560 599 2604; x_wconf 84' lang='grc' dir='ltr'>Νο5</span> <span class='ocrx_word' id='word_1_237' title='bbox 623 2570 787 2605; x_wconf 89' lang='lat' dir='ltr'>tamen</span> <span class='ocrx_word' id='word_1_238' title='bbox 814 2560 1050 2605; x_wconf 82' lang='lat' dir='ltr'>hactenus</span> <span class='ocrx_word' id='word_1_239' title='bbox 1070 2575 1254 2616; x_wconf 88' lang='lat' dir='ltr'>paucos</span> <span class='ocrx_word' id='word_1_240' title='bbox 1274 2559 1433 2604; x_wconf 90' lang='lat' dir='ltr'>adhuc</span> <span class='ocrx_word' id='word_1_241' title='bbox 1452 2557 1743 2613; x_wconf 78' lang='lat' dir='ltr'>recepimus,</span> <span class='ocrx_word' id='word_1_242' title='bbox 1766 2557 1944 2613; x_wconf 86' lang='lat' dir='ltr'>partim</span> 
     </span>
     <span class='ocr_line' id='line_1_31' title="bbox 333 2632 1943 2693; baseline -0.003 -12"><span class='ocrx_word' id='word_1_243' title='bbox 333 2637 460 2693; x_wconf 85' lang='lat' dir='ltr'>quod</span> <span class='ocrx_word' id='word_1_244' title='bbox 484 2636 747 2692; x_wconf 78' lang='lat' dir='ltr'>collegium</span> <span class='ocrx_word' id='word_1_245' title='bbox 773 2637 884 2681; x_wconf 75' lang='lat' dir='ltr'>istis</span> <span class='ocrx_word' id='word_1_246' title='bbox 908 2637 1057 2680; x_wconf 65' lang='lat' dir='ltr'>rebus</span> <span class='ocrx_word' id='word_1_247' title='bbox 1080 2636 1089 2662; x_wconf 81' lang='lat' dir='ltr'>f</span> <span class='ocrx_word' id='word_1_248' title='bbox 1119 2636 1331 2680; x_wconf 90' lang='lat' dir='ltr'>nondum</span> <span class='ocrx_word' id='word_1_249' title='bbox 1356 2635 1476 2680; x_wconf 87' lang='lat' dir='ltr'>satis</span> <span class='ocrx_word' id='word_1_250' title='bbox 1509 2634 1570 2679; x_wconf 87' lang='lat' dir='ltr'>sit</span> <span class='ocrx_word' id='word_1_251' title='bbox 1603 2632 1943 2678; x_wconf 86' lang='lat' dir='ltr'>accommoda-</span> 
     </span>
     <span class='ocr_line' id='line_1_32' title="bbox 333 2708 1944 2769; baseline -0.003 -12"><span class='ocrx_word' id='word_1_252' title='bbox 333 2722 450 2768; x_wconf 84' lang='grc'>111111,</span> <span class='ocrx_word' id='word_1_253' title='bbox 489 2713 665 2769; x_wconf 85' lang='lat' dir='ltr'>partim</span> <span class='ocrx_word' id='word_1_254' title='bbox 700 2728 820 2757; x_wconf 79' lang='lat' dir='ltr'>uero</span> <span class='ocrx_word' id='word_1_255' title='bbox 855 2712 982 2768; x_wconf 90' lang='lat' dir='ltr'>quod</span> <span class='ocrx_word' id='word_1_256' title='bbox 1017 2727 1202 2765; x_wconf 80' lang='lat' dir='ltr'>omnes,</span> <span class='ocrx_word' id='word_1_257' title='bbox 1241 2712 1319 2768; x_wconf 91' lang='lat' dir='ltr'>qui</span> <span class='ocrx_word' id='word_1_258' title='bbox 1352 2726 1480 2756; x_wconf 89' lang='lat' dir='ltr'>nunc</span> <span class='ocrx_word' id='word_1_259' title='bbox 1514 2710 1590 2755; x_wconf 91' lang='lat' dir='ltr'>hic</span> <span class='ocrx_word' id='word_1_260' title='bbox 1623 2724 1805 2763; x_wconf 87' lang='lat' dir='ltr'>sumus,</span> <span class='ocrx_word' id='word_1_261' title='bbox 1838 2708 1944 2753; x_wconf 87' lang='lat' dir='ltr'>aliis</span> 
     </span>
    </p>
   </div>
   <div class='ocr_carea' id='block_1_3' title="bbox 379 2859 1858 2959">
    <p class='ocr_par' dir='ltr' id='par_1_5' title="bbox 379 2859 1858 2959">
     <span class='ocr_line' id='line_1_33' title="bbox 379 2859 1858 2900; baseline -0.003 -1"><span class='ocrx_word' id='word_1_262' title='bbox 379 2871 396 2891; x_wconf 76' lang='lat' dir='ltr'>a</span> <span class='ocrx_word' id='word_1_263' title='bbox 445 2864 483 2899; x_wconf 91' lang='lat' dir='ltr'>in</span> <span class='ocrx_word' id='word_1_264' title='bbox 503 2864 583 2900; x_wconf 85' lang='lat' dir='ltr'>suis</span> <span class='ocrx_word' id='word_1_265' title='bbox 599 2864 801 2900; x_wconf 85' lang='lat' dir='ltr'>erroribus</span> <span class='ocrx_word' id='word_1_266' title='bbox 820 2864 1035 2900; x_wconf 80' lang='lat' dir='ltr'>obcaecati.</span> <span class='ocrx_word' id='word_1_267' title='bbox 1090 2864 1154 2891; x_wconf 84' lang='lat' dir='ltr'>—b</span> <span class='ocrx_word' id='word_1_268' title='bbox 1188 2863 1370 2900; x_wconf 77' lang='lat' dir='ltr'>Emend.</span> <span class='ocrx_word' id='word_1_269' title='bbox 1394 2873 1443 2899; x_wconf 74' lang='lat' dir='ltr'>ex</span> <span class='ocrx_word' id='word_1_270' title='bbox 1462 2867 1513 2898; x_wconf 88' lang='lat' dir='ltr'>et.</span> <span class='ocrx_word' id='word_1_271' title='bbox 1569 2867 1629 2888; x_wconf 78' lang='lat' dir='ltr'>——c</span> <span class='ocrx_word' id='word_1_272' title='bbox 1649 2859 1858 2896; x_wconf 83' lang='lat' dir='ltr'>conuertit.</span> 
     </span>
     <span class='ocr_line' id='line_1_34' title="bbox 380 2922 1154 2959; baseline -0.001 0"><span class='ocrx_word' id='word_1_273' title='bbox 380 2923 399 2950; x_wconf 86' lang='lat' dir='ltr'>d</span> <span class='ocrx_word' id='word_1_274' title='bbox 447 2928 497 2959; x_wconf 86' lang='lat' dir='ltr'>et.</span> <span class='ocrx_word' id='word_1_275' title='bbox 553 2930 613 2949; x_wconf 79' lang='lat' dir='ltr'>-e</span> <span class='ocrx_word' id='word_1_276' title='bbox 635 2923 901 2959; x_wconf 83' lang='lat' dir='ltr'>scholasticos.</span> <span class='ocrx_word' id='word_1_277' title='bbox 965 2922 1011 2948; x_wconf 78' lang='lat' dir='ltr'>-f</span> <span class='ocrx_word' id='word_1_278' title='bbox 1038 2922 1154 2958; x_wconf 85' lang='lat' dir='ltr'>adid.</span> 
     </span>
    </p>
   </div>
   <div class='ocr_carea' id='block_1_4' title="bbox 335 3054 1941 3160">
    <p class='ocr_par' dir='ltr' id='par_1_6' title="bbox 335 3054 1941 3160">
     <span class='ocr_line' id='line_1_35' title="bbox 381 3054 1941 3104; baseline -0.003 -10"><span class='ocrx_word' id='word_1_279' title='bbox 381 3060 391 3079; x_wconf 82' lang='lat'><strong>¹</strong></span> <span class='ocrx_word' id='word_1_280' title='bbox 447 3058 564 3094; x_wconf 79' lang='lat' dir='ltr'>Hisce</span> <span class='ocrx_word' id='word_1_281' title='bbox 585 3064 623 3094; x_wconf 89' lang='grc'>01</span> <span class='ocrx_word' id='word_1_282' title='bbox 642 3058 900 3104; x_wconf 81' lang='lat' dir='ltr'>sequentibus</span> <span class='ocrx_word' id='word_1_283' title='bbox 920 3058 1074 3094; x_wconf 83' lang='lat' dir='ltr'>nunciis</span> <span class='ocrx_word' id='word_1_284' title='bbox 1093 3070 1188 3093; x_wconf 87' lang='lat' dir='ltr'>usus</span> <span class='ocrx_word' id='word_1_285' title='bbox 1206 3057 1327 3093; x_wconf 79' lang='lat' dir='ltr'>fuisse</span> <span class='ocrx_word' id='word_1_286' title='bbox 1348 3056 1505 3093; x_wconf 85' lang='lat' dir='ltr'>videtur</span> <span class='ocrx_word' id='word_1_287' title='bbox 1523 3055 1753 3098; x_wconf 80' lang='lat' dir='ltr'>POLANCUS,</span> <span class='ocrx_word' id='word_1_288' title='bbox 1775 3054 1941 3098; x_wconf 62' lang='lat' dir='ltr'>Clzron„</span> 
     </span>
     <span class='ocr_line' id='line_1_36' title="bbox 335 3117 609 3160; baseline -0.004 -6"><span class='ocrx_word' id='word_1_289' title='bbox 335 3117 407 3159; x_wconf 80' lang='lat' dir='ltr'>VI,</span> <span class='ocrx_word' id='word_1_290' title='bbox 427 3118 509 3160; x_wconf 67' lang='lat'>37¹0,</span> <span class='ocrx_word' id='word_1_291' title='bbox 529 3117 609 3153; x_wconf 71' lang='lat'>374.</span> 
     </span>
    </p>
   </div>
  </div>
 </body>
</html>
