2051 3516
538 293 825 331 19l.-—G1-:NUA
855 295 868 330 l
899 293 1161 332 SEPTEMssms
1191 293 1282 330 1558
1611 292 1681 330 789

91 387 300 433 cendum
325 387 559 433 arbitror.
589 389 715 434 Nam
740 390 964 445 quamuis
990 405 1085 435 non
1105 398 1276 446 pateat
1295 388 1388 434 illis
1407 388 1469 433 ad
1489 389 1728 434 sacellum

92 475 316 509 nostrum
340 464 521 521 aditus,
549 475 713 511 tamen
744 467 790 511 in
825 468 948 512 aede
982 467 1144 512 Diuae
1179 466 1373 511 Mariae
1408 465 1558 510 aliam
1594 466 1730 522 ipsae

92 556 315 586 seorsum
339 541 610 597 spiritalem
635 543 892 588 cohortem
918 543 1212 599 conflarunt,
1240 557 1369 599 quae
1388 557 1501 587 curn
1523 541 1730 598 singulis

91 617 263 662 diebus
286 616 426 662 festis
450 617 735 674 frequentes
759 620 821 664 ad
846 635 1045 665 sacram
1070 619 1298 676 synaxim
1323 619 1584 674 accedant,
1611 619 1729 663 mul-

92 705 142 739 to
166 703 330 739 tamen
355 693 720 750 frequentiores
743 706 855 741 sunt
881 697 924 741 in
950 696 1090 741 festis
1113 696 1399 741 solennibus
1433 694 1731 751 praesertim

93 771 346 827 Deiparae
371 770 609 827 Uirginis,
638 773 763 818 adeo
789 782 841 818 ut
865 773 1161 818 confessarii
1186 773 1341 818 nostri
1366 772 1482 828 ipsis
1514 787 1609 817 non
1634 771 1732 816 suf·

93 847 316 903 ficerent,
344 848 433 893 nisi
459 849 504 893 in
530 849 654 894 alios
679 849 939 894 differrent
964 850 1067 894 dies
1086 849 1443 895 confessiones.
1466 848 1594 893 Hinc
1614 848 1730 894 effe—

94 935 226 970 ctum
251 934 326 970 est
349 934 401 970 ut
424 927 653 971 certatim
679 927 1044 982 quodammodo
1070 927 1301 971 mulieres
1334 926 1490 971 nolint
1524 941 1732 971 numero

94 1003 158 1048 ab
181 1002 457 1047 hominibus
482 1004 727 1059 superari,
756 1004 884 1048 vnde
909 1004 1242 1048 inueteratam
1278 1003 1514 1048 infamiae
1549 1004 1728 1057 labem,

94 1095 191 1136 qua
225 1080 378 1135 vulgo
414 1091 556 1125 erant
590 1090 811 1137 notatae,
855 1080 1070 1125 abluisse
1110 1081 1207 1125 iam
1242 1081 1440 1125 omnino
1480 1080 1729 1129 videntur:

94 1158 247 1212 vulgo
272 1157 397 1201 enim
422 1168 468 1201 et
493 1157 672 1213 passim
700 1173 794 1201 uno
819 1172 906 1201 ore
931 1157 1297 1202 decantabatur
1321 1158 1431 1212 (nec
1465 1156 1731 1213 immerito)

93 1234 314 1279 homines
339 1250 619 1290 genuenses
645 1234 921 1292 procliu[io]
932 1250 1009 1279 res
1029 1237 1047 1254 η
1073 1249 1181 1278 esse
1201 1234 1263 1278 ad
1284 1234 1465 1278 bonum
1485 1233 1730 1291 foeminiS,

94 1327 221 1368 quae
248 1312 290 1356 in
328 1312 538 1357 uestium
576 1314 709 1357 cultu
745 1321 894 1368 atque
929 1321 1109 1357 ornatu
1146 1311 1251 1367 plus
1286 1326 1472 1367 operae
1503 1326 1650 1366 quarn
1685 1311 1731 1355 in

93 1389 202 1434 aliis
227 1390 376 1434 rebus
399 1391 730 1446 collocabant,
760 1390 887 1446 quod
912 1390 1009 1434 iam
1035 1389 1226 1434 aboleri
1252 1398 1481 1444 coeptum
1502 1398 1592 1443 est,
1621 1404 1731 1434 cum

95 1468 309 1512 demisso
335 1468 544 1512 uestium
571 1468 718 1512 nimio
742 1477 1008 1524 apparatu,
1037 1467 1099 1512 ad
1125 1468 1306 1512 bonam
1332 1482 1384 1511 se
1409 1466 1507 1511 iam
1532 1466 1731 1523 frugem

99 1545 325 1601 recipere
350 1544 599 1600 incipiant.

151 1622 195 1668 3.
263 1621 475 1667 Praeter
499 1621 838 1667 confessiones
862 1622 1147 1667 ordinarias
1171 1629 1495 1666 accesserunt
1525 1629 1573 1665 et
1603 1621 1733 1666 aliae

96 1699 534 1745 extraordinariae
559 1715 653 1744 non
691 1715 900 1756 paucae,
937 1715 1051 1744 nam
1086 1714 1198 1744 cum
1234 1698 1524 1744 turcharum
1561 1699 1734 1744 classis

95 1792 222 1832 quae
256 1778 350 1822 hac
383 1786 577 1822 aestate
612 1788 786 1823 nostra
819 1778 944 1822 haec
983 1777 1144 1822 maria
1183 1777 1454 1831 infestauit,
1496 1792 1733 1833 magnum

96 1853 382 1899 incussisset
406 1854 634 1900 timorem
666 1854 924 1900 maritimis
958 1855 1096 1911 locis,
1134 1854 1400 1900 immunitis
1435 1854 1731 1910 praesertim

96 1940 246 1987 atque
270 1932 456 1989 paruis,
485 1931 743 1977 multitudo
767 1947 888 1977 sane
918 1947 1104 1988 magna
1139 1947 1201 1976 ex
1236 1932 1463 1976 omnibus
1494 1931 1568 1975 his
1602 1931 1733 1988 oppi-

96 2008 221 2053 dulis
245 2009 306 2053 ad
332 2008 461 2053 hanc
485 2008 723 2054 confluxit
746 2010 1018 2065 ciuitatem,
1045 2020 1284 2065 tanquam
1319 2009 1381 2054 ad
1416 2024 1616 2054 sacram
1651 2024 1733 2053 an-

96 2086 318 2143 choram;
348 2086 561 2139 videres,
589 2087 652 2132 mi
676 2086 845 2142 Pater,
872 2096 944 2132 tot
979 2088 1314 2143 pauperculas
1353 2087 1588 2132 mulieres
1621 2101 1732 2131 curn

96 2163 264 2208 liberis
288 2163 390 2209 suis
415 2163 719 2220 (miserabile
743 2164 872 2221 visu)
897 2180 1093 2209 omnem
1125 2180 1273 2221 quam
1308 2173 1542 2221 poterant
1576 2165 1733 2220 supel-

96 2241 308 2286 lectilem
356 2250 695 2298 asportantes,
742 2258 864 2298 prae
908 2237 1086 2287 timore
1132 2242 1216 2287 vix
1266 2258 1412 2298 posse
1462 2241 1730 2298 respirare.

98 2318 420 2363 Authoritate
445 2334 568 2375 ergo
592 2319 790 2374 publica
809 2328 1010 2364 cautum
1036 2328 1111 2364 est
1135 2328 1186 2364 ut
1207 2319 1544 2375 pauperculae
1564 2318 1733 2364 mulie-

97 2411 178 2440 res
201 2410 313 2441 cum
337 2394 446 2440 filiis
470 2395 570 2440 suis
594 2411 683 2452 per
707 2396 932 2441 oratoria
957 2397 1201 2453 quaedam
1226 2396 1444 2442 ciuitatis
1476 2397 1622 2453 (quae
1652 2411 1731 2441 ca-

94 2487 243 2517 sazze
278 2487 306 2517 a
342 2473 677 2529 genuensibus
701 2473 989 2531 dicunt[ur])
1010 2474 1444 2525 distribuerentur,
1473 2473 1732 2530 victusque

96 2550 414 2595 necessarius
438 2565 501 2594 ex
525 2551 730 2606 publicis
764 2551 1075 2596 eleemosinis
1114 2551 1534 2614 suppeditaretur,
1562 2550 1731 2607 Atque

96 2637 149 2672 ut
172 2642 236 2672 ex
258 2627 352 2672 hac
376 2627 558 2672 misera
582 2626 742 2685 fug[a]
766 2639 813 2673 et
837 2629 1125 2674 calamitate
1149 2628 1326 2684 aliquis
1361 2628 1598 2684 spiritalis
1631 2627 1731 2673 fru-

97 2715 205 2750 ctus
229 2705 276 2749 in
295 2706 629 2761 pauperculas
647 2705 737 2750 has
757 2706 1078 2757 redundaret,
1102 2706 1162 2751 R.
1185 2705 1238 2751 P.
1262 2706 1324 2751 D.
1348 2706 1536 2752 Loarte
1555 2707 1731 2762 princi-

97 2798 183 2839 pes
207 2782 348 2828 huius
384 2782 637 2840 c[i]uitatis
672 2783 825 2840 uiros,
862 2784 1038 2840 quibus
1072 2784 1196 2828 haec
1231 2794 1499 2829 cura·erat
1533 2784 1730 2829 deman·

99 2861 231 2916 data,
251 2860 500 2915 conuenit,
520 2860 785 2918 effecitque
803 2871 856 2907 ut
874 2878 970 2906 non
992 2862 1152 2906 minor
1176 2877 1300 2906 cura
1319 2862 1486 2907 tuendi
1507 2863 1733 2918 corporis

99 2953 245 2994 quam
280 2937 475 2982 animae
511 2938 797 2989 haberetur,
835 2948 983 2995 atque
1018 2939 1086 2983 ita
1111 2938 1324 2995 seipsum
1349 2939 1626 2996 Patresque
1650 2955 1730 2985 no-

145 3106 162 3124 a
218 3106 485 3151 Consumpta
507 3105 660 3142 charta
679 3106 749 3142 llic
769 3109 807 3142 et
826 3105 946 3151 iufra
968 3107 1012 3142 in
1034 3107 1240 3142 extremis
1258 3107 1468 3143 versibus.
