2051 3516
518 312 906 350 209.—V1x120130NA
932 312 974 348 31
1006 311 1211 349 0010szss
1240 309 1330 348 1558
1621 310 1691 346 857

110 427 172 474 ad
190 442 366 473 verum
384 435 432 473 et
450 426 724 483 legitimum
739 425 833 472 Dei
848 426 1033 471 cultum
1050 425 1206 471 sacris
1223 424 1650 471 exhortationibus
1665 440 1740 471 re-

110 505 294 550 ducere
317 512 468 561 atque
492 504 715 550 excitare
737 503 905 561 possit.
928 502 1033 548 Nec
1051 502 1271 559 segniter
1290 518 1410 549 sane
1429 502 1526 548 huc
1544 511 1738 548 conten-

110 581 194 638 dit;
222 580 462 638 siquidem
490 580 673 626 omissa
692 568 1030 638 philosophiae
1054 579 1249 636 publica
1269 579 1315 625 in
1335 579 1738 637 archigymnasio

110 658 364 704 viennensi
389 658 748 717 praelectione,
776 656 1069 713 theologicis
1093 656 1266 702 studiis
1284 656 1500 703 animum
1524 657 1740 703 adiicere

109 735 299 792 statuit,
326 743 375 781 et
398 735 497 780 iam
524 751 554 781 a
577 751 823 782 caesarea
842 734 1124 789 maiestate,
1152 735 1264 781 Rdi.
1301 734 1354 780 P.
1378 734 1639 781 Victoriae
1673 735 1737 780 in-

111 812 430 870 tercessione,
453 813 664 859 obtinuit
683 828 810 870 quae
829 811 892 858 ad
910 812 1035 858 haec
1053 812 1158 858 eius
1181 813 1343 858 studia
1366 811 1583 858 fouenda
1607 812 1739 858 vide·

109 890 292 936 bantur
317 890 621 936 necessaria.

165 967 207 1013 6.
275 966 496 1013 Difficile
520 967 744 1024 equidem
780 966 912 1013 dictu
946 981 1094 1024 quam
1128 982 1315 1024 graues
1339 966 1416 1013 hic
1439 967 1738 1024 persecutio-

110 1060 192 1090 nes
217 1044 474 1102 patiantur
499 1045 578 1102 qui
603 1044 681 1102 pie
705 1043 877 1090 volunt
899 1043 1073 1090 viuere
1097 1044 1143 1090 in
1169 1043 1387 1090 Christo.
1414 1044 1739 1091 Nihilominus

108 1131 275 1168 tamen
309 1137 405 1167 non
441 1121 804 1180 infrequentem
838 1121 916 1167 hic
951 1121 1122 1168 videas
1155 1122 1349 1178 piorum
1382 1121 1632 1168 hominum
1657 1137 1739 1167 nu-

107 1215 314 1256 merum,
344 1199 424 1257 qui
450 1199 647 1256 quidem
671 1207 810 1246 tanto
845 1208 957 1245 sunt
990 1199 1036 1245 in
1071 1198 1164 1245 fide
1198 1199 1528 1256 probatiores,
1555 1209 1739 1256 quanto

109 1277 380 1323 maioribus
414 1278 478 1322 ab
514 1276 822 1323 aduersariis
855 1288 1130 1322 onerantur
1165 1277 1440 1334 calumniis,
1467 1286 1515 1323 et
1537 1277 1738 1334 iniquio-

108 1355 244 1401 ribus
268 1354 617 1413 opprimuntur
641 1354 1057 1401 accusationibus.
1079 1355 1184 1401 Nos
1207 1364 1344 1401 certe
1369 1370 1545 1412 parum
1572 1355 1651 1400 vel
1673 1354 1738 1400 ni-

109 1433 173 1479 hil
196 1433 426 1491 patimur,
454 1444 507 1478 vt
532 1432 611 1490 qui
647 1433 776 1479 dorni
810 1432 1068 1490 plurimum
1103 1432 1452 1478 delitescamus
1486 1441 1534 1478 et
1568 1432 1742 1478 diuinis

109 1520 280 1557 mutuo
304 1526 393 1556 nos
420 1511 641 1557 solemur
667 1510 994 1556 sermonibus
1017 1509 1163 1567 Quod
1187 1509 1226 1556 si
1250 1510 1391 1556 foras
1414 1509 1476 1555 sit
1499 1510 1740 1567 prodeun-

109 1589 239 1647 dum,
266 1598 442 1635 nostra
465 1588 533 1634 ita
559 1588 655 1635 Dei
678 1588 846 1646 gratia
880 1596 1157 1634 tractamus
1181 1587 1402 1645 negotia,
1431 1596 1484 1633 vt
1508 1588 1740 1633 cauillan-

108 1666 154 1712 di
188 1666 351 1712 locum
386 1666 573 1712 nullum
611 1664 964 1723 relinquamus.
993 1665 1124 1712 Tota
1158 1665 1325 1722 itaque
1350 1665 1425 1710 vis
1453 1664 1566 1711 belli
1590 1665 1637 1710 in
1660 1666 1740 1711 bo·

108 1760 198 1790 nos
232 1743 504 1789 catholicos
541 1742 872 1796 conuertitur,
901 1743 982 1800 qui
1014 1742 1386 1788 haereticorum
1421 1742 1738 1799 commercia,

108 1821 300 1868 etiamsi
331 1821 500 1878 velint,
528 1821 707 1879 fugere
742 1837 838 1867 non
873 1830 1094 1879 possunt3
1122 1836 1333 1878 cumque
1357 1820 1488 1867 aliud
1512 1820 1740 1866 solatium

106 1916 202 1946 non
226 1900 496 1957 inueniant,
529 1900 591 1946 ad
616 1915 707 1946 nos
732 1899 1007 1957 confugere
1031 1900 1190 1946 solent
1224 1909 1271 1946 et
1305 1915 1396 1946 sua
1418 1900 1560 1946 nobis
1584 1899 1741 1956 aperi·

110 1993 165 2024 re
190 1977 492 2024 discrimina.

165 2055 208 2101 7.
276 2054 473 2101 Verum
499 2064 552 2101 vt
576 2055 675 2102 alia
699 2065 987 2102 nostrorum
1023 2071 1297 2113 persequar
1321 2055 1576 2113 exercitia,
1602 2055 1740 2101 festis

107 2132 280 2179 diebus
321 2132 632 2179 xenodochia
665 2142 714 2178 et
748 2148 983 2179 carceres
1016 2133 1231 2179 inuisere
1265 2133 1439 2190 solent,
1476 2142 1524 2178 et
1559 2133 1621 2178 ad
1656 2148 1738 2190 pa-

105 2209 345 2266 tientiam,
378 2209 746 2256 confessionem
770 2226 831 2257 ac
853 2211 1031 2257 similia
1065 2210 1318 2257 christiani
1343 2208 1552 2255 hominis
1576 2209 1740 2256 officia

107 2287 384 2334 exhortari.
415 2287 521 2333 Nec
554 2287 746 2334 frustra
780 2288 858 2334 hic
891 2289 1169 2346 laboratur:
1197 2288 1410 2345 primum
1440 2286 1567 2333 enim
1593 2286 1738 2333 effici-

110 2374 190 2411 tur
212 2373 266 2411 vt
290 2365 426 2411 multi
453 2380 543 2410 sua
568 2374 777 2422 peccata
801 2365 1147 2423 confiteantur,
1176 2366 1255 2423 qui
1281 2366 1356 2411 vel
1383 2380 1480 2411 non
1504 2380 1564 2411 ea
1595 2365 1738 2411 confi-

108 2443 256 2489 tenda
280 2457 392 2489 esse
416 2458 710 2499 persuasum
733 2444 933 2503 habent,
960 2456 1012 2490 vt
1036 2444 1139 2502 ipse
1164 2459 1259 2501 ego
1292 2443 1599 2500 experientia
1623 2443 1738 2489 didi-

109 2520 167 2575 ci,
195 2521 275 2566 vel
298 2520 337 2565 si
362 2520 580 2566 maxime
604 2521 770 2578 velint,
797 2522 1003 2568 alterius
1037 2522 1229 2579 copiam
1255 2520 1557 2567 confessoris
1581 2536 1738 2578 aegre

108 2598 391 2655 impetrant.
435 2597 488 2642 In
527 2598 816 2645 carceribus
854 2600 979 2646 haec
1018 2609 1092 2646 est
1131 2598 1411 2656 difficultas,
1454 2598 1583 2657 quod
1623 2608 1739 2645 ante

109 2674 282 2720 mortis
307 2674 604 2720 sententiam
630 2675 896 2723 difficulter
920 2677 1009 2734 ipsi
1035 2677 1105 2722 rei
1131 2675 1354 2722 confiteri
1377 2675 1620 2735 sinantur3
1643 2691 1739 2722 non

110 2751 461 2810 poenitendum
484 2761 652 2799 tamen
687 2754 765 2800 hic
798 2754 1015 2800 fructum
1051 2754 1241 2800 faciunt
1264 2753 1436 2811 nostri,
1464 2753 1577 2799 dum
1601 2754 1739 2800 multi

109 2845 285 2875 eorum
316 2829 665 2876 monitionibus
699 2832 981 2890 confortati
1012 2831 1411 2888 animaequiores
1444 2830 1735 2888 redduntur,

112 2906 191 2964 qui
215 2906 263 2952 in
287 2906 647 2964 desperationis
671 2907 854 2965 alioqui
877 2908 1171 2955 barathrum
1200 2923 1309 2954 sese
1332 2918 1477 2954 erant
1498 2907 1738 2966 praecipi-

111 2983 277 3029 taturi.
305 2983 605 3030 Praeclusus
629 2994 740 3031 erat
763 2985 898 3032 hisce
922 2986 1092 3032 diebus
1116 2985 1298 3031 nostris
1321 2986 1384 3031 ad
1406 2987 1739 3043 pauperculos

112 3059 231 3107 istos
250 3061 427 3119 aditus,
450 3071 720 3119 propterea
739 3063 869 3120 quod
893 3063 1089 3120 quidam
1114 3072 1224 3120 post
1247 3072 1499 3110 extortam
1523 3063 1738 3109 omnium

113 3153 322 3195 quorum
362 3138 452 3185 sibi
490 3139 719 3186 conscius
759 3149 869 3186 erat
902 3141 1148 3186 scelerum
1187 3140 1596 3199 propalationem,
1643 3156 1739 3187 non
