2051 3516
604 298 924 336 59.—LAURE†0
949 299 996 335 20
1021 299 1132 347 MAJI
1162 301 1251 336 1:357
1631 303 1697 339 241

114 389 192 434 hic
217 389 332 434 item
357 390 572 436 diuinam
597 391 833 448 justitiam
858 394 1100 439 aduersus
1125 400 1140 420 ³
1169 395 1315 439 diuini
1337 398 1496 440 cultus
1516 397 1747 453 uitaeque

114 466 334 520 perfecte
369 467 649 522 proditores
683 469 874 515 silentio
909 471 1150 526 preterire
1184 486 1280 515 non
1317 469 1494 527 patiar.
1532 474 1745 528 Quidam

114 543 399 598 monachus,
427 544 625 590 deserto
660 547 854 591 diuinae
888 547 1089 591 militiae
1122 557 1459 598 sacramentO,
1488 549 1549 593 ad
1575 564 1745 595 castra

112 619 277 664 mundi
301 621 620 679 militiamque
646 623 882 680 profugit,
910 624 955 667 in
991 624 1245 680 uerbaque
1280 625 1504 681 hominis,
1541 625 1743 672 Christo

111 696 236 741 duce
261 707 560 756 contempto,
586 698 775 755 jurauit
803 699 837 755 ¹³,
875 701 1187 756 animumque
1222 717 1364 746 suum
1397 703 1626 758 corporis
1661 720 1742 747 uo—

110 773 379 828 luptatibus
404 775 550 822 dedit.
581 777 827 832 uariisque
851 777 1208 822 contaminauit
1243 779 1514 824 sceleribus
1546 779 1615 834 (ut
1652 797 1741 825 usu

111 850 279 895 uenire
302 852 425 896 solet
449 851 506 896 iis
531 853 611 908 qui
635 853 851 898 diuinam
872 854 1093 898 militiam
1119 854 1370 911 deserunt,
1398 866 1446 900 et
1480 857 1542 901 ad
1574 858 1741 902 hostes

107 926 429 985 perfugiunt).
458 927 681 974 Tandem
708 931 820 975 dum
846 942 1071 976 maneret
1094 931 1140 976 in
1166 932 1362 989 castris,
1390 932 1435 977 in
1461 948 1588 989 agro
1623 934 1740 979 ami—

107 1019 278 1048 corum
303 1014 351 1049 et
376 1005 501 1050 inter
526 1007 880 1053 commilitones
905 1007 1093 1052 iaceret
1115 1009 1206 1054 sub
1237 1008 1316 1054 dio
1347 1010 1560 1065 quadam
1596 1021 1739 1056 nocte

105 1080 151 1125 in
178 1081 307 1125 illum
335 1082 588 1128 coniectus
613 1095 686 1128 est
711 1084 849 1141 lapis,
876 1094 1123 1141 caputque
1147 1097 1221 1130 est
1245 1086 1410 1131 laetali
1437 1088 1644 1132 uulnere
1675 1088 1739 1132 di-

106 1159 360 1216 minutum3
389 1160 466 1216 qui
491 1175 704 1217 surgens
728 1177 823 1206 non
847 1162 1005 1218 potuit
1028 1178 1338 1219 cognoscere
1373 1180 1402 1208 a
1437 1179 1532 1220 quo
1564 1165 1739 1210 uulnus

103 1235 391 1291 accepisset,
420 1246 506 1282 aut
529 1238 658 1283 unde
681 1254 858 1283 saxum
885 1239 1084 1290 iactum„
1117 1240 1209 1284 nisi
1243 1256 1273 1285 a
1307 1256 1457 1285 manu
1492 1241 1655 1287 diuina
1691 1242 1737 1288 in

101 1322 422 1368 peccatorum
458 1315 835 1361 commissorum
871 1317 1122 1373 ultionem,
1150 1328 1203 1362 ut
1226 1317 1305 1362 ille
1330 1327 1503 1374 aperte
1523 1329 1735 1364 testatus

99 1399 172 1434 est
197 1405 380 1445 magno
404 1391 553 1436 animi
577 1393 762 1437 dolore.
790 1393 919 1438 Nam
946 1405 1052 1449 post
1077 1404 1265 1451 septem
1286 1404 1372 1440 aut
1391 1405 1504 1441 octo
1524 1397 1627 1441 dies
1655 1413 1733 1442 ue-

99 1466 165 1511 nit
191 1467 251 1511 ad
277 1468 639 1513 xenodochium
674 1471 773 1527 (cui
806 1486 897 1515 nos
933 1471 1169 1528 prepositi
1203 1487 1372 1517 sumus
1407 1483 1643 1529 quantum
1669 1475 1732 1519 ad

97 1543 375 1589 animarum
421 1546 898 1592 administrationem
944 1548 1171 1604 spectat),
1215 1558 1263 1593 et
1302 1549 1378 1594 hic
1418 1550 1545 1594 diem
1590 1566 1732 1596 suum

97 1620 231 1666 obiit.

154 1697 196 1743 9.
264 1699 409 1743 Alter
433 1700 649 1745 eiusdem
676 1716 882 1756 prorsus
906 1701 1198 1747 conditionis
1218 1712 1266 1747 et
1291 1704 1464 1747 eodem
1484 1704 1631 1749 modo
1650 1720 1731 1749 no-

94 1785 175 1819 ctu
196 1774 241 1819 in
261 1776 439 1821 castris
459 1778 674 1832 quodam
697 1794 822 1822 saxo
849 1794 1133 1835 percussuS,
1160 1780 1323 1835 capite
1348 1781 1488 1825 ulcus
1513 1781 1732 1826 mortife-

94 1867 202 1896 rum
226 1853 436 1910 accepit,
464 1870 558 1899 non
584 1855 754 1899 uidens
778 1871 869 1900 nec
893 1871 1205 1912 cognoscens
1238 1873 1268 1902 a
1303 1874 1399 1914 quo
1426 1859 1730 1914 laederetur,

91 1929 383 1975 testificatus
417 1942 491 1977 est
516 1932 561 1976 in
585 1933 896 1978 xenodochio
924 1949 1107 1989 magno
1143 1935 1306 1981 cordis
1340 1951 1574 1981 moerore
1610 1937 1727 1982 diui-

91 2021 205 2050 nam
230 2006 273 2050 in
301 2023 354 2052 se
377 2006 615 2065 justitiam
654 2026 991 2067 progressam.
1030 2009 1190 2068 Spero
1225 2022 1391 2058 tamen
1425 2013 1498 2058 his
1532 2014 1725 2060 duobus

90 2083 307 2129 animam
332 2100 361 2129 a
386 2086 550 2130 mundi
572 2087 841 2132 liberatore
863 2087 1064 2133 Christo
1083 2087 1234 2134 fuisse
1254 2102 1668 2137 conseruatam...
1693 2099 1724 2136 Ε.

150 2160 218 2205 10.
286 2161 536 2207 Amantur
559 2163 714 2209 nostri
739 2179 768 2208 a
799 2166 991 2221 populis
1027 2166 1073 2210 in
1110 2167 1202 2210 hac
1238 2166 1460 2224 regione3
1499 2177 1547 2212 et
1581 2168 1725 2212 simul

87 2246 235 2293 atque
274 2239 517 2295 quispiam
551 2240 597 2284 in
631 2241 724 2286 hac
760 2241 1012 2287 Societate
1047 2242 1246 2288 Christo
1283 2243 1558 2301 dedicatur,
1597 2245 1723 2289 adeo

85 2315 265 2360 colitur
289 2326 337 2361 et
360 2318 675 2374 obseruatur,
703 2328 755 2365 ut
779 2320 983 2377 quisque
1008 2321 1073 2366 illi
1099 2321 1280 2366 cedere
1314 2331 1463 2378 atque
1498 2322 1721 2367 reuereri

87 2392 330 2440 uideatur.
371 2394 482 2439 Hoc
521 2411 671 2440 unum
711 2397 890 2442 addam
925 2399 984 2442 de
1024 2399 1188 2444 multis
1227 2399 1377 2456 (quod
1417 2400 1610 2455 quidem
1644 2414 1751 2445 me.

86 2485 269 2526 magno
293 2471 532 2517 suffundit
556 2473 779 2531 pudore),
808 2475 1030 2520 extitisse
1064 2477 1326 2522 nonnullos
1362 2477 1441 2533 qui
1477 2492 1584 2521 sese
1620 2492 1723 2521 ma—

83 2561 234 2602 gnum
270 2548 501 2604 quiddam
535 2549 554 2575 ‘1
584 2561 880 2607 assequutus
915 2568 1024 2598 esse
1059 2554 1446 2610 arbitrarentur,
1484 2554 1523 2597 si
1556 2563 1721 2600 uestes

85 2633 371 2670 nostrorum
396 2626 611 2672 fratrum
630 2628 954 2684 attingerent.

147 2701 213 2747 11.
282 2702 448 2748 Tanta
483 2705 611 2749 enim
646 2715 720 2751 est
754 2706 996 2752 modestia
1030 2723 1091 2753 ac
1125 2708 1284 2764 pietas
1319 2708 1514 2753 illorum
1550 2708 1622 2765 (ut
1656 2708 1721 2754 ad

82 2779 347 2823 secundam
371 2790 567 2836 partem
593 2782 887 2841 ueniamus),
910 2794 958 2829 et
983 2794 1122 2830 tanta
1141 2785 1396 2840 disciplina
1417 2794 1469 2831 ut
1494 2786 1722 2843 plerique

80 2857 305 2902 consulto
330 2856 509 2903 sistant
533 2859 746 2915 gradum
771 2861 818 2905 in
855 2860 934 2906 uia
959 2871 1010 2907 ut
1034 2871 1257 2919 spectent
1280 2862 1531 2909 incessum
1550 2870 1582 2921 e,
1619 2878 1719 2909 mo-

125 2986 143 3007 a
195 2980 307 3019 Zvv.
326 2982 529 3028 praeced.
551 2983 731 3020 obscure
757 2989 956 3022 exarata.
1013 2986 1080 3013 —b
1113 2986 1256 3023 Lectio
1285 2987 1439 3024 dubia.
1493 2995 1555 3016 —C
1585 2988 1718 3025 Omit—

76 3043 234 3076 tuntur
250 3041 321 3078 lzz‘c
340 3052 389 3078 ea
408 3053 521 3088 qnae
535 3047 641 3080 sunt
659 3045 704 3080 2¹12
721 3056 795 3082 nn.
818 3045 891 3082 9-8
908 3047 1029 3091 epist.
1047 3046 1115 3080 34.
1172 3045 1240 3073 —d
1260 3047 1424 3093 quidam
1445 3058 1526 3085 ms.
1578 3055 1641 3076 -e
1660 3048 1717 3085 in-

79 3112 263 3135 caessum
287 3111 367 3137 ηις.

185 3181 353 3209 ΜΤΤΕΗΑΕ
375 3182 674 3216 QUADEIMESTRES.
696 3185 785 3213 ΤΟΜ.
808 3186 844 3214 V.
1578 3190 1610 3218 16
