2051 3516
362 325 415 350 xil
832 313 1049 349 Ι,1’ῑ·’1ἰ<;κΑΕ
1076 312 1110 356 Q
1118 322 1166 346 υΛ
1174 321 1432 347 DRIMEsTREs

312 409 463 454 mines
488 409 546 454 de
572 409 743 465 quihus
770 408 1028 464 loquimur,
1056 422 1201 462 quam
1227 405 1478 450 historiam
1504 405 1739 450 selectam
1764 405 1927 460 appel-

312 487 416 531 lare
451 486 740 540 debuerunt,
768 500 877 529 eam
903 500 992 540 pro
1018 483 1221 528 historia
1245 481 1527 537 simpliciter
1561 482 1632 536 (ut
1666 497 1776 526 cum
1811 480 1926 526 Sac-

313 562 452 607 chino
477 562 752 619 loquamur)
772 561 941 606 haberi
967 561 1240 604 voluerunt.
1264 558 1415 613 Atqui
1443 558 1528 603 «de
1552 558 1765 603 essentia
1784 558 1926 603 histo-

315 639 416 684 riae
455 648 529 684 est
567 654 778 684 narrare
815 654 892 683 res
927 637 1142 692 insignes
1177 636 1281 680 sive
1316 636 1471 680 bonas
1494 635 1598 681 sive
1624 635 1779 680 malas
1803 650 1929 692 quae

312 715 557 771 pertinent
580 716 639 760 ad
666 725 846 760 statum
874 713 1172 768 reipublicae
1197 711 1567 766 declarandum,
1594 721 1641 755 et
1665 711 1726 755 ad
1759 726 1929 756 uerum

313 792 559 845 iudicium,
586 792 758 836 saltem
793 789 1087 847 generatim,
1115 788 1173 833 de
1208 788 1402 833 homine
1436 787 1598 843 aliquo
1632 786 1927 841 faciendum,

313 869 350 912 si
375 868 477 913 uita
501 868 604 912 eius
627 868 892 912 scribatur.
921 866 1048 911 Cum
1072 881 1193 910 uero
1224 865 1335 909 talis
1358 865 1418 909 sit
1442 863 1656 909 essentia
1681 873 1729 908 et
1752 872 1930 908 natura

315 945 564 999 historiae,
603 945 638 989 si
677 945 782 1000 quis
817 944 1051 998 uulgaret
1074 943 1345 996 historiam,
1373 943 1478 986 sola
1508 940 1758 985 narrando
1785 941 1928 995 bona,

315 1022 353 1066 is
387 1022 535 1066 uellet
569 1020 796 1076 decipere
831 1035 1000 1064 omnes
1033 1019 1296 1063 homines.»
1338 1018 1476 1063 Haec
1510 1016 1783 1062 Sacchinus
1821 1016 1930 1061 dum

314 1098 478 1143 solidis
503 1097 808 1153 argumentis
843 1112 951 1140 eam
989 1096 1230 1141 rationem
1256 1105 1431 1151 pacate
1455 1093 1686 1149 defendit,
1716 1109 1861 1149 quam
1886 1093 1929 1137 in

315 1174 525 1220 Simonis
561 1174 809 1218 Rodericii
846 1174 993 1218 rebus
1018 1172 1318 1227 exponendis
1352 1182 1579 1216 tenuerat
1605 1172 1633 1215 ¹.
1662 1170 1832 1226 Itaque
1861 1186 1931 1215 se-

316 1253 441 1297 lecta
481 1251 701 1303 historia,
740 1266 864 1306 quae
905 1265 993 1306 pro
1028 1249 1230 1294 historia
1269 1248 1551 1304 simpliciter
1586 1247 1757 1291 haberi
1798 1247 1929 1298 velit,

314 1328 422 1385 jure
457 1328 631 1373 merito
668 1327 894 1372 falsitatis
928 1327 1174 1381 arguitur.
1203 1325 1328 1370 Cum
1362 1334 1527 1371 autem
1563 1324 1776 1371 Litterae
1801 1324 1929 1380 Qua-

314 1405 600 1450 drimestres
634 1405 738 1449 sola
773 1413 1038 1448 narrarent
1072 1404 1215 1455 bona,
1244 1402 1387 1447 facile
1421 1403 1621 1447 evenire
1655 1412 1851 1458 poterat
1883 1411 1933 1446 ut

317 1482 437 1525 haec
464 1496 541 1525 res
569 1480 683 1525 vitio
718 1481 809 1525 illis
836 1489 1133 1536 verteretur,
1160 1479 1396 1534 fieretque
1431 1478 1675 1523 distinctio
1699 1479 1824 1523 inter
1849 1494 1928 1522 ve-

316 1572 420 1601 ram
446 1557 780 1602 narrationem
816 1566 864 1601 et
899 1556 1237 1600 narrationem
1262 1554 1617 1601 aedificationis
1639 1571 1792 1600 causa
1815 1570 1928 1600 con-

315 1643 519 1687 textam,
547 1634 682 1690 quasi
709 1634 829 1678 haec
854 1633 1171 1689 praecipuam
1207 1632 1427 1677 Veritatis
1464 1632 1704 1677 rationem
1731 1647 1826 1676 non
1852 1631 1932 1676 ha-

316 1712 471 1756 beret.
500 1710 681 1767 injuria
708 1721 869 1755 tamen
896 1711 989 1754 hoc
1019 1709 1172 1762 fieret;
1201 1725 1313 1754 nam
1338 1724 1493 1765 neque
1519 1708 1794 1753 litterarum
1819 1724 1933 1764 qua-

318 1788 645 1832 drimestrium
683 1797 933 1839 auctores,
961 1802 1117 1842 neque
1142 1785 1406 1831 Societatis
1429 1785 1548 1843 jesu
1573 1785 1931 1836 moderatores,

317 1881 471 1921 neque
506 1874 783 1909 nostrarum
819 1864 1136 1909 historiarum
1170 1863 1453 1919 scriptores,
1494 1878 1652 1918 neque
1687 1877 1774 1906 nos
1807 1861 1933 1906 deni-

317 1958 409 1998 que
444 1942 547 1997 ipsi,
585 1957 693 1986 cum
729 1942 770 1985 in
810 1942 1052 1997 publicam
1089 1942 1246 1986 lucem
1282 1940 1500 1985 Litteras
1534 1939 1935 1995 Quadrimestres

320 2017 631 2074 proferimus,
669 2034 754 2062 cas
789 2034 875 2073 pro
911 2017 1116 2062 historia
1156 2017 1441 2073 simpliciter
1479 2016 1650 2061 haberi
1690 2016 1932 2071 volumus,

316 2095 398 2139 sed
426 2110 514 2149 pro
540 2094 772 2138 historiae
798 2094 1028 2149 tontibus,
1056 2094 1180 2138 unde
1207 2094 1392 2138 veritas
1416 2109 1478 2138 ex
1500 2102 1643 2148 parte
1667 2100 1851 2137 manat.

406 2171 523 2215 Illud
560 2163 740 2221 tamen,
779 2171 904 2226 quod
940 2187 1134 2226 semper
1168 2186 1369 2215 necesse
1403 2179 1491 2221 est,
1520 2169 1565 2213 in
1601 2184 1689 2213 usu
1724 2169 1933 2213 Littera-

323 2263 426 2292 rum
467 2248 911 2303 Quadrimestrium
948 2248 1158 2293 maxime
1193 2256 1307 2292 ante
1347 2247 1517 2292 oculos
1555 2246 1848 2299 habendum,
1889 2256 1937 2290 ut

319 2325 488 2369 sedulo
515 2340 592 2369 res
624 2324 754 2380 ipsas
778 2340 807 2369 a
832 2325 1019 2369 dicendi
1054 2325 1199 2369 modo
1235 2324 1608 2380 distinguamus,
1637 2338 1793 2379 neque
1828 2338 1939 2389 pro-K

323 2401 545 2445 nuntiata
565 2401 660 2449 illa,
684 2417 809 2456 quae
829 2418 857 2446 a
878 2401 1227 2457 metaphysicis
1246 2399 1604 2456 propositiones
1630 2399 1936 2443 universales

319 2479 569 2529 dicuntur,
617 2494 838 2533 quaeque
884 2479 928 2522 in
975 2478 1137 2523 multis
1182 2476 1622 2534 quadrimestribus
1665 2476 1933 2530 iterantur,

323 2571 519 2599 «ornnes
545 2554 720 2599 Patres
744 2565 792 2599 et
816 2555 1000 2599 fratres
1026 2554 1168 2612 hujus
1192 2554 1385 2610 collegii
1406 2568 1594 2598 summa
1619 2552 1872 2609 diligentia
1892 2551 1934 2596 in

325 2631 552 2675 virtutem
579 2631 888 2676 incumbunt»
926 2641 1009 2676 aut
1043 2632 1140 2676 alia
1175 2630 1430 2688 ejusmodi,
1469 2645 1542 2685 ne,
1581 2629 1792 2686 inquam,
1829 2644 1935 2684 pro-

321 2708 541 2752 nuntiata
574 2708 667 2752 ista
698 2709 1030 2764 metaphysice
1065 2709 1463 2764 interpretemur,
1491 2708 1559 2752 ita
1582 2716 1634 2751 ut
1658 2706 1703 2751 id
1727 2706 1855 2762 quod
1879 2705 1937 2750 de

320 2783 541 2828 omnibus
565 2784 610 2827 in
637 2784 916 2829 universum
939 2784 1232 2840 affirmatur,
1256 2785 1313 2829 de
1337 2783 1541 2840 singulis
1565 2783 1712 2828 etiam
1736 2797 1934 2838 separa-

320 2860 404 2905 tim
431 2875 603 2904 verum
639 2875 748 2905 esse
784 2861 974 2917 debeat,
1002 2863 1086 2906 sed
1119 2861 1386 2915 moraliter,
1413 2860 1480 2905 ita
1515 2868 1566 2904 ut
1599 2858 1657 2904 de
1691 2859 1937 2915 plerisque

320 2937 495 2981 saltem
519 2935 611 2980 dici
636 2936 802 2991 possit,
832 2938 1123 2992 praesertim
1149 2953 1258 2982 cum
1284 2936 1459 2981 litteris
1494 2934 1936 2992 quadrimestribus

371 3104 378 3120 ¹
434 3101 626 3137 Monam.
652 3101 810 3143 lgnas„
832 3114 908 3137 scr.
931 3102 999 3144 la,
1022 3102 1050 3143 Ι,
1072 3102 1151 3138 702.
