2051 3516
500 291 827 329 22O.—C0L0N1A
853 291 899 327 ‘29
927 291 1173 327 DECEMBRIS
1202 290 1292 326 1558
1595 287 1661 324 911

84 389 210 434 liora
232 388 335 433 sine
361 388 639 434 animorum
664 387 993 433 reluctatione
1017 386 1162 432 facile
1193 386 1507 431 inducuntur.
1537 383 1712 440 Vsque

84 465 210 511 adeo
235 465 472 510 iuueniles
506 465 655 510 animi
690 464 887 510 virtutis
921 480 980 510 ac
1015 464 1181 509 auitae
1215 461 1468 520 religionis
1492 461 1712 518 flagrant

83 557 272 588 amore.
300 541 445 598 Quod
469 554 514 587 et
539 542 649 587 hinc
672 558 767 587 non
793 542 1005 587 obscure
1041 541 1351 598 colliquescit
1383 546 1400 566 ³
1436 538 1565 596 quod
1598 553 1712 583 cum

83 618 373 676 parentibus
397 629 481 663 aut
506 619 704 664 omnino
729 619 992 664 haereticis
1017 628 1103 664 aut
1126 618 1171 662 in
1198 617 1289 663 fide
1314 617 1471 663 dubiis
1495 617 1712 662 audeant

83 697 355 753 disputare,
383 705 430 741 et
455 697 640 742 acriter
674 707 972 742 concertare
994 712 1085 753 pro
1110 695 1405 752 purgatorio
1441 693 1712 740 astruendo

85 783 172 820 aut
194 773 302 818 aliis
326 773 548 818 articulis
571 789 700 819 nunc
723 774 1059 819 hereticorum
1094 772 1411 829 improbitate
1441 772 1487 816 in
1519 780 1714 816 contro-

85 851 303 897 uersiam
327 851 608 907 propositiS,
635 866 727 896 nec
752 860 1012 908 parentum
1039 850 1362 907 peruicatiae,
1390 849 1504 894 licet
1533 848 1579 893 in
1606 847 1713 893 aliis

85 930 236 976 rebus
274 928 512 985 morigeri
552 929 647 974 sint
686 939 734 974 et
772 928 975 984 flexiles,
1018 928 1198 974 cedere
1237 937 1433 983 norunt,
1471 926 1713 971 maiorem

89 1005 229 1052 fidem
274 1005 373 1050 suis
417 1005 828 1062 praeceptoribus
872 1020 1019 1061 quarn
1064 1004 1351 1061 parentibus
1405 1003 1710 1049 adhibentes.

86 1083 211 1128 Hinc
246 1082 463 1128 futurum
497 1082 799 1139 confidimus,
827 1093 878 1127 ut
911 1091 1146 1138 parentes
1170 1082 1296 1126 tales
1320 1080 1585 1137 aliquando
1626 1095 1714 1136 per

86 1159 211 1206 filios
234 1175 350 1204 suos
375 1170 734 1205 conuertantur
757 1160 821 1204 ad
844 1159 1093 1204 saniorem
1118 1168 1347 1214 mentem,
1375 1168 1423 1204 et
1447 1158 1622 1215 quibus
1647 1157 1714 1202 vi-

86 1248 187 1284 tam
211 1247 260 1283 et
284 1237 516 1282 alimenta
541 1237 931 1292 subministrant,
957 1252 1046 1292 per
1071 1236 1177 1281 illos
1204 1236 1419 1281 vicissim
1454 1235 1716 1281 institutio-

87 1332 199 1361 nem
223 1315 519 1361 catholicam
555 1325 603 1361 et
635 1315 789 1360 vitam
814 1323 1183 1370 consequantur
1206 1323 1480 1359 aeternam.
1509 1313 1714 1359 Benedi-

87 1403 197 1439 ctus
221 1393 282 1438 de
307 1392 446 1438 donis
470 1393 569 1438 suis
593 1393 638 1437 in
663 1392 833 1438 secula
856 1391 1011 1437 DeuS.

146 1471 189 1516 5.
257 1470 337 1515 Ad
368 1470 431 1514 D.
462 1470 681 1526 regentis
714 1468 869 1514 nostri
904 1470 916 1492 ¹
955 1483 1130 1513 munus
1165 1468 1325 1523 venio,
1350 1467 1429 1525 qui
1454 1468 1568 1514 dum
1593 1483 1622 1513 a
1645 1468 1715 1514 fa-

89 1548 274 1593 cultate
299 1547 478 1591 artium
506 1545 723 1591 vnanimi
747 1560 991 1591 consensu
1026 1546 1072 1591 in
1107 1545 1510 1601 quotlibetarium
1537 1545 1609 1601 (vt
1632 1560 1720 1590 vo-

74 1624 224 1680 cant)
248 1625 435 1669 electus
469 1632 601 1668 esset
625 1624 656 1679 2,
684 1622 751 1668 ita
775 1622 867 1668 sibi
892 1622 1124 1679 delegato
1149 1621 1304 1667 offitio
1328 1622 1620 1678 perfunctus
1645 1633 1719 1667 est

90 1702 181 1747 sub
213 1701 393 1747 festum
418 1699 467 1746 S.
496 1700 719 1745 Thomae
750 1699 976 1756 apostoli,
1005 1685 1100 1745 ut*b
1124 1709 1481 1756 praeceptores
1506 1699 1718 1745 aliarum

89 1780 355 1824 bursarum
390 1794 501 1823 cum
535 1777 868 1823 studiosorum
902 1776 1248 1823 aedificatione
1282 1778 1328 1822 in
1363 1777 1435 1822 sui
1466 1787 1719 1834 stuporem

89 1855 414 1901 conuerterit.
442 1855 571 1900 Nam
605 1854 719 1900 dum
754 1854 835 1900 alii
869 1854 978 1911 (pro
1013 1870 1151 1899 more
1187 1855 1299 1899 licet
1332 1854 1620 1911 illaudabili)
1645 1869 1720 1899 so-

91 1933 224 1978 leant
267 1932 585 1977 mordacibus
628 1932 814 1977 salibus
858 1931 1101 1988 quoslibet
1140 1931 1371 1988 excipere
1416 1944 1463 1976 et
1502 1947 1720 1977 nonnun-

91 2026 239 2068 quam
275 2009 535 2055 obscoenis
570 2009 787 2055 dicteriis
820 2018 1039 2054 statuum
1064 2024 1228 2054 mores
1252 2009 1609 2066 perstringere,
1636 2024 1720 2054 no-

91 2098 193 2134 ster
218 2103 402 2144 regens
435 2088 499 2132 ab
533 2087 626 2132 illis
659 2087 803 2143 plane
834 2097 1137 2143 temperans,
1164 2086 1521 2132 honestissimis
1546 2087 1720 2143 lepori-

93 2166 181 2211 bus
208 2166 355 2222 longe
378 2164 594 2210 foelitius
627 2179 687 2210 ac
720 2164 893 2210 maiori
930 2179 1040 2209 cum
1076 2163 1422 2209 aedificatione
1453 2174 1500 2210 et
1524 2163 1723 2210 satisfa-

92 2243 257 2288 ctione
291 2242 507 2287 omnium
533 2241 579 2286 id
603 2240 866 2299 praestitit,
893 2257 953 2287 ac
977 2242 1188 2298 posteris
1221 2241 1453 2298 deinceps
1477 2241 1591 2298 quid
1614 2240 1721 2287 fieri

93 2320 271 2366 deceat
304 2329 352 2365 et
385 2328 632 2375 oporteat,
659 2319 888 2376 exemplo
913 2319 1337 2376 commonstrauit,
1364 2334 1555 2364 necnon
1580 2328 1627 2364 et
1651 2318 1722 2364 of-

94 2396 248 2442 fitium
271 2396 404 2453 illud,
432 2397 561 2452 quod
593 2396 779 2441 abusus
813 2396 1104 2441 detestabile
1128 2396 1429 2451 reddiderat,
1457 2395 1556 2441 suis
1581 2411 1723 2452 prae-

94 2474 245 2520 claris
270 2474 580 2519 orationibus
612 2489 673 2519 ac
705 2473 796 2530 piis
825 2474 1175 2519 monitionibus
1200 2473 1565 2519 commendauit
1588 2488 1649 2519 ac
1672 2473 1725 2518 il-

95 2551 326 2597 lustrauit
351 2549 572 2596 mirifice.

154 2628 197 2674 6.
264 2627 329 2672 M.
352 2627 624 2673 Balduinus
648 2627 663 2652 s
687 2627 837 2673 etiam
863 2627 1138 2673 orationem
1162 2627 1314 2684 longe
1337 2627 1724 2683 pulcherrimam

96 2705 145 2750 in
167 2705 470 2751 christianae
507 2704 761 2762 religionis
795 2704 1275 2750 commendationem
1300 2704 1620 2750 disertissime
1645 2705 1725 2751 de-

144 2855 162 2876 a
204 2848 410 2885 elucescit.
466 2848 532 2875 —b
567 2848 775 2895 Sequitur
790 2860 829 2886 v.
851 2849 936 2895 pios
955 2848 1008 2885 ab
1029 2850 1217 2889 auctore,
1240 2850 1289 2883 ut
1305 2847 1494 2889 videtur,
1517 2847 1723 2885 deletum.

148 2995 158 3013 ¹
209 2992 255 3030 P.
273 2992 453 3040 Joannes
472 2992 657 3029 Rethius.

146 3054 159 3072 ²
211 3052 320 3090 Vide
340 3052 544 3099 superius,
565 3065 658 3100 pag.
679 3053 737 3096 46,
760 3058 895 3089 annot.
919 3052 950 3088 1.

146 3113 160 3134 ·”
211 3112 438 3149 Balduinus
457 3111 507 3148 ab
527 3110 707 3159 Angelo.
