2051 3516
578 306 925 344 186.—-GRANATA
950 308 996 344 29
1022 308 1214 346 AUGUSTI
1244 306 1333 344 1558
1664 304 1733 341 767

167 437 170 439 .
235 401 528 458 Inscriptio.
555 405 581 454 †
605 401 670 446 Al
692 416 807 458 muy
831 401 958 447 Rdo.
982 418 1041 448 en
1061 402 1263 448 Christo
1282 402 1380 458 P.‘'·‚
1402 401 1447 446 el
1468 400 1545 446 Re
1566 399 1629 445 D.
1652 399 1781 456 Lay-

146 494 254 536 nez,
282 478 474 524 vicario
499 478 707 536 general
731 478 790 523 de
815 479 862 523 la
882 478 1162 536 Compafn'a
1186 480 1245 525 de
1270 478 1395 525 IHS.
1424 477 1499 524 En
1523 478 1702 523 Roma.

908 756 1010 807 186

798 880 1123 927 FONSECA

632 1003 835 1029 GRANATA
861 992 908 1029 29
934 1003 1114 1029 AUGUSTI
1144 992 1235 1029 1558
1264 994 1289 1029 ¹.

146 1096 178 1132 l.
200 1094 366 1131 Nuntio
386 1095 605 1130 electionis
624 1095 728 1130 novi
747 1095 994 1139 praepositi
1012 1094 1235 1139 generalis
1264 1097 1520 1130 recreantur
1545 1094 1782 1131 sodales.—

216 1152 257 1189 2.
292 1153 552 1190 Valetzidz'ne
573 1156 843 1199 recuperata,
865 1163 1016 1189 omnes
1035 1156 1131 1189 tum
1156 1152 1331 1197 studiis,
1354 1156 1450 1189 tum
1475 1155 1672 1190 maxime
1697 1155 1782 1190 vir-

215 1214 302 1249 tuti
317 1224 369 1249 ac
385 1213 643 1259 regularum
661 1212 965 1249 observantiae
991 1211 1358 1249 z'nczmzhzmt.—3.
1391 1211 1451 1249 Ob
1480 1212 1781 1258 consessorum

214 1274 414 1318 inopiam
433 1272 732 1318 riecfidelimn
752 1273 913 1318 copiae,
936 1283 1013 1309 nec
1032 1274 1077 1309 in
1098 1283 1269 1309 carcere
1286 1273 1446 1309 vinctis
1460 1273 1651 1318 satisfit.
1672 1273 1782 1310 Piu-

217 1333 323 1369 rimi
336 1332 653 1368 eucharistiam
667 1332 905 1377 accipiant.
918 1331 997 1368 —4.
1015 1331 1177 1368 Doctor
1191 1332 1404 1368 Ramirez
1420 1334 1516 1368 tum
1532 1331 1666 1375 domi,
1685 1335 1782 1369 tum

216 1394 338 1428 extra
358 1391 557 1434 (tomum,
578 1395 674 1427 tum
693 1393 740 1427 in
759 1391 844 1427 viis
863 1394 902 1427 et
915 1391 1078 1437 plateis
1097 1402 1199 1427 cum
1217 1391 1330 1427 socio
1355 1391 1637 1428 contionatur
1653 1394 1693 1427 et
1710 1391 1782 1428 do-

216 1452 407 1487 ctrinam
427 1450 720 1486 christianam
740 1449 893 1493 tradit,
911 1461 962 1486 ex
979 1461 1067 1496 qua
1085 1461 1129 1486 re
1144 1461 1336 1495 magmis
1345 1449 1528 1495 fructus
1544 1451 1778 1496 colligitur.

217 1510 253 1546 5.
274 1510 466 1547 Labores
486 1509 537 1546 P.
559 1509 770 1546 Alvotodo
790 1520 891 1555 erga
912 1521 1045 1546 novos
1076 1509 1443 1547 christianos—6.
1465 1509 1781 1547 Bene-volentia

215 1570 536 1615 archiepiscopi
548 1570 594 1605 in
611 1569 880 1606 nostros—7.
898 1569 1143 1615 Episcopus
1157 1569 1445 1615 guadz'censis
1461 1572 1629 1606 nostros
1645 1571 1781 1606 etiam

218 1630 323 1666 hene
348 1629 496 1675 diligit
515 1628 839 1675 juvatque—8.
873 1628 940 1665 De
965 1632 1221 1674 tempestate
1247 1629 1463 1665 adversus
1491 1632 1660 1665 nostros
1677 1629 1781 1676 J‘am

215 1689 384 1726 sedata.

158 1823 161 1825 Δ
208 1791 246 1836 1.
314 1796 342 1844 †
381 1790 476 1836 Ihs.
521 1791 800 1837 Admodum
840 1791 968 1837 Rdo.
1007 1792 1053 1837 in
1087 1790 1240 1836 Chro.
1283 1791 1435 1836 Patri.
1472 1790 1579 1836 Pax
1619 1790 1777 1848 Chri„

145 1877 240 1913 etc.
268 1868 461 1914 Nuncio
485 1869 740 1914 electionis
773 1869 840 1915 tui
866 1870 881 1893 2
904 1868 1144 1926 singulari
1169 1868 1354 1925 gaudio
1388 1870 1674 1914 consolatus
1706 1879 1781 1915 est

145 1944 391 1990 Dominus
424 1945 513 1990 hos
546 1945 862 2002 paternitatis
895 1955 1011 1991 tuae
1044 1944 1185 2001 filios,
1223 1945 1299 1990 cui
1335 1946 1408 2002 (vt
1443 1961 1654 2002 aequum
1687 1947 1779 2011 est)

145 2023 209 2068 ob
233 2031 424 2068 tantum
450 2021 741 2068 beneficium
765 2023 958 2080 gratias
983 2034 1208 2079 agentes,
1231 2023 1296 2068 ab
1319 2023 1425 2080 ipso
1446 2023 1640 2068 interim
1666 2039 1780 2080 gra-

146 2099 264 2144 tiam
290 2111 336 2145 et
369 2100 581 2145 salutem
617 2100 905 2157 paternitati
938 2110 1055 2146 tuae
1090 2101 1288 2158 precari
1323 2117 1419 2146 non
1456 2101 1778 2158 cessabimus⁷

150 2185 203 2222 vt
227 2176 403 2222 maiori
428 2192 540 2222 cum
564 2178 710 2223 laude
734 2193 794 2223 ac
818 2177 893 2223 sui
916 2177 1081 2235 gloria
1104 2186 1242 2223 tanto
1266 2177 1496 2235 fungaris
1521 2177 1701 2224 officio.

204 2254 246 2300 2.
314 2254 527 2300 Aestate
561 2255 656 2300 hac
690 2255 890 2301 fuerunt
925 2272 986 2301 ex
1020 2255 1204 2302 nostris
1237 2255 1415 2301 infirmi
1451 2257 1654 2313 aliquot,
1682 2271 1779 2302 me·

146 2332 241 2377 lius
274 2343 442 2378 tamen
465 2331 571 2378 fere
602 2348 774 2378 omnes
809 2349 861 2379 se
896 2333 1096 2389 habent,
1124 2333 1263 2379 cuius
1297 2334 1490 2379 ratione
1515 2333 1648 2390 (licet
1682 2350 1780 2379 non

144 2418 198 2454 vt
221 2409 387 2466 antea)
412 2425 504 2466 pro
528 2410 766 2466 cuiusque
803 2420 970 2456 tamen
1006 2410 1193 2456 viribus
1228 2410 1359 2456 domi
1395 2420 1597 2456 nostrae
1624 2427 1684 2457 ac
1709 2411 1779 2456 fo-

141 2487 210 2532 ris
235 2487 489 2532 exercitiis
522 2487 679 2533 solitis
714 2497 949 2533 vacatum
985 2497 1075 2534 est.
1103 2487 1459 2544 Vnusquisque
1499 2488 1628 2534 enim
1669 2504 1782 2546 pro-

144 2564 287 2610 bitati
320 2565 485 2610 studet
517 2564 633 2610 totis
668 2565 874 2622 viribus,
913 2580 974 2610 ac
1007 2565 1209 2611 fauente
1242 2565 1474 2623 Domino,
1503 2565 1698 2611 maiora
1733 2566 1780 2611 in

144 2641 248 2687 dies
285 2641 432 2687 sumit
468 2641 664 2688 virtutis
696 2641 1006 2688 incrementa
1040 2654 1087 2688 et
1122 2643 1332 2688 vlterius
1367 2652 1595 2699 conatur,
1623 2643 1692 2689 ita
1727 2657 1778 2690 vt

145 2718 393 2764 desideria
418 2718 616 2764 virtutis
639 2728 687 2764 et
711 2734 867 2776 opera
892 2735 1003 2765 cum
1037 2719 1360 2765 affectionum
1396 2719 1780 2766 mortificatione

139 2797 427 2852 coniuncta,
455 2796 501 2841 in
526 2796 714 2842 cunctis
749 2796 966 2843 maxime
1001 2798 1199 2842 elucere
1236 2796 1517 2843 videantur.
1544 2797 1624 2842 Ad
1654 2797 1781 2844 haec

193 3003 201 3021 ¹
254 3000 317 3038 Ex
336 2999 528 3048 originali
546 2999 586 3036 in
606 2999 741 3036 codiee
761 2999 891 3046 Hisp.
916 3000 982 3045 96,
1003 3000 1026 3036 2
1044 2999 1101 3045 ff„
1123 3013 1189 3037 nn.
1214 3000 1292 3045 165,
1323 3000 1401 3047 166;
1424 3000 1535 3048 prius
1553 3001 1636 3038 492.

191 3062 204 3080 '²
255 3060 301 3097 P.
324 3060 478 3098 Lainez
498 3061 653 3097 electus
678 3066 740 3098 est
766 3060 806 3096 in
832 3060 1107 3107 praepositum
1135 3060 1375 3107 generalem
1402 3060 1466 3097 die
1492 3059 1516 3096 2
1537 3060 1634 3107 Julii
1661 3061 1780 3109 hujus

142 3133 258 3157 anm.
