2051 3516
390 339 436 375 44
856 342 1042 379 LITTERA
1051 355 1072 379 E
1100 344 1453 387 QUADRIMESTREs

345 449 527 490 magno
551 437 716 493 populi
741 439 982 494 applausu
1017 448 1065 484 et
1098 453 1359 484 concursu,
1396 439 1471 485 Ita
1504 455 1625 485 sane
1659 442 1885 487 catholici
1914 442 1961 487 in

342 508 434 556 fide
458 527 582 557 vera
606 513 978 568 confirmantur,
1005 524 1053 560 et
1075 516 1123 560 si
1156 521 1173 541 ³
1207 515 1285 571 qui
1319 530 1349 559 a
1379 516 1591 561 veritate
1622 517 1905 563 clenz‘czrunt
1921 517 1957 574 ¹³,

340 586 403 630 ad
442 599 632 634 rectum
671 591 844 636 salutis
883 592 1132 636 tramitem
1163 590 1332 648 (Chro.
1371 591 1511 648 duce)
1551 591 1786 648 paulatim
1821 594 1960 638 redu-

339 673 530 711 centur.

403 743 443 790 7.
511 744 655 801 Quod
680 745 742 789 ad
776 754 1059 789 nostrorum
1093 745 1433 790 conuictorum
1467 754 1650 790 statum
1685 746 1874 804 attinet,
1912 747 1958 804 ii,

340 825 378 870 si
403 838 619 880 vnquam
644 822 784 878 alias,
811 836 939 866 nunc
957 820 1181 876 profecto
1206 821 1388 877 optime
1407 836 1516 866 sese
1534 830 1731 877 gerunt,
1753 837 1961 879 quorum

339 899 573 957 pacificus
597 898 851 943 conuictus
870 906 918 942 et
941 898 987 941 in
1013 897 1232 942 moribus
1256 906 1303 942 et
1327 897 1497 942 studiis
1522 897 1773 953 profectus
1793 898 1861 943 ita
1879 913 1960 943 ex-

339 978 459 1022 citat
498 983 873 1029 commouetque
911 973 1103 1018 animos
1143 974 1349 1019 istorum
1392 982 1683 1029 magnatum
1727 989 1785 1018 ac
1829 974 1961 1020 nobi-

340 1054 471 1109 lium,
500 1061 553 1096 vt
577 1051 851 1106 complures
880 1050 1101 1106 ipsorum
1135 1050 1328 1106 magnis
1362 1050 1590 1105 precibus
1624 1065 1741 1095 suos
1775 1050 1960 1096 liberos

339 1129 469 1186 apud
503 1144 590 1173 nos
625 1127 875 1171 collocare
910 1126 1224 1182 contendant,
1251 1126 1337 1171 sed
1362 1127 1554 1171 illorum
1581 1126 1709 1171 votis
1733 1142 1828 1171 non
1853 1141 1959 1182 per-

337 1205 533 1250 mittunt
556 1219 644 1248 nos
669 1202 960 1248 satisfacere
984 1202 1077 1246 loci
1102 1211 1149 1247 et
1172 1202 1488 1247 habitationis
1508 1203 1738 1258 penuria
1764 1208 1798 1248 0.

395 1282 437 1327 8.
505 1280 819 1337 Quamquam
855 1279 951 1323 duo
990 1279 1237 1334 praeclari
1277 1279 1542 1335 primariae
1581 1279 1833 1335 dignitatis
1867 1280 1961 1324 viri
2022 1316 2025 1320 .

338 1359 405 1403 ita
430 1358 707 1413 importune
732 1355 1016 1412 praeteritis
1040 1355 1210 1400 diebus
1234 1355 1294 1400 R.
1322 1354 1526 1400 Patrem
1549 1364 1797 1400 rectorem
1823 1358 1835 1380 ¹
1856 1365 1959 1400 tum

337 1450 424 1491 per
449 1449 516 1487 se,
543 1442 645 1478 tum
670 1447 758 1488 per
787 1432 1102 1476 Rdissimum.
1139 1432 1482 1476 Labacensem
1516 1432 1531 1455 ‘2
1566 1441 1614 1477 et
1647 1432 1769 1477 alios
1802 1433 1959 1477 excel-

336 1512 495 1555 lentes
518 1509 536 1535 ‘¹
562 1509 782 1554 dominos
806 1508 1148 1563 sollicitarunt,
1171 1517 1224 1553 vt
1248 1508 1452 1552 illorum
1470 1509 1651 1565 gratia
1676 1515 1692 1535 e
1713 1509 1851 1562 alios,
1880 1509 1959 1565 qui

338 1588 593 1633 nobiscum
629 1586 815 1641 viuunt,
853 1595 1057 1630 coactus
1091 1585 1150 1629 sit
1182 1585 1228 1629 in
1262 1594 1455 1630 arctum
1489 1585 1685 1630 omnino
1710 1586 1955 1642 redigere.

337 1665 434 1710 Alii
452 1664 551 1709 suis
570 1663 842 1719 sumptibus
866 1662 1091 1707 cubicula
1111 1662 1259 1707 etiam
1278 1661 1472 1718 integre
1486 1667 1682 1719 parare
1707 1661 1717 1689 f
1740 1663 1955 1721 cupiunt,

338 1742 499 1798 potius
524 1756 670 1796 quam
697 1739 1027 1784 excludantur
1051 1738 1138 1783 sui.

426 1818 565 1863 Haec
589 1826 715 1873 sunt,
741 1816 865 1861 Rde.
894 1816 1057 1868 Pater,
1093 1830 1219 1872 quae
1253 1815 1299 1860 in
1334 1816 1615 1871 praesentia
1648 1815 1708 1861 R.
1746 1816 1804 1860 T.
1842 1816 1958 1861 scri-

337 1895 496 1941 benda
536 1903 783 1950 putamus,
825 1892 1032 1937 eandem
1071 1891 1335 1937 humillime
1373 1892 1709 1948 obsecrantes,
1746 1901 1798 1936 vt
1833 1891 1958 1937 filios

336 1986 450 2016 suos
474 1971 765 2015 viennenses
790 1968 897 2013 Deo
921 1968 1246 2023 commendet,
1274 1968 1427 2024 iisque
1457 1968 1672 2024 gratiam
1706 1969 1957 2024 copiosam

337 2048 581 2103 impetret,
610 2062 705 2102 quo
739 2045 931 2090 maiora
966 2060 1110 2101 quam
1142 2045 1381 2090 hactenus
1415 2044 1554 2089 lucra
1588 2043 1738 2090 Chro.
1777 2060 1956 2101 sponso

336 2125 612 2170 animarum
639 2132 898 2179 reportare
922 2122 1196 2166 valeamus.
1226 2120 1456 2167 Calendis
1475 2120 1726 2179 Januariis
1749 2120 1875 2166 1557.

424 2201 485 2246 R.
513 2200 571 2245 T.
601 2199 652 2244 P.
680 2199 908 2255 indignus
931 2199 976 2243 in
997 2197 1148 2243 Chro.
1176 2213 1367 2254 seruus,

1084 2304 1348 2349 MARTINUS
1380 2302 1780 2349 STEUORDIENSIS
1803 2304 1833 2349 3.

425 2435 715 2491 Inscriptio.
762 2442 789 2489 †
833 2434 1034 2479 Literae
1068 2432 1452 2489 quadrimestres
1487 2446 1548 2476 ex
1581 2431 1790 2487 collegio
1824 2432 1954 2477 vien-

337 2506 488 2550 nensi.

425 2581 600 2638 sig-illi
621 2581 916 2638 vestigium.

383 2754 400 2774 ³
427 2748 553 2783 multi.
594 2747 660 2773 —b
677 2760 699 2782 a
715 2745 896 2781 veritatis
915 2744 977 2780 via
991 2744 1308 2780 declinauerant.
1352 2749 1412 2769 -c
1433 2741 1657 2788 angustiae.
1698 2741 1764 2767 —d
1781 2753 1954 2787 magnae

338 2805 598 2842 auctoritatis,
652 2812 712 2831 -e
733 2804 782 2840 ad
802 2805 869 2840 eOs
889 2803 1155 2849 excipiendos.
1210 2801 1267 2827 -.f
1297 2800 1495 2837 edificare.

385 2960 393 2977 ¹
449 2960 596 2993 Rector
615 2958 777 3003 collegii
797 2962 884 2992 erat
904 2955 947 2992 P.
971 2955 1162 2991 Nieolaus
1181 2954 1374 3001 Lanojus.

384 3018 395 3036 ²
447 3017 692 3052 Labacensis
712 3016 932 3062 episcopus,
954 3014 1145 3051 Urbanus
1164 3013 1315 3049 Textor
1335 3011 1533 3057 (Weber).

384 3076 396 3095 ³
447 3065 578 3122 Hujus
592 3074 633 3110 fit
648 3074 836 3120 frequens
853 3074 1001 3109 mentio
1016 3072 1120 3118 apud
1135 3072 1377 3112 POLANcmn
1396 3069 1562 3112 Chyton„
1579 3068 1608 3112 Ι,
1625 3067 1705 3112 416;
1720 3068 1769 3115 Π,
1784 3069 1843 3115 84,
1858 3075 1948 3114 etc.;

338 3133 404 3177 ΙΙΙ,
425 3133 505 3177 240,
529 3139 619 3178 etc.;
641 3132 694 3175 Y,
716 3132 796 3177 227;
819 3137 858 3168 et
877 3132 981 3178 apud
1000 3131 1154 3167 Laim‘z'
1170 3130 1362 3166 Momcm.
