<?xml version="1.0" encoding="UTF-8"?>
<!DOCTYPE html PUBLIC "-//W3C//DTD XHTML 1.0 Transitional//EN"
    "http://www.w3.org/TR/xhtml1/DTD/xhtml1-transitional.dtd">
<html xmlns="http://www.w3.org/1999/xhtml" xml:lang="en" lang="en">
 <head>
  <title>
</title>
<meta http-equiv="Content-Type" content="text/html;charset=utf-8" />
  <meta name='ocr-system' content='tesseract 3.04.00' />
  <meta name='ocr-capabilities' content='ocr_page ocr_carea ocr_par ocr_line ocrx_word'/>
</head>
<body>
  <div class='ocr_page' id='page_1' title='image "./litteraequadrime17lain_0102.png"; bbox 0 0 2051 3516; ppageno 0'>
   <div class='ocr_carea' id='block_1_1' title="bbox 323 294 1387 340">
    <p class='ocr_par' dir='ltr' id='par_1_1' title="bbox 323 294 1387 340">
     <span class='ocr_line' id='line_1_1' title="bbox 323 294 1387 340; baseline -0.008 -4"><span class='ocrx_word' id='word_1_1' title='bbox 323 299 370 336; x_wconf 90' lang='lat'>70</span> <span class='ocrx_word' id='word_1_2' title='bbox 787 296 1007 333; x_wconf 80' lang='lat' dir='ltr'><strong>LITTERAE</strong></span> <span class='ocrx_word' id='word_1_3' title='bbox 1034 294 1387 340; x_wconf 80' lang='lat' dir='ltr'><strong>QUADRIMESTRES</strong></span> 
     </span>
    </p>
   </div>
   <div class='ocr_carea' id='block_1_2' title="bbox 276 387 1899 590">
    <p class='ocr_par' dir='ltr' id='par_1_2' title="bbox 276 387 1899 590">
     <span class='ocr_line' id='line_1_2' title="bbox 276 387 1897 443; baseline -0.006 -4"><span class='ocrx_word' id='word_1_4' title='bbox 276 392 537 440; x_wconf 82' lang='lat' dir='ltr'>rethoricis</span> <span class='ocrx_word' id='word_1_5' title='bbox 573 397 591 419; x_wconf 75' lang='lat'>³</span> <span class='ocrx_word' id='word_1_6' title='bbox 621 390 940 436; x_wconf 83' lang='lat' dir='ltr'>orationibus:</span> <span class='ocrx_word' id='word_1_7' title='bbox 983 388 1182 434; x_wconf 90' lang='lat' dir='ltr'>habitae</span> <span class='ocrx_word' id='word_1_8' title='bbox 1220 396 1331 432; x_wconf 91' lang='lat' dir='ltr'>sunt</span> <span class='ocrx_word' id='word_1_9' title='bbox 1369 387 1579 432; x_wconf 84' lang='lat' dir='ltr'>diuersis</span> <span class='ocrx_word' id='word_1_10' title='bbox 1619 387 1806 443; x_wconf 87' lang='lat' dir='ltr'>diebus,</span> <span class='ocrx_word' id='word_1_11' title='bbox 1832 393 1897 435; x_wconf 65' lang='lat' dir='ltr'>‚et</span> 
     </span>
     <span class='ocr_line' id='line_1_3' title="bbox 276 462 1384 520; baseline -0.006 -5"><span class='ocrx_word' id='word_1_12' title='bbox 276 469 404 515; x_wconf 91' lang='lat' dir='ltr'>aliae</span> <span class='ocrx_word' id='word_1_13' title='bbox 428 477 532 514; x_wconf 86' lang='lat' dir='ltr'>tres</span> <span class='ocrx_word' id='word_1_14' title='bbox 555 483 585 512; x_wconf 92' lang='lat' dir='ltr'>a</span> <span class='ocrx_word' id='word_1_15' title='bbox 608 466 888 512; x_wconf 79' lang='lat' dir='ltr'>domesticis</span> <span class='ocrx_word' id='word_1_16' title='bbox 912 465 1152 510; x_wconf 76' lang='lat' dir='ltr'>[ratribus</span> <span class='ocrx_word' id='word_1_17' title='bbox 1176 462 1384 520; x_wconf 91' lang='lat' dir='ltr'>publice.</span> 
     </span>
     <span class='ocr_line' id='line_1_4' title="bbox 335 537 1899 590; baseline -0.005 0"><span class='ocrx_word' id='word_1_18' title='bbox 335 544 377 590; x_wconf 88' lang='lat'>7.</span> <span class='ocrx_word' id='word_1_19' title='bbox 444 543 690 589; x_wconf 87' lang='lat' dir='ltr'>Futurum</span> <span class='ocrx_word' id='word_1_20' title='bbox 714 541 1001 587; x_wconf 89' lang='lat' dir='ltr'>confidimus</span> <span class='ocrx_word' id='word_1_21' title='bbox 1025 540 1436 585; x_wconf 82' lang='lat' dir='ltr'>scholasticorum</span> <span class='ocrx_word' id='word_1_22' title='bbox 1453 554 1710 584; x_wconf 83' lang='lat' dir='ltr'>numerum</span> <span class='ocrx_word' id='word_1_23' title='bbox 1729 538 1776 583; x_wconf 91' lang='lat' dir='ltr'>in</span> <span class='ocrx_word' id='word_1_24' title='bbox 1795 537 1899 582; x_wconf 81' lang='lat' dir='ltr'>dies</span> 
     </span>
    </p>
   </div>
   <div class='ocr_carea' id='block_1_3' title="bbox 276 614 1907 678">
    <p class='ocr_par' dir='ltr' id='par_1_3' title="bbox 276 614 1907 678">
     <span class='ocr_line' id='line_1_5' title="bbox 276 614 1907 678; baseline -0.005 -12"><span class='ocrx_word' id='word_1_25' title='bbox 276 620 438 678; x_wconf 91' lang='lat' dir='ltr'>magis</span> <span class='ocrx_word' id='word_1_26' title='bbox 461 634 521 665; x_wconf 91' lang='lat' dir='ltr'>ac</span> <span class='ocrx_word' id='word_1_27' title='bbox 540 619 700 675; x_wconf 88' lang='lat' dir='ltr'>magis</span> <span class='ocrx_word' id='word_1_28' title='bbox 726 617 1088 674; x_wconf 72' lang='lat' dir='ltr'>ampliandum</span> <span class='ocrx_word' id='word_1_29' title='bbox 1111 616 1130 643; x_wconf 77' lang='lat' dir='ltr'>b</span> <span class='ocrx_word' id='word_1_30' title='bbox 1153 616 1233 661; x_wconf 89' lang='lat' dir='ltr'>ubi</span> <span class='ocrx_word' id='word_1_31' title='bbox 1258 624 1542 660; x_wconf 85' lang='lat' dir='ltr'>nostrorum</span> <span class='ocrx_word' id='word_1_32' title='bbox 1560 614 1814 671; x_wconf 81' lang='lat' dir='ltr'>profectus</span> <span class='ocrx_word' id='word_1_33' title='bbox 1837 614 1907 658; x_wconf 90' lang='lat' dir='ltr'>ab·</span> 
     </span>
    </p>
   </div>
   <div class='ocr_carea' id='block_1_4' title="bbox 276 690 1902 1364">
    <p class='ocr_par' dir='ltr' id='par_1_4' title="bbox 276 690 1902 1364">
     <span class='ocr_line' id='line_1_6' title="bbox 277 690 1898 752; baseline -0.004 -10"><span class='ocrx_word' id='word_1_34' title='bbox 277 697 385 742; x_wconf 93' lang='lat' dir='ltr'>aliis</span> <span class='ocrx_word' id='word_1_35' title='bbox 424 695 659 752; x_wconf 84' lang='lat' dir='ltr'>cognosci</span> <span class='ocrx_word' id='word_1_36' title='bbox 699 694 933 751; x_wconf 86' lang='lat' dir='ltr'>coeperit.</span> <span class='ocrx_word' id='word_1_37' title='bbox 977 691 1340 748; x_wconf 86' lang='lat' dir='ltr'>Omnipotentis</span> <span class='ocrx_word' id='word_1_38' title='bbox 1383 690 1477 736; x_wconf 91' lang='lat' dir='ltr'>Dei</span> <span class='ocrx_word' id='word_1_39' title='bbox 1521 691 1716 737; x_wconf 83' lang='lat' dir='ltr'>bonitas</span> <span class='ocrx_word' id='word_1_40' title='bbox 1758 690 1898 736; x_wconf 93' lang='lat' dir='ltr'>nobis</span> 
     </span>
     <span class='ocr_line' id='line_1_7' title="bbox 277 768 1900 826; baseline -0.004 -7"><span class='ocrx_word' id='word_1_41' title='bbox 277 773 502 819; x_wconf 90' lang='lat' dir='ltr'>omnibus</span> <span class='ocrx_word' id='word_1_42' title='bbox 533 787 732 817; x_wconf 89' lang='lat' dir='ltr'>manum</span> <span class='ocrx_word' id='word_1_43' title='bbox 766 769 1139 816; x_wconf 78' lang='lat' dir='ltr'>misericordiae</span> <span class='ocrx_word' id='word_1_44' title='bbox 1172 769 1416 826; x_wconf 81' lang='lat' dir='ltr'>porrigat,</span> <span class='ocrx_word' id='word_1_45' title='bbox 1453 768 1769 825; x_wconf 82' lang='lat' dir='ltr'>gratiamque</span> <span class='ocrx_word' id='word_1_46' title='bbox 1803 782 1900 823; x_wconf 90' lang='lat' dir='ltr'>qua</span> 
     </span>
     <span class='ocr_line' id='line_1_8' title="bbox 277 843 1899 902; baseline -0.005 -6"><span class='ocrx_word' id='word_1_47' title='bbox 277 850 493 895; x_wconf 90' lang='lat' dir='ltr'>diuinam</span> <span class='ocrx_word' id='word_1_48' title='bbox 516 865 656 894; x_wconf 90' lang='lat' dir='ltr'>suam</span> <span class='ocrx_word' id='word_1_49' title='bbox 680 850 985 893; x_wconf 88' lang='lat' dir='ltr'>uoluntatem</span> <span class='ocrx_word' id='word_1_50' title='bbox 1010 846 1314 902; x_wconf 82' lang='lat' dir='ltr'>impleamus,</span> <span class='ocrx_word' id='word_1_51' title='bbox 1353 845 1491 891; x_wconf 90' lang='lat' dir='ltr'>nobis</span> <span class='ocrx_word' id='word_1_52' title='bbox 1525 844 1700 901; x_wconf 85' lang='lat' dir='ltr'>largiri</span> <span class='ocrx_word' id='word_1_53' title='bbox 1735 843 1899 901; x_wconf 86' lang='lat' dir='ltr'>digne-</span> 
     </span>
     <span class='ocr_line' id='line_1_9' title="bbox 276 921 1900 983; baseline -0.004 -11"><span class='ocrx_word' id='word_1_54' title='bbox 276 936 372 972; x_wconf 83' lang='lat' dir='ltr'>tur.</span> <span class='ocrx_word' id='word_1_55' title='bbox 403 926 555 983; x_wconf 75' lang='lat' dir='ltr'>Quod</span> <span class='ocrx_word' id='word_1_56' title='bbox 576 930 631 970; x_wconf 75' lang='lat' dir='ltr'>nt</span> <span class='ocrx_word' id='word_1_57' title='bbox 653 925 867 980; x_wconf 75' lang='lat' dir='ltr'>implere</span> <span class='ocrx_word' id='word_1_58' title='bbox 892 923 1179 979; x_wconf 75' lang='lat' dir='ltr'>ualeamus,</span> <span class='ocrx_word' id='word_1_59' title='bbox 1214 922 1263 968; x_wconf 83' lang='lat' dir='ltr'>T.</span> <span class='ocrx_word' id='word_1_60' title='bbox 1292 922 1352 967; x_wconf 84' lang='lat' dir='ltr'>P.</span> <span class='ocrx_word' id='word_1_61' title='bbox 1379 922 1645 967; x_wconf 41' lang='lat' dir='ltr'>lzmoszz&#39;lz&#39;ter</span> <span class='ocrx_word' id='word_1_62' title='bbox 1661 921 1900 977; x_wconf 68' lang='lat' dir='ltr'>depreea-</span> 
     </span>
     <span class='ocr_line' id='line_1_10' title="bbox 276 997 1900 1056; baseline -0.004 -8"><span class='ocrx_word' id='word_1_63' title='bbox 276 1010 397 1048; x_wconf 67' lang='lat' dir='ltr'>‘mm‘</span> <span class='ocrx_word' id='word_1_64' title='bbox 418 1016 534 1048; x_wconf 78' lang='lat' dir='ltr'>eum</span> <span class='ocrx_word' id='word_1_65' title='bbox 558 1001 773 1046; x_wconf 73' lang='lat' dir='ltr'>caeteris</span> <span class='ocrx_word' id='word_1_66' title='bbox 795 999 1041 1045; x_wconf 68' lang='lat' dir='ltr'>Patribus</span> <span class='ocrx_word' id='word_1_67' title='bbox 1061 998 1397 1056; x_wconf 45' lang='lat' dir='ltr'>fatm&#39;bzstsque</span> <span class='ocrx_word' id='word_1_68' title='bbox 1431 998 1616 1043; x_wconf 75' lang='lat' dir='ltr'>ibidem</span> <span class='ocrx_word' id='word_1_69' title='bbox 1650 997 1900 1044; x_wconf 69' lang='lat' dir='ltr'>mamenti-</span> 
     </span>
     <span class='ocr_line' id='line_1_11' title="bbox 277 1073 1902 1135; baseline -0.004 -10"><span class='ocrx_word' id='word_1_70' title='bbox 277 1079 384 1135; x_wconf 65' lang='grc' dir='ltr'>ἔπιε,</span> <span class='ocrx_word' id='word_1_71' title='bbox 412 1079 514 1124; x_wconf 76' lang='lat' dir='ltr'>Dei</span> <span class='ocrx_word' id='word_1_72' title='bbox 536 1077 858 1123; x_wconf 74' lang='lat' dir='ltr'>clementiam</span> <span class='ocrx_word' id='word_1_73' title='bbox 877 1081 975 1131; x_wconf 62' lang='lat' dir='ltr'>pafo</span> <span class='ocrx_word' id='word_1_74' title='bbox 1000 1076 1095 1120; x_wconf 78' lang='lat' dir='ltr'>isto</span> <span class='ocrx_word' id='word_1_75' title='bbox 1124 1075 1343 1131; x_wconf 63' lang='lat' dir='ltr'>pztssz&#39;llo</span> <span class='ocrx_word' id='word_1_76' title='bbox 1373 1089 1539 1132; x_wconf 70' lang='lat' dir='ltr'>grege</span> <span class='ocrx_word' id='word_1_77' title='bbox 1574 1073 1902 1129; x_wconf 65' lang='lat' dir='ltr'>interpellare</span> 
     </span>
     <span class='ocr_line' id='line_1_12' title="bbox 277 1151 1901 1209; baseline -0.004 -9"><span class='ocrx_word' id='word_1_78' title='bbox 277 1169 379 1200; x_wconf 77' lang='lat' dir='ltr'>non</span> <span class='ocrx_word' id='word_1_79' title='bbox 414 1168 631 1208; x_wconf 70' lang='lat' dir='ltr'>messes,</span> <span class='ocrx_word' id='word_1_80' title='bbox 670 1158 725 1198; x_wconf 79' lang='lat' dir='ltr'>ut</span> <span class='ocrx_word' id='word_1_81' title='bbox 758 1152 1015 1209; x_wconf 64' lang='lat' dir='ltr'>zngenz&#39;tz&#39;</span> <span class='ocrx_word' id='word_1_82' title='bbox 1045 1151 1171 1196; x_wconf 73' lang='lat' dir='ltr'>Filii</span> <span class='ocrx_word' id='word_1_83' title='bbox 1202 1152 1286 1196; x_wconf 76' lang='lat' dir='ltr'>sui</span> <span class='ocrx_word' id='word_1_84' title='bbox 1324 1151 1561 1208; x_wconf 66' lang='lat' dir='ltr'>zcestcgz’is</span> <span class='ocrx_word' id='word_1_85' title='bbox 1594 1151 1836 1195; x_wconf 73' lang='lat' dir='ltr'>insistens</span> <span class='ocrx_word' id='word_1_86' title='bbox 1870 1163 1901 1194; x_wconf 79' lang='grc' dir='ltr'><em>α</em></span> 
     </span>
     <span class='ocr_line' id='line_1_13' title="bbox 278 1228 1902 1276; baseline -0.003 0"><span class='ocrx_word' id='word_1_87' title='bbox 278 1236 412 1276; x_wconf 71' lang='lat' dir='ltr'>recto</span> <span class='ocrx_word' id='word_1_88' title='bbox 465 1231 834 1276; x_wconf 58' lang='lat' dir='ltr'>mandafiormn</span> <span class='ocrx_word' id='word_1_89' title='bbox 885 1242 1101 1274; x_wconf 69' lang='lat' dir='ltr'>suorum</span> <span class='ocrx_word' id='word_1_90' title='bbox 1148 1228 1354 1273; x_wconf 69' lang='lat' dir='ltr'>tramite</span> <span class='ocrx_word' id='word_1_91' title='bbox 1403 1242 1492 1272; x_wconf 72' lang='lat' dir='ltr'>nec</span> <span class='ocrx_word' id='word_1_92' title='bbox 1540 1231 1902 1272; x_wconf 68' lang='lat' dir='ltr'>transuersum</span> 
     </span>
     <span class='ocr_line' id='line_1_14' title="bbox 279 1303 1902 1364; baseline -0.002 -13"><span class='ocrx_word' id='word_1_93' title='bbox 279 1307 485 1364; x_wconf 71' lang='lat' dir='ltr'>quidem</span> <span class='ocrx_word' id='word_1_94' title='bbox 526 1320 754 1363; x_wconf 58' lang='lat' dir='ltr'>unguem</span> <span class='ocrx_word' id='word_1_95' title='bbox 795 1305 1043 1361; x_wconf 75' lang='lat' dir='ltr'>deflectat.</span> <span class='ocrx_word' id='word_1_96' title='bbox 1087 1303 1268 1348; x_wconf 88' lang='lat' dir='ltr'>Datum</span> <span class='ocrx_word' id='word_1_97' title='bbox 1308 1303 1489 1360; x_wconf 85' lang='lat' dir='ltr'>Burgis</span> <span class='ocrx_word' id='word_1_98' title='bbox 1529 1303 1719 1349; x_wconf 87' lang='lat' dir='ltr'>decimo</span> <span class='ocrx_word' id='word_1_99' title='bbox 1759 1312 1902 1347; x_wconf 78' lang='lat' dir='ltr'>sexto</span> 
     </span>
    </p>
   </div>
   <div class='ocr_carea' id='block_1_5' title="bbox 877 1382 959 1390">
    <p class='ocr_par' dir='ltr' id='par_1_5' title="bbox 877 1382 959 1390">
     <span class='ocr_line' id='line_1_15' title="bbox 877 1382 959 1390; baseline -0.024 0"><span class='ocrx_word' id='word_1_100' title='bbox 877 1382 959 1390; x_wconf 82' lang='lat'>—-—</span> 
     </span>
    </p>
   </div>
   <div class='ocr_carea' id='block_1_6' title="bbox 282 1382 1128 1506">
    <p class='ocr_par' dir='ltr' id='par_1_6' title="bbox 282 1382 1128 1506">
     <span class='ocr_line' id='line_1_16' title="bbox 282 1382 975 1429; baseline -0.006 0"><span class='ocrx_word' id='word_1_101' title='bbox 282 1384 515 1429; x_wconf 84' lang='lat' dir='ltr'>calendas</span> <span class='ocrx_word' id='word_1_102' title='bbox 540 1382 821 1428; x_wconf 82' lang='lat' dir='ltr'>februarias</span> <span class='ocrx_word' id='word_1_103' title='bbox 850 1382 975 1426; x_wconf 74' lang='lat' dir='ltr'>loos.</span> 
     </span>
     <span class='ocr_line' id='line_1_17' title="bbox 372 1457 1128 1506; baseline -0.007 0"><span class='ocrx_word' id='word_1_104' title='bbox 372 1460 448 1505; x_wconf 81' lang='lat' dir='ltr'>Ex</span> <span class='ocrx_word' id='word_1_105' title='bbox 473 1460 765 1506; x_wconf 90' lang='lat' dir='ltr'>comissione</span> <span class='ocrx_word' id='word_1_106' title='bbox 790 1458 900 1503; x_wconf 83' lang='lat' dir='ltr'>Rdi.</span> <span class='ocrx_word' id='word_1_107' title='bbox 928 1458 980 1503; x_wconf 84' lang='lat' dir='ltr'>P.</span> <span class='ocrx_word' id='word_1_108' title='bbox 1008 1457 1068 1502; x_wconf 88' lang='lat' dir='ltr'>R.</span> <span class='ocrx_word' id='word_1_109' title='bbox 1097 1459 1128 1502; x_wconf 78' lang='lat'>¹.</span> 
     </span>
    </p>
   </div>
   <div class='ocr_carea' id='block_1_7' title="bbox 371 1535 1722 1648">
    <p class='ocr_par' dir='ltr' id='par_1_7' title="bbox 371 1535 1722 1648">
     <span class='ocr_line' id='line_1_18' title="bbox 371 1535 975 1591; baseline -0.005 -10"><span class='ocrx_word' id='word_1_110' title='bbox 371 1535 428 1581; x_wconf 86' lang='lat' dir='ltr'>T.</span> <span class='ocrx_word' id='word_1_111' title='bbox 457 1536 508 1581; x_wconf 79' lang='lat' dir='ltr'>P.</span> <span class='ocrx_word' id='word_1_112' title='bbox 533 1535 760 1591; x_wconf 89' lang='lat' dir='ltr'>indignus</span> <span class='ocrx_word' id='word_1_113' title='bbox 783 1549 975 1591; x_wconf 78' lang='lat' dir='ltr'>seruus,</span> 
     </span>
     <span class='ocr_line' id='line_1_19' title="bbox 1154 1602 1722 1648; baseline -0.002 0"><span class='ocrx_word' id='word_1_114' title='bbox 1154 1604 1416 1648; x_wconf 74' lang='lat' dir='ltr'><strong>ANTONIUS</strong></span> <span class='ocrx_word' id='word_1_115' title='bbox 1451 1602 1658 1647; x_wconf 77' lang='lat' dir='ltr'><strong>TORRES</strong></span> <span class='ocrx_word' id='word_1_116' title='bbox 1691 1604 1722 1647; x_wconf 75' lang='lat'>2.</span> 
     </span>
    </p>
   </div>
   <div class='ocr_carea' id='block_1_8' title="bbox 285 1697 1902 1911">
    <p class='ocr_par' dir='ltr' id='par_1_8' title="bbox 285 1697 1902 1911">
     <span class='ocr_line' id='line_1_20' title="bbox 370 1697 1902 1757; baseline -0.002 -11"><span class='ocrx_word' id='word_1_117' title='bbox 370 1701 659 1757; x_wconf 61' lang='lat' dir='ltr'>Insem&#39;pm&#39;o.</span> <span class='ocrx_word' id='word_1_118' title='bbox 688 1707 716 1755; x_wconf 83' lang='lat'><strong>†</strong></span> <span class='ocrx_word' id='word_1_119' title='bbox 739 1699 804 1744; x_wconf 76' lang='lat' dir='ltr'>Al</span> <span class='ocrx_word' id='word_1_120' title='bbox 828 1715 944 1755; x_wconf 81' lang='lat' dir='ltr'>muy</span> <span class='ocrx_word' id='word_1_121' title='bbox 968 1698 1092 1743; x_wconf 87' lang='lat' dir='ltr'>Rdo.</span> <span class='ocrx_word' id='word_1_122' title='bbox 1123 1715 1179 1743; x_wconf 88' lang='lat' dir='ltr'>en</span> <span class='ocrx_word' id='word_1_123' title='bbox 1205 1698 1295 1743; x_wconf 82' lang='lat' dir='ltr'>X.0</span> <span class='ocrx_word' id='word_1_124' title='bbox 1319 1698 1396 1743; x_wconf 69' lang='lat' dir='ltr'>Re</span> <span class='ocrx_word' id='word_1_125' title='bbox 1417 1707 1636 1753; x_wconf 83' lang='lat' dir='ltr'>nuestro‚</span> <span class='ocrx_word' id='word_1_126' title='bbox 1663 1698 1707 1743; x_wconf 93' lang='lat' dir='ltr'>el</span> <span class='ocrx_word' id='word_1_127' title='bbox 1740 1697 1902 1743; x_wconf 81' lang='lat' dir='ltr'>Padre</span> 
     </span>
     <span class='ocr_line' id='line_1_21' title="bbox 285 1774 1899 1833; baseline -0.001 -11"><span class='ocrx_word' id='word_1_128' title='bbox 285 1787 504 1822; x_wconf 81' lang='lat' dir='ltr'>maestro</span> <span class='ocrx_word' id='word_1_129' title='bbox 529 1777 730 1833; x_wconf 67' lang='lat' dir='ltr'>La1nez,</span> <span class='ocrx_word' id='word_1_130' title='bbox 754 1776 944 1820; x_wconf 82' lang='lat' dir='ltr'>vicario</span> <span class='ocrx_word' id='word_1_131' title='bbox 970 1775 1028 1820; x_wconf 86' lang='lat' dir='ltr'>de</span> <span class='ocrx_word' id='word_1_132' title='bbox 1047 1775 1094 1820; x_wconf 89' lang='lat' dir='ltr'>la</span> <span class='ocrx_word' id='word_1_133' title='bbox 1114 1774 1390 1831; x_wconf 76' lang='lat' dir='ltr'>Compafil&#39;a</span> <span class='ocrx_word' id='word_1_134' title='bbox 1410 1774 1468 1819; x_wconf 85' lang='lat' dir='ltr'>de</span> <span class='ocrx_word' id='word_1_135' title='bbox 1486 1774 1623 1819; x_wconf 78' lang='lat' dir='ltr'>Iesus</span> <span class='ocrx_word' id='word_1_136' title='bbox 1642 1790 1700 1819; x_wconf 89' lang='lat' dir='ltr'>en</span> <span class='ocrx_word' id='word_1_137' title='bbox 1720 1774 1899 1820; x_wconf 82' lang='lat' dir='ltr'>Roma.</span> 
     </span>
     <span class='ocr_line' id='line_1_22' title="bbox 372 1853 862 1911; baseline -0.004 -12"><span class='ocrx_word' id='word_1_138' title='bbox 372 1854 547 1911; x_wconf 73' lang='lat' dir='ltr'>Sz‘gz‘llz&#39;</span> <span class='ocrx_word' id='word_1_139' title='bbox 567 1853 862 1910; x_wconf 66' lang='lat' dir='ltr'>zestz‘gimrz.</span> 
     </span>
    </p>
   </div>
   <div class='ocr_carea' id='block_1_9' title="bbox 299 1964 470 1966">
    <p class='ocr_par' dir='ltr' id='par_1_9' title="bbox 299 1964 470 1966">
     <span class='ocr_line' id='line_1_23' title="bbox 299 1964 470 1966; baseline 0 0"><span class='ocrx_word' id='word_1_140' title='bbox 299 1964 470 1966; x_wconf 95' lang='lat' dir='ltr'> </span> 
     </span>
    </p>
   </div>
   <div class='ocr_carea' id='block_1_10' title="bbox 472 1963 562 1966">
    <p class='ocr_par' dir='ltr' id='par_1_10' title="bbox 472 1963 562 1966">
     <span class='ocr_line' id='line_1_24' title="bbox 472 1963 562 1966; baseline 0 0"><span class='ocrx_word' id='word_1_141' title='bbox 472 1963 562 1966; x_wconf 95' lang='lat' dir='ltr'> </span> 
     </span>
    </p>
   </div>
   <div class='ocr_carea' id='block_1_11' title="bbox 327 2017 978 2063">
    <p class='ocr_par' dir='ltr' id='par_1_11' title="bbox 327 2017 978 2063">
     <span class='ocr_line' id='line_1_25' title="bbox 327 2017 978 2063; baseline -0.005 -8"><span class='ocrx_word' id='word_1_142' title='bbox 327 2026 344 2046; x_wconf 72' lang='lat' dir='ltr'>a</span> <span class='ocrx_word' id='word_1_143' title='bbox 370 2018 590 2055; x_wconf 81' lang='lat' dir='ltr'>rhetoricis.</span> <span class='ocrx_word' id='word_1_144' title='bbox 646 2017 710 2044; x_wconf 84' lang='lat' dir='ltr'>-b</span> <span class='ocrx_word' id='word_1_145' title='bbox 734 2017 978 2063; x_wconf 84' lang='lat' dir='ltr'>augendum.</span> 
     </span>
    </p>
   </div>
   <div class='ocr_carea' id='block_1_12' title="bbox 330 2171 910 2219">
    <p class='ocr_par' dir='ltr' id='par_1_12' title="bbox 330 2171 910 2219">
     <span class='ocr_line' id='line_1_26' title="bbox 330 2171 910 2219; baseline -0.003 -10"><span class='ocrx_word' id='word_1_146' title='bbox 330 2175 338 2192; x_wconf 85' lang='lat'>¹</span> <span class='ocrx_word' id='word_1_147' title='bbox 392 2173 433 2209; x_wconf 80' lang='lat' dir='ltr'>P.</span> <span class='ocrx_word' id='word_1_148' title='bbox 456 2172 616 2219; x_wconf 84' lang='lat' dir='ltr'>Gaspar</span> <span class='ocrx_word' id='word_1_149' title='bbox 635 2173 682 2208; x_wconf 89' lang='lat' dir='ltr'>de</span> <span class='ocrx_word' id='word_1_150' title='bbox 703 2171 910 2207; x_wconf 77' lang='lat' dir='ltr'>Azebedo.</span> 
     </span>
    </p>
   </div>
   <div class='ocr_carea' id='block_1_13' title="bbox 406 2117 562 2120">
    <p class='ocr_par' dir='ltr' id='par_1_13' title="bbox 406 2117 562 2120">
     <span class='ocr_line' id='line_1_27' title="bbox 406 2117 562 2120; baseline 0 0"><span class='ocrx_word' id='word_1_151' title='bbox 406 2117 562 2120; x_wconf 95' lang='lat' dir='ltr'> </span> 
     </span>
    </p>
   </div>
   <div class='ocr_carea' id='block_1_14' title="bbox 328 2228 1908 2277">
    <p class='ocr_par' dir='ltr' id='par_1_14' title="bbox 328 2228 1908 2277">
     <span class='ocr_line' id='line_1_28' title="bbox 328 2228 1908 2277; baseline -0.002 -9"><span class='ocrx_word' id='word_1_152' title='bbox 328 2232 340 2251; x_wconf 64' lang='lat'>‘³</span> <span class='ocrx_word' id='word_1_153' title='bbox 390 2232 434 2268; x_wconf 91' lang='lat' dir='ltr'>In</span> <span class='ocrx_word' id='word_1_154' title='bbox 454 2232 639 2277; x_wconf 83' lang='lat' dir='ltr'>catalogo</span> <span class='ocrx_word' id='word_1_155' title='bbox 658 2230 820 2276; x_wconf 87' lang='lat' dir='ltr'>collegii</span> <span class='ocrx_word' id='word_1_156' title='bbox 841 2229 1111 2266; x_wconf 81' lang='lat' dir='ltr'>vallisoletani</span> <span class='ocrx_word' id='word_1_157' title='bbox 1130 2230 1353 2276; x_wconf 81' lang='lat' dir='ltr'>subscripto</span> <span class='ocrx_word' id='word_1_158' title='bbox 1372 2229 1435 2266; x_wconf 92' lang='lat' dir='ltr'>die</span> <span class='ocrx_word' id='word_1_159' title='bbox 1457 2229 1472 2265; x_wconf 89' lang='lat' dir='ltr'>l</span> <span class='ocrx_word' id='word_1_160' title='bbox 1490 2228 1672 2275; x_wconf 82' lang='lat' dir='ltr'>Januarii</span> <span class='ocrx_word' id='word_1_161' title='bbox 1692 2230 1784 2265; x_wconf 82' lang='lat' dir='ltr'>anni</span> <span class='ocrx_word' id='word_1_162' title='bbox 1813 2228 1908 2265; x_wconf 77' lang='lat'>1566</span> 
     </span>
    </p>
   </div>
   <div class='ocr_carea' id='block_1_15' title="bbox 281 2289 1903 2395">
    <p class='ocr_par' dir='ltr' id='par_1_15' title="bbox 281 2289 1903 2395">
     <span class='ocr_line' id='line_1_29' title="bbox 283 2289 1901 2336; baseline -0.002 -9"><span class='ocrx_word' id='word_1_163' title='bbox 283 2291 336 2335; x_wconf 91' lang='lat' dir='ltr'>(in</span> <span class='ocrx_word' id='word_1_164' title='bbox 368 2291 502 2327; x_wconf 79' lang='lat' dir='ltr'>codice</span> <span class='ocrx_word' id='word_1_165' title='bbox 538 2291 646 2327; x_wconf 80' lang='lat' dir='ltr'>Cast.</span> <span class='ocrx_word' id='word_1_166' title='bbox 681 2290 744 2333; x_wconf 75' lang='lat'>13,</span> <span class='ocrx_word' id='word_1_167' title='bbox 778 2289 845 2326; x_wconf 78' lang='lat' dir='ltr'>fol.</span> <span class='ocrx_word' id='word_1_168' title='bbox 878 2290 937 2334; x_wconf 68' lang='lat'>44)</span> <span class='ocrx_word' id='word_1_169' title='bbox 969 2289 1068 2325; x_wconf 87' lang='lat' dir='ltr'>haec</span> <span class='ocrx_word' id='word_1_170' title='bbox 1101 2289 1306 2334; x_wconf 82' lang='lat' dir='ltr'>leguntur,</span> <span class='ocrx_word' id='word_1_171' title='bbox 1340 2301 1443 2335; x_wconf 87' lang='lat' dir='ltr'>quae</span> <span class='ocrx_word' id='word_1_172' title='bbox 1475 2289 1523 2325; x_wconf 91' lang='lat' dir='ltr'>de</span> <span class='ocrx_word' id='word_1_173' title='bbox 1559 2289 1676 2336; x_wconf 85' lang='lat' dir='ltr'>hujus</span> <span class='ocrx_word' id='word_1_174' title='bbox 1707 2289 1901 2334; x_wconf 83' lang='lat' dir='ltr'>epistolae</span> 
     </span>
     <span class='ocr_line' id='line_1_30' title="bbox 281 2347 1903 2395; baseline -0.002 -9"><span class='ocrx_word' id='word_1_175' title='bbox 281 2356 444 2386; x_wconf 82' lang='lat' dir='ltr'>auctore</span> <span class='ocrx_word' id='word_1_176' title='bbox 465 2349 640 2395; x_wconf 84' lang='lat' dir='ltr'>intelligi</span> <span class='ocrx_word' id='word_1_177' title='bbox 661 2349 859 2385; x_wconf 82' lang='lat' dir='ltr'>videntur:</span> <span class='ocrx_word' id='word_1_178' title='bbox 885 2348 956 2384; x_wconf 80' lang='lat' dir='ltr'>«El</span> <span class='ocrx_word' id='word_1_179' title='bbox 975 2348 1042 2384; x_wconf 72' lang='lat' dir='ltr'>Re</span> <span class='ocrx_word' id='word_1_180' title='bbox 1064 2347 1244 2384; x_wconf 81' lang='lat' dir='ltr'>Antonio</span> <span class='ocrx_word' id='word_1_181' title='bbox 1263 2348 1310 2384; x_wconf 90' lang='lat' dir='ltr'>de</span> <span class='ocrx_word' id='word_1_182' title='bbox 1330 2348 1478 2384; x_wconf 86' lang='lat' dir='ltr'>Torres</span> <span class='ocrx_word' id='word_1_183' title='bbox 1497 2361 1520 2383; x_wconf 93' lang='lat' dir='ltr'>a</span> <span class='ocrx_word' id='word_1_184' title='bbox 1539 2359 1616 2393; x_wconf 89' lang='lat' dir='ltr'>que</span> <span class='ocrx_word' id='word_1_185' title='bbox 1645 2352 1759 2383; x_wconf 79' lang='lat' dir='ltr'>entro</span> <span class='ocrx_word' id='word_1_186' title='bbox 1787 2361 1837 2384; x_wconf 80' lang='lat' dir='ltr'>cn</span> <span class='ocrx_word' id='word_1_187' title='bbox 1864 2348 1903 2384; x_wconf 86' lang='lat' dir='ltr'>la</span> 
     </span>
    </p>
   </div>
   <div class='ocr_carea' id='block_1_16' title="bbox 283 2404 1922 2455">
    <p class='ocr_par' dir='ltr' id='par_1_16' title="bbox 283 2404 1922 2455">
     <span class='ocr_line' id='line_1_31' title="bbox 283 2404 1922 2455; baseline -0.001 -11"><span class='ocrx_word' id='word_1_188' title='bbox 283 2408 506 2455; x_wconf 76' lang='lat' dir='ltr'>Compania</span> <span class='ocrx_word' id='word_1_189' title='bbox 525 2408 547 2444; x_wconf 80' lang='lat'>9</span> <span class='ocrx_word' id='word_1_190' title='bbox 567 2414 663 2444; x_wconf 76' lang='lat' dir='ltr'>anos</span> <span class='ocrx_word' id='word_1_191' title='bbox 682 2422 706 2455; x_wconf 79' lang='lat' dir='ltr'>y</span> <span class='ocrx_word' id='word_1_192' title='bbox 729 2409 770 2443; x_wconf 80' lang='lat'>10</span> <span class='ocrx_word' id='word_1_193' title='bbox 789 2420 931 2451; x_wconf 74' lang='lat' dir='ltr'>meses,</span> <span class='ocrx_word' id='word_1_194' title='bbox 953 2421 977 2454; x_wconf 75' lang='lat' dir='ltr'><strong>y</strong></span> <span class='ocrx_word' id='word_1_195' title='bbox 997 2407 1097 2443; x_wconf 86' lang='lat' dir='ltr'>siete</span> <span class='ocrx_word' id='word_1_196' title='bbox 1123 2412 1219 2443; x_wconf 77' lang='lat' dir='ltr'>anos</span> <span class='ocrx_word' id='word_1_197' title='bbox 1238 2421 1262 2454; x_wconf 84' lang='lat' dir='ltr'><strong>y</strong></span> <span class='ocrx_word' id='word_1_198' title='bbox 1283 2407 1412 2443; x_wconf 88' lang='lat' dir='ltr'>medio</span> <span class='ocrx_word' id='word_1_199' title='bbox 1431 2419 1508 2453; x_wconf 89' lang='lat' dir='ltr'>que</span> <span class='ocrx_word' id='word_1_200' title='bbox 1530 2406 1615 2442; x_wconf 86' lang='lat' dir='ltr'>hizo</span> <span class='ocrx_word' id='word_1_201' title='bbox 1635 2411 1758 2443; x_wconf 75' lang='lat' dir='ltr'>votos.</span> <span class='ocrx_word' id='word_1_202' title='bbox 1781 2406 1835 2443; x_wconf 85' lang='lat' dir='ltr'>Es</span> <span class='ocrx_word' id='word_1_203' title='bbox 1854 2407 1901 2443; x_wconf 91' lang='lat' dir='ltr'>de</span> <span class='ocrx_word' id='word_1_204' title='bbox 1915 2404 1922 2410; x_wconf 55' lang='lat'>⁸</span> 
     </span>
    </p>
   </div>
   <div class='ocr_carea' id='block_1_17' title="bbox 281 2465 1902 2631">
    <p class='ocr_par' dir='ltr' id='par_1_17' title="bbox 281 2465 1902 2631">
     <span class='ocr_line' id='line_1_32' title="bbox 281 2465 1902 2513; baseline -0.001 -9"><span class='ocrx_word' id='word_1_205' title='bbox 281 2466 460 2504; x_wconf 81' lang='lat' dir='ltr'>Guimiel</span> <span class='ocrx_word' id='word_1_206' title='bbox 484 2467 674 2512; x_wconf 80' lang='lat' dir='ltr'>[Gumiel]</span> <span class='ocrx_word' id='word_1_207' title='bbox 696 2467 744 2503; x_wconf 85' lang='lat' dir='ltr'>de</span> <span class='ocrx_word' id='word_1_208' title='bbox 765 2466 894 2509; x_wconf 46' lang='lat' dir='ltr'>Yam,</span> <span class='ocrx_word' id='word_1_209' title='bbox 916 2466 1106 2513; x_wconf 88' lang='lat' dir='ltr'>obispado</span> <span class='ocrx_word' id='word_1_210' title='bbox 1125 2467 1172 2502; x_wconf 90' lang='lat' dir='ltr'>de</span> <span class='ocrx_word' id='word_1_211' title='bbox 1194 2465 1330 2502; x_wconf 83' lang='lat' dir='ltr'>Osma.</span> <span class='ocrx_word' id='word_1_212' title='bbox 1353 2465 1486 2502; x_wconf 87' lang='lat' dir='ltr'>Antes</span> <span class='ocrx_word' id='word_1_213' title='bbox 1505 2466 1553 2501; x_wconf 88' lang='lat' dir='ltr'>de</span> <span class='ocrx_word' id='word_1_214' title='bbox 1583 2471 1721 2502; x_wconf 80' lang='lat' dir='ltr'>entrar</span> <span class='ocrx_word' id='word_1_215' title='bbox 1748 2479 1817 2502; x_wconf 89' lang='lat' dir='ltr'>era</span> <span class='ocrx_word' id='word_1_216' title='bbox 1845 2478 1902 2502; x_wconf 87' lang='lat' dir='ltr'>es-</span> 
     </span>
     <span class='ocr_line' id='line_1_33' title="bbox 281 2524 1901 2572; baseline -0.001 -10"><span class='ocrx_word' id='word_1_217' title='bbox 281 2526 460 2562; x_wconf 86' lang='lat' dir='ltr'>tudiante</span> <span class='ocrx_word' id='word_1_218' title='bbox 480 2526 632 2567; x_wconf 82' lang='lat' dir='ltr'>artista.</span> <span class='ocrx_word' id='word_1_219' title='bbox 654 2539 679 2572; x_wconf 87' lang='lat' dir='ltr'><strong>y</strong></span> <span class='ocrx_word' id='word_1_220' title='bbox 699 2529 790 2561; x_wconf 77' lang='lat' dir='ltr'>avia</span> <span class='ocrx_word' id='word_1_221' title='bbox 809 2525 910 2572; x_wconf 61' lang='lat' dir='ltr'>oydo</span> <span class='ocrx_word' id='word_1_222' title='bbox 930 2532 1011 2561; x_wconf 79' lang='lat' dir='ltr'>tres</span> <span class='ocrx_word' id='word_1_223' title='bbox 1031 2530 1128 2561; x_wconf 79' lang='lat' dir='ltr'>anos</span> <span class='ocrx_word' id='word_1_224' title='bbox 1147 2525 1194 2561; x_wconf 90' lang='lat' dir='ltr'>de</span> <span class='ocrx_word' id='word_1_225' title='bbox 1221 2525 1346 2570; x_wconf 83' lang='lat' dir='ltr'>leyeS.</span> <span class='ocrx_word' id='word_1_226' title='bbox 1375 2525 1562 2571; x_wconf 83' lang='lat' dir='ltr'>Despues</span> <span class='ocrx_word' id='word_1_227' title='bbox 1589 2524 1637 2560; x_wconf 92' lang='lat' dir='ltr'>de</span> <span class='ocrx_word' id='word_1_228' title='bbox 1666 2525 1833 2561; x_wconf 85' lang='lat' dir='ltr'>entrado</span> <span class='ocrx_word' id='word_1_229' title='bbox 1859 2537 1901 2561; x_wconf 91' lang='lat' dir='ltr'>se</span> 
     </span>
     <span class='ocr_line' id='line_1_34' title="bbox 282 2583 1902 2631; baseline 0 -11"><span class='ocrx_word' id='word_1_230' title='bbox 282 2585 430 2620; x_wconf 77' lang='lat' dir='ltr'>ordeno</span> <span class='ocrx_word' id='word_1_231' title='bbox 457 2585 505 2621; x_wconf 86' lang='lat' dir='ltr'>de</span> <span class='ocrx_word' id='word_1_232' title='bbox 534 2585 647 2621; x_wconf 89' lang='lat' dir='ltr'>todas</span> <span class='ocrx_word' id='word_1_233' title='bbox 674 2585 856 2625; x_wconf 51' lang='lat' dir='ltr'>ordene&amp;</span> <span class='ocrx_word' id='word_1_234' title='bbox 889 2598 913 2631; x_wconf 86' lang='lat' dir='ltr'><strong>y</strong></span> <span class='ocrx_word' id='word_1_235' title='bbox 946 2584 1062 2630; x_wconf 61' lang='lat' dir='ltr'>leydo</span> <span class='ocrx_word' id='word_1_236' title='bbox 1090 2584 1111 2619; x_wconf 88' lang='lat'>7</span> <span class='ocrx_word' id='word_1_237' title='bbox 1142 2589 1239 2619; x_wconf 79' lang='lat' dir='ltr'>anos</span> <span class='ocrx_word' id='word_1_238' title='bbox 1269 2596 1294 2629; x_wconf 85' lang='lat' dir='ltr'>y</span> <span class='ocrx_word' id='word_1_239' title='bbox 1325 2583 1455 2619; x_wconf 89' lang='lat' dir='ltr'>medio</span> <span class='ocrx_word' id='word_1_240' title='bbox 1482 2583 1531 2619; x_wconf 90' lang='lat' dir='ltr'>de</span> <span class='ocrx_word' id='word_1_241' title='bbox 1554 2583 1791 2629; x_wconf 78' lang='lat' dir='ltr'>gramatica.</span> <span class='ocrx_word' id='word_1_242' title='bbox 1815 2583 1902 2630; x_wconf 89' lang='lat' dir='ltr'>Oye</span> 
     </span>
    </p>
   </div>
   <div class='ocr_carea' id='block_1_18' title="bbox 282 2642 1909 2690">
    <p class='ocr_par' dir='ltr' id='par_1_18' title="bbox 282 2642 1909 2690">
     <span class='ocr_line' id='line_1_35' title="bbox 282 2642 1909 2690; baseline -0.001 -10"><span class='ocrx_word' id='word_1_243' title='bbox 282 2656 407 2690; x_wconf 83' lang='lat' dir='ltr'>agora</span> <span class='ocrx_word' id='word_1_244' title='bbox 427 2645 464 2680; x_wconf 89' lang='lat' dir='ltr'>el</span> <span class='ocrx_word' id='word_1_245' title='bbox 483 2657 598 2680; x_wconf 83' lang='lat' dir='ltr'>curso</span> <span class='ocrx_word' id='word_1_246' title='bbox 618 2645 665 2680; x_wconf 91' lang='lat' dir='ltr'>de</span> <span class='ocrx_word' id='word_1_247' title='bbox 685 2644 902 2689; x_wconf 77' lang='lat' dir='ltr'>theologia,</span> <span class='ocrx_word' id='word_1_248' title='bbox 924 2644 962 2679; x_wconf 92' lang='lat' dir='ltr'>el</span> <span class='ocrx_word' id='word_1_249' title='bbox 988 2643 1045 2678; x_wconf 61' lang='lat'>30</span> <span class='ocrx_word' id='word_1_250' title='bbox 1071 2648 1162 2685; x_wconf 75' lang='lat' dir='ltr'>ano,</span> <span class='ocrx_word' id='word_1_251' title='bbox 1190 2656 1215 2689; x_wconf 92' lang='lat' dir='ltr'><strong>y</strong></span> <span class='ocrx_word' id='word_1_252' title='bbox 1244 2643 1406 2689; x_wconf 88' lang='lat' dir='ltr'>predica</span> <span class='ocrx_word' id='word_1_253' title='bbox 1432 2654 1457 2690; x_wconf 87' lang='lat' dir='ltr'><strong>y</strong></span> <span class='ocrx_word' id='word_1_254' title='bbox 1484 2642 1670 2679; x_wconf 88' lang='lat' dir='ltr'>confiesa.</span> <span class='ocrx_word' id='word_1_255' title='bbox 1701 2642 1756 2678; x_wconf 86' lang='lat' dir='ltr'>Es</span> <span class='ocrx_word' id='word_1_256' title='bbox 1782 2643 1831 2679; x_wconf 90' lang='lat' dir='ltr'>de</span> <span class='ocrx_word' id='word_1_257' title='bbox 1857 2643 1909 2679; x_wconf 78' lang='lat'>30—</span> 
     </span>
    </p>
   </div>
   <div class='ocr_carea' id='block_1_19' title="bbox 281 2700 1899 2807">
    <p class='ocr_par' dir='ltr' id='par_1_19' title="bbox 281 2700 1899 2807">
     <span class='ocr_line' id='line_1_36' title="bbox 281 2700 1899 2749; baseline 0 -11"><span class='ocrx_word' id='word_1_258' title='bbox 281 2707 378 2738; x_wconf 78' lang='lat' dir='ltr'>anos</span> <span class='ocrx_word' id='word_1_259' title='bbox 396 2716 421 2749; x_wconf 89' lang='lat' dir='ltr'>y</span> <span class='ocrx_word' id='word_1_260' title='bbox 440 2703 508 2738; x_wconf 90' lang='lat' dir='ltr'>dos</span> <span class='ocrx_word' id='word_1_261' title='bbox 528 2715 694 2739; x_wconf 67' lang='lat' dir='ltr'>meses.»</span> <span class='ocrx_word' id='word_1_262' title='bbox 717 2702 835 2739; x_wconf 89' lang='lat' dir='ltr'>Unde</span> <span class='ocrx_word' id='word_1_263' title='bbox 854 2702 1082 2748; x_wconf 86' lang='lat' dir='ltr'>colligimus</span> <span class='ocrx_word' id='word_1_264' title='bbox 1102 2702 1214 2738; x_wconf 89' lang='lat' dir='ltr'>illum</span> <span class='ocrx_word' id='word_1_265' title='bbox 1235 2701 1398 2737; x_wconf 86' lang='lat' dir='ltr'>ineunte</span> <span class='ocrx_word' id='word_1_266' title='bbox 1418 2714 1523 2737; x_wconf 87' lang='lat' dir='ltr'>anno</span> <span class='ocrx_word' id='word_1_267' title='bbox 1544 2700 1634 2737; x_wconf 75' lang='lat'>1556</span> <span class='ocrx_word' id='word_1_268' title='bbox 1653 2700 1899 2738; x_wconf 81' lang='lat' dir='ltr'>Societatem</span> 
     </span>
     <span class='ocr_line' id='line_1_37' title="bbox 283 2761 663 2807; baseline 0.003 -11"><span class='ocrx_word' id='word_1_269' title='bbox 283 2762 509 2807; x_wconf 84' lang='lat' dir='ltr'>ingressum</span> <span class='ocrx_word' id='word_1_270' title='bbox 530 2761 663 2797; x_wconf 77' lang='lat' dir='ltr'>fuisse.</span> 
     </span>
    </p>
   </div>
   <div class='ocr_carea' id='block_1_20' title="bbox 1994 0 2051 1285">
    <p class='ocr_par' dir='ltr' id='par_1_20' title="bbox 1994 0 2051 1285">
     <span class='ocr_line' id='line_1_38' title="bbox 1994 0 2051 1285; baseline 0 0"><span class='ocrx_word' id='word_1_271' title='bbox 1994 0 2051 1285; x_wconf 95' lang='lat' dir='ltr'> </span> 
     </span>
    </p>
   </div>
  </div>
 </body>
</html>
