2051 3516
381 281 447 317 79C
848 279 1066 315 LITTERAE
1093 279 1446 323 QUADfflMEs'rREs

335 385 467 419 stros
491 373 827 418 confessarios
852 373 1168 418 libentissime
1192 374 1367 419 obtulit
1391 374 1451 418 ad
1487 373 1757 419 audiendas
1791 375 1945 430 singu·

336 453 493 495 larum
519 449 911 506 confession[es];
947 465 1093 506 quam
1129 450 1426 506 prouintiam
1462 450 1563 506 ipsc
1598 465 1708 494 cum
1744 449 1956 495 caeteris

335 527 565 571 Patribus
590 527 772 571 nostris
796 526 1056 583 diligenter
1080 527 1248 583 obiuit,
1276 542 1371 571 non
1406 527 1509 571 sine
1544 526 1759 571 maximo
1792 527 1956 571 mulie-

335 618 441 647 rum
466 603 661 646 illarum
686 602 851 647 fructu
877 614 923 647 et
948 602 1096 647 totius
1115 602 1331 647 ciuitatis
1352 601 1561 647 mirabili
1583 602 1954 658 approbatione.

336 678 528 735 Quotus
554 678 755 734 quisque
779 679 903 723 enim
931 678 1158 723 inuentus
1177 688 1324 733 esset,
1352 677 1430 734 qui
1456 693 1566 722 cum
1598 677 1809 721 maxime
1844 677 1958 721 solis

334 755 514 799 ardore
539 753 877 810 infestaretur,
905 763 1033 799 totos
1059 754 1161 798 dies
1185 763 1469 798 contereret
1494 753 1536 797 in
1564 752 1817 798 audiendis
1847 768 1956 797 con-

334 831 650 875 fessionibus?
684 830 956 875 Praeterea
991 830 1220 885 quoniam
1257 830 1488 874 mulieres
1522 830 1614 874 hae
1647 844 1756 874 cum
1793 829 1959 874 liberis

337 906 534 951 omnino
552 906 700 951 rudes
717 916 861 951 erant
877 916 924 951 et
941 907 1150 963 ignarae
1168 907 1423 951 doctrinae
1443 906 1759 960 christianae,
1782 906 1959 961 quippe

335 999 460 1041 quae
485 984 779 1040 syluestrem
806 984 849 1027 in
877 984 1125 1029 montibus
1150 984 1300 1028 vitam
1320 999 1517 1039 semper
1536 984 1771 1039 egissent,
1795 984 1960 1027 decre-

334 1061 402 1105 uit
425 1061 572 1106 etiam
599 1060 650 1105 P.
678 1070 845 1105 noster
872 1070 1038 1105 rector
1062 1060 1133 1117 (ut
1157 1060 1374 1105 charitas
1405 1059 1617 1115 undique
1641 1058 1864 1115 perfecta
1888 1074 1959 1104 es-

335 1137 426 1193 set)
453 1148 503 1181 ut
527 1137 939 1192 quemadmodum
963 1136 1060 1181 iam
1086 1152 1115 1181 a
1139 1145 1459 1192 peccatorum
1484 1136 1713 1180 sordibus
1738 1151 1825 1191 per
1848 1150 1959 1179 con-

334 1213 601 1258 fessionem
626 1213 805 1270 er[ant]
834 1214 1049 1268 ablutae,
1078 1213 1145 1257 ita
1169 1222 1215 1257 et
1242 1213 1603 1257 instruerentur
1627 1212 1718 1256 illis
1736 1227 1960 1268 praeser-

336 1290 419 1335 tim
456 1292 604 1335 rebus
639 1306 761 1346 quas
795 1290 1091 1335 christianos
1125 1305 1296 1334 omnes
1331 1290 1458 1334 scire
1499 1299 1711 1345 oportet,
1755 1289 1961 1344 ideoque

337 1367 522 1413 fratres
548 1368 701 1412 nostri
727 1368 856 1412 iussu
884 1366 1228 1412 sanctissimae
1253 1367 1561 1412 obedientiae
1581 1367 1704 1411 haec
1739 1366 1961 1411 oratoria

337 1444 613 1490 circuibant
639 1444 683 1488 in
708 1445 884 1500 quibus
909 1445 1152 1488 docebant
1177 1444 1327 1488 Pater
1351 1453 1399 1489 et
1424 1446 1534 1488 Aue
1558 1443 1719 1488 Maria
1738 1452 1960 1488 caetera—

336 1537 428 1577 que
453 1536 578 1577 quae
603 1521 889 1565 necessaria
916 1520 1227 1574 videbantur,
1262 1532 1410 1577 atque
1444 1520 1520 1565 hic
1554 1521 1747 1565 fructus
1780 1535 1838 1564 eo
1873 1519 1964 1565 fuit

335 1598 553 1653 uberior,
591 1613 686 1653 quo
724 1597 1032 1653 frequentior
1074 1596 1160 1641 fuit
1199 1597 1497 1642 audientium
1539 1607 1587 1641 et
1626 1597 1961 1652 ignorantium
1995 1636 1997 1640 ⁴

336 1689 586 1719 numerus.
614 1674 838 1718 Fuerunt
862 1683 1027 1718 autem
1052 1683 1321 1718 sexcentae
1351 1684 1399 1718 et
1433 1690 1490 1718 eo
1525 1674 1731 1729 amplius
1767 1674 1961 1718 animae

337 1766 462 1806 quae
486 1767 573 1806 per
599 1751 721 1795 haec
745 1750 986 1805 oratoria,
1015 1765 1140 1805 quae
1165 1750 1280 1807 dixi,
1316 1760 1459 1794 erant
1495 1750 1798 1806 dispertitae,
1837 1748 1964 1794 vnde

337 1838 499 1872 ortum
525 1837 599 1872 est
624 1838 672 1872 ut
700 1828 810 1871 dum
837 1827 1066 1872 miseram
1103 1828 1391 1872 turcharum
1424 1827 1713 1872 seruitutem
1750 1825 1959 1882 fugiunt,

338 1906 381 1949 in
407 1906 685 1950 libertatem
713 1903 923 1949 filiorum
948 1904 1039 1948 Dei
1065 1904 1247 1949 fuerint
1269 1904 1565 1954 vindicatae,
1589 1913 1636 1948 et
1655 1903 1827 1948 sedato
1853 1903 1960 1946 bar-

338 1983 576 2026 barorum
611 1981 838 2031 tumultu,
877 1981 938 2024 ad
978 1982 1087 2024 loca
1127 1980 1329 2036 propria
1369 1980 1636 2024 incolumes
1677 1979 1961 2034 liberaeque

340 2058 590 2103 redierint.
614 2056 912 2102 Benedictus
932 2056 1083 2111 Deus,
1106 2056 1184 2111 qui
1204 2056 1296 2100 hoc
1315 2055 1756 2112 periculossissimo
1777 2064 1963 2110 tempo-

341 2150 410 2189 re,
453 2150 563 2179 cum
602 2132 882 2190 angus[tiis]
924 2133 1151 2177 maximis
1190 2142 1237 2177 et
1275 2144 1469 2178 terrore
1508 2148 1678 2177 omnes
1718 2146 1961 2188 premere-

342 2228 467 2266 mur,
495 2223 611 2256 tunc
635 2211 886 2267 inopinato
911 2210 1115 2255 consilio
1140 2210 1381 2255 iacentem
1408 2219 1455 2255 et
1474 2209 1712 2254 afflictum
1734 2208 1963 2265 populum

342 2288 532 2344 extulit,
561 2287 799 2345 spir[i]tus
823 2297 990 2332 autem
1016 2287 1211 2332 feroces
1234 2288 1521 2343 animosque
1545 2285 1804 2342 depressit.

399 2367 440 2410 4.
508 2365 557 2410 In
585 2365 712 2410 festo
736 2364 1029 2409 sanctissimi
1056 2364 1280 2419 corporis
1299 2364 1399 2419 Xi.,
1422 2380 1530 2409 cum
1552 2363 1611 2408 de
1631 2378 1768 2407 more
1788 2362 1963 2418 suppli-

340 2443 470 2487 catio
495 2442 711 2488 solennis
734 2457 822 2497 per
844 2441 981 2486 uicos
1005 2441 1219 2485 ciuitatis
1243 2439 1364 2490 fieri,
1392 2450 1440 2485 et
1464 2455 1551 2496 per
1585 2440 1846 2495 collegium
1882 2454 1962 2483 no-

340 2529 497 2565 strum
533 2519 738 2574 singulis
770 2518 909 2562 annis
943 2517 1159 2562 transire
1195 2516 1371 2571 soleat,
1407 2516 1581 2561 eodem
1615 2524 1861 2572 apparatu
1886 2514 1965 2571 (nc

343 2595 503 2640 dicam
528 2595 723 2651 maiori)
748 2605 977 2650 suscepta
1001 2610 1030 2638 a
1061 2593 1242 2638 nostris
1276 2602 1366 2648 est,
1405 2608 1498 2649 quo
1532 2591 1771 2648 proximis
1805 2590 1960 2647 annis;

345 2672 633 2728 excogitata
658 2682 821 2716 tamen
848 2686 978 2715 noua
1002 2669 1300 2725 inuentione,
1327 2684 1453 2725 quae
1477 2678 1526 2714 et
1549 2668 1721 2713 oculos
1743 2677 1791 2712 et
1817 2681 1964 2722 aures

344 2758 590 2804 pasceret,
614 2749 903 2805 animosque
928 2745 1283 2803 vehemen[ter]
1304 2746 1548 2791 excitaret
1567 2744 1628 2789 ad
1648 2759 1870 2789 amorem
1888 2758 1962 2788 sa-

345 2825 603 2871 cramenti.
631 2824 759 2869 Nam
784 2834 835 2869 ut
859 2823 1130 2868 ommittam
1154 2832 1373 2877 tapetum
1400 2821 1714 2876 varietatem,
1754 2818 1962 2876 pulchri-

344 2902 659 2957 tudinemque
694 2900 867 2956 quibus
897 2900 976 2945 uia
1006 2898 1198 2955 omn[is]
1234 2909 1341 2943 erat
1375 2907 1570 2954 ornata,
1606 2897 1666 2942 R.
1705 2896 1756 2941 P.
1796 2905 1966 2940 rector

343 2978 589 3033 decerpsit
638 2992 700 3022 ex
753 2975 913 3022 Sacra
967 2974 1230 3031 Scriptura
1274 2974 1578 3030 potissimum
1633 2973 1965 3018 authoritates

345 3054 582 3109 quasdam
617 3053 679 3097 ad
714 3052 1004 3109 dignitatem
1037 3050 1336 3096 sacramenti
1372 3049 1671 3106 pertinentes
1706 3049 1749 3093 in
1785 3046 1963 3104 triplici
