2051 3516
369 305 416 342 32
830 305 1048 343 LITTERAE
1075 306 1376 351 QUADRIMESTR
1382 316 1426 343 Es

324 399 621 457 cat-fratrum
644 400 887 444 charitati
908 400 1340 445 commendatmts.
1370 400 1573 456 Alioqui
1593 399 1708 444 nihil
1732 397 1929 443 aduersi

323 476 446 521 sciat
470 475 527 520 T.
554 475 614 520 R.
642 475 694 520 P.
723 485 831 532 post
855 486 1111 532 acceptum
1135 476 1475 531 Adalbertum,
1504 476 1588 520 sed
1610 476 1760 519 multo
1785 489 1933 529 quam

323 561 436 597 ante
475 552 722 608 optatiora
760 551 919 607 potius
957 552 1002 596 in
1041 553 1188 596 rebus
1226 551 1371 595 diuini
1410 551 1595 596 seruitii
1629 550 1768 595 nobis
1801 555 1818 576 ³
1854 564 1932 594 ac-

322 629 512 673 cidisse.
540 627 671 673 Inter
700 643 868 673 omnes
898 643 1033 683 uero,
1060 638 1160 672 tam
1196 642 1478 684 prosperas,
1515 643 1660 683 quam
1695 626 1934 670 aduersas

323 704 632 759 mutationes,
659 719 917 760 speramus
939 703 1134 748 tandem
1158 702 1427 748 efficaciter
1461 711 1783 758 operaturam
1817 701 1927 745 diui-

321 796 434 825 nam
469 780 735 825 bonitatem
769 780 814 824 in
844 780 916 824 his
945 779 1217 833 animabus,
1245 780 1312 824 ita
1336 789 1387 824 ut
1412 795 1469 824 eo
1494 779 1620 823 unde
1644 777 1933 823 exciderunt

322 857 542 913 redeant,
564 865 611 902 et
634 856 679 900 in
704 855 871 912 primis
895 855 1125 911 operibus
1144 855 1391 900 christiani
1416 864 1812 910 perseuerantes,
1835 869 1932 899 una

321 933 571 978 nobiscum
594 933 744 977 uitam
767 941 1130 988 consequantur
1154 941 1422 976 aeternam.
1456 930 1600 986 Quod
1624 942 1676 975 ut
1699 930 1798 986 fiat,
1824 946 1928 987 nos,

321 1009 607 1054 Bohemiam
631 1019 851 1053 nostram
871 1017 918 1053 et
935 1016 1089 1052 totum
1108 1007 1401 1063 Aquilonem
1422 1007 1685 1063 praecipue
1704 1006 1763 1051 R.
1786 1006 1838 1052 P.
1862 1007 1929 1053 V.

320 1085 624 1130 orationibus
657 1100 716 1129 ac
751 1083 1019 1137 sacrificiis,
1057 1083 1267 1128 fratrum
1301 1098 1421 1128 uero
1456 1083 1686 1136 omnium,
1724 1093 1825 1128 tum
1849 1083 1929 1128 do-

320 1177 442 1216 mus,
465 1171 567 1206 tum
586 1161 923 1216 collegiorum,
951 1160 1177 1215 precibus
1196 1175 1283 1204 nos
1303 1175 1412 1204 cum
1436 1159 1603 1215 primis
1622 1160 1928 1205 commenda-

320 1252 441 1282 mus.
483 1236 682 1293 Pragae
725 1236 834 1280 1557
869 1235 902 1280 b.
946 1235 1022 1280 Ex
1062 1236 1270 1291 collegio
1310 1235 1449 1291 regio
1489 1234 1755 1280 Societatis
1799 1236 1928 1291 apud

321 1313 371 1359 S.
401 1312 720 1358 Clementem.

393 1388 469 1433 Ex
488 1388 831 1433 commissione
850 1387 909 1433 R.
931 1388 977 1432 in
996 1388 1086 1432 X.⁰
1104 1387 1157 1432 P.
1180 1388 1406 1442 rectoris,
1430 1388 1655 1444 magistri
1674 1388 1923 1442 Vrsmari;

392 1465 449 1510 T.
477 1465 536 1509 R.
565 1464 616 1509 Ρ.
645 1464 869 1520 indignus
895 1463 1033 1520 filius,

1230 1569 1428 1615 PETRUS
1462 1568 1681 1617 SYLuius
1716 1574 1746 1616 ¹.

364 1730 380 1750 a
401 1723 512 1759 nobis
531 1722 674 1758 omnia.
730 1722 793 1749 —b
814 1722 923 1758 initio
945 1722 1043 1758 1557.

366 1896 374 1914 ¹
426 1893 489 1929 De
508 1905 585 1939 quo
604 1893 812 1938 catalogus
830 1892 1056 1938 provinciae
1076 1892 1280 1929 rhenanae
1303 1893 1392 1929 1565
1409 1893 1476 1929 ait:
1502 1894 1553 1929 «Il
1580 1894 1622 1931 Ρ.
1651 1894 1772 1931 Petro
1797 1895 1925 1933 Siluio

320 1958 409 1988 nato
428 1964 589 1997 apresso
608 1951 645 1987 di
669 1950 814 1987 Alosto
840 1951 879 1987 in
907 1951 1109 1992 Fiandria;
1139 1951 1242 1988 d'eta
1269 1955 1290 1988 e
1321 1952 1359 1988 di
1387 1953 1481 1988 anni
1507 1952 1563 1989 31.
1594 1952 1767 1990 Louanii
1793 1954 1838 1990 27
1860 1955 1925 2001 Ja-

316 2011 445 2047 nuarii
475 2010 564 2047 1552
582 2011 775 2046 admissus
795 2016 866 2053 est;
888 2016 926 2046 et
945 2010 1036 2046 faeti
1058 2011 1085 2046 li
1105 2011 1293 2047 essertitii
1313 2011 1397 2048 fece
1418 2025 1470 2048 vn
1490 2018 1580 2048 voto
1600 2025 1721 2049 senza
1741 2014 1779 2050 la
1798 2014 1925 2051 forma

316 2071 444 2107 solita.
466 2070 679 2106 Veniendo
698 2070 801 2115 dipoi
820 2083 843 2105 a
861 2071 1002 2112 Roma.
1024 2070 1102 2106 l‘he„
1120 2070 1218 2107 fatto
1238 2078 1277 2107 et
1301 2071 1486 2108 rinouato
1511 2072 1577 2118 piu
1605 2073 1700 2109 delli
1728 2074 1849 2110 volte.
1879 2074 1924 2111 In

316 2130 465 2166 diuersi
490 2129 651 2175 collegii
678 2128 924 2175 d'Almagna
954 2130 1004 2165 ha
1032 2131 1142 2172 letto,
1172 2136 1211 2166 et
1237 2131 1275 2166 al
1304 2137 1491 2177 presente
1517 2131 1556 2166 in
1581 2131 1762 2168 Treuere
1781 2133 1883 2169 doue
1904 2137 1925 2170 'e

316 2188 413 2225 fatto
431 2188 634 2224 licentiato
653 2188 722 2223 alli
744 2187 786 2223 12
803 2188 841 2223 di
862 2187 1039 2224 Gianaro
1059 2189 1123 2224 del
1141 2189 1199 2230 64:
1221 2195 1260 2225 et
1279 2190 1420 2226 adesso
1439 2190 1509 2226 ahi
1531 2189 1573 2226 16
1591 2190 1628 2226 di
1648 2196 1789 2237 questo
1813 2204 1923 2229 mese

316 2247 353 2283 di
367 2247 510 2293 janaio
529 2247 594 2283 del
616 2246 705 2282 1565
722 2250 742 2283 e
763 2246 859 2283 fatto
878 2247 1032 2283 dottore
1051 2248 1090 2283 in
1110 2249 1326 2294 theologia;
1348 2249 1449 2285 doue
1477 2250 1570 2296 lege
1598 2255 1637 2286 et
1664 2253 1684 2286 e
1712 2249 1923 2296 professor'

316 2306 526 2342 ordinario.
559 2305 593 2341 E
624 2305 848 2342 confessore
875 2307 936 2343 del
967 2308 1139 2353 collegio
1171 2314 1208 2344 et
1240 2314 1434 2344 essattore
1462 2308 1558 2344 delli
1589 2309 1744 2345 studii.»
1774 2308 1923 2347 Codice

316 2365 453 2401 Rlzen.
476 2364 553 2410 inf.
575 2364 642 2406 37,
665 2364 731 2400 fol.
752 2364 785 2401 2.
