2051 3516
441 271 737 310 90.-L0v>2>111
767 274 781 310 1
812 274 1072 312 SEPTEMssms
1103 277 1192 312 1:337
1523 279 1587 315 1:361

790 488 864 538 90

436 612 488 658 P.
526 612 903 660 ARNOLDUS
957 613 1205 660 HEZIUs

483 717 653 744 LOVANn
684 708 699 744 1
728 718 979 744 SEPTEMssms
1008 708 1098 744 1557
1126 710 1149 744 ¹.

5 793 38 828 1.
64 793 369 836 Confitentz‘mn
387 795 425 828 et
440 793 867 828 comnzmzscantizmz
883 801 1097 828 numerus
1111 795 1314 835 angetur.
1327 792 1411 828 m2.
1427 792 1640 830 [ως-Νίκα

75 853 316 889 christiana
337 851 618 887 &metam—5.
643 851 775 887 Multi
795 851 969 887 consilii
986 851 1194 896 capiendi
1220 862 1354 887 cansa
1383 852 1445 888 ad
1473 855 1641 888 nostros

76 911 301 949 accedunt.
324 911 512 947 Fructus
532 921 581 947 ex
599 911 668 947 llis
688 911 814 947 rebus
829 912 1033 957 percepti.

68 997 106 1042 1.
173 1001 201 1050 †
234 996 384 1045 Ibus,
411 994 589 1040 Maria.
617 995 725 1040 Pax
749 994 860 1051 Xpi.
889 1009 1000 1039 cum
1021 994 1244 1040 omnibus
1269 995 1426 1041 nobis.
1448 994 1573 1040 Rde.
1597 995 1643 1039 in

6 1073 134 1130 Xpo.
173 1073 254 1118 Pr.
292 1073 471 1118 Paucis
505 1088 683 1128 pauca,
721 1088 848 1130 quae
882 1073 1147 1118 scribenda
1187 1072 1370 1129 putaui,
1406 1072 1641 1129 perstrin-

4 1166 138 1207 gam.
167 1149 516 1196 Confitentium
546 1166 607 1196 ac
641 1150 1106 1196 communicantium
1140 1150 1423 1208 frequentia
1458 1151 1501 1195 in
1539 1151 1641 1195 dies

5 1243 175 1273 omnes
209 1228 255 1273 in
289 1227 530 1274 maiorem
568 1228 742 1274 mentis
776 1228 960 1286 inducit
993 1237 1264 1285 stuporem.
1301 1228 1439 1273 Multi
1477 1228 1642 1285 digitis

5 1313 325 1362 compescunt
348 1305 482 1350 labia
507 1305 586 1362 qui
610 1314 722 1362 post
755 1306 1027 1351 discessum
1062 1305 1116 1351 P.
1154 1305 1391 1362 prepositi
1476 1305 1641 1350 omnia

4 1383 367 1439 confundenda,
395 1399 582 1440 nosque
607 1384 665 1429 de
688 1399 828 1429 sumo
847 1384 1030 1441 templo
1050 1384 1388 1440 explodendos
1407 1393 1637 1440 expecta-

5 1470 133 1519 rant3
162 1477 335 1507 verum
360 1477 435 1518 e0‚
462 1462 541 1506 cui
566 1471 742 1518 parent
767 1462 947 1520 omnia⁷
976 1461 1120 1507 aliter
1145 1461 1448 1519 disponente,
1477 1462 1639 1507 nobis-

5 1556 98 1596 que
122 1540 341 1597 gratiam
365 1539 412 1584 in
436 1539 670 1585 cordibus
693 1539 1047 1585 canonicorum
1078 1549 1433 1596 praeparante,
1475 1540 1519 1584 in
1555 1555 1641 1596 spe

5 1628 53 1663 et
96 1626 274 1663 contra
313 1633 449 1674 spem
490 1633 681 1663 summo
719 1617 913 1670 fauore,
956 1617 1264 1674 benignitate
1304 1627 1352 1663 et
1396 1618 1642 1674 applausu

5 1695 221 1749 omnium
246 1695 439 1752 accepti
463 1711 649 1741 sumus.
677 1695 805 1741 Hinc
848 1711 943 1740 non
969 1696 1128 1740 solum
1152 1710 1249 1740 non
1284 1695 1505 1752 disperse
1529 1704 1642 1741 sunt

6 1788 124 1817 oues
149 1772 337 1829 gregis,
365 1772 449 1817 sed
475 1772 520 1817 in
545 1782 737 1818 tantum
761 1771 1098 1818 confitentium
1132 1772 1354 1817 excreuit
1389 1788 1640 1829 numerus,

6 1860 59 1894 vt
86 1849 168 1894 vix
192 1849 325 1894 vires
351 1849 439 1906 ipsi
463 1865 612 1906 pares
636 1850 925 1907 habeamusg
953 1850 1189 1907 precipue
1219 1849 1477 1894 dominicis
1511 1849 1642 1895 festi-

5 1927 177 1984 uisque
201 1926 387 1983 diebus,
416 1927 613 1984 quando
638 1928 702 1972 ab
727 1926 831 1984 ipso
857 1927 952 1972 diei
975 1928 1270 1984 crepusculo
1292 1943 1443 1983 usque
1463 1927 1524 1972 ad
1546 1943 1641 1972 me-

6 2004 178 2049 ridiem
202 2004 369 2050 sedem
395 2004 674 2061 relinquere
699 2005 880 2050 diutius
903 2021 998 2049 non
1024 2004 1329 2061 conceditur,
1358 2020 1505 2062 quam
1532 2006 1643 2050 dum

5 2080 384 2138 expectantibus
408 2081 487 2138 qui
513 2081 737 2127 confiteri
763 2082 1066 2139 desiderant,
1100 2082 1144 2127 in
1171 2083 1317 2128 altari
1354 2082 1531 2128 ibidem
1566 2098 1642 2127 co-

7 2174 112 2204 ram
154 2158 429 2204 venerabili
464 2169 783 2204 sacramento
818 2159 1117 2205 sacrificium
1157 2160 1374 2205 Domino
1415 2160 1643 2217 indignus

6 2235 236 2282 offeram.
263 2236 369 2282 Nec
394 2237 619 2293 vulgaris
645 2237 906 2283 dumtaxat
924 2237 1021 2282 huc
1040 2237 1241 2283 confluit
1262 2238 1536 2294 plebecula,
1560 2238 1644 2282 sed

7 2322 54 2359 et
77 2313 296 2370 primarii
320 2313 427 2359 fere
451 2314 668 2359 omnium
691 2315 1035 2372 collegiorum,
1064 2325 1165 2360 tum
1191 2326 1238 2360 et
1264 2327 1476 2372 quatuor
1495 2315 1643 2371 peda-

5 2391 289 2448 gogiorum,
316 2399 485 2448 preter
508 2391 773 2444 studiosos,
809 2392 959 2438 etiam
995 2393 1214 2438 maxima
1250 2409 1366 2450 pars
1402 2394 1642 2438 lectorum

7 2468 148 2514 nobis
181 2468 445 2515 confitetur
478 2479 526 2516 et
563 2469 890 2526 frequentius.
932 2471 1206 2517 Numeraui
1246 2470 1642 2528 quandoquidem

7 2545 177 2592 diebus
201 2547 348 2593 etiam
373 2562 470 2592 non
495 2547 649 2599 festis,
677 2548 848 2593 decem
882 2558 930 2593 et
956 2548 1182 2594 vndecim
1218 2549 1510 2594 sacerdotes
1548 2564 1642 2594 vno

7 2631 230 2680 tempore
256 2624 527 2681 venientes,
554 2640 614 2670 ac
637 2624 745 2670 fere
769 2641 939 2670 omnes
964 2626 1319 2671 bacchalaurei
1345 2637 1391 2671 et
1425 2626 1643 2671 licentia-

8 2701 43 2746 ti
66 2699 116 2746 Ξ.
144 2701 430 2759 theologiae
454 2711 613 2748 erant.
648 2702 883 2748 Demiror
907 2719 1058 2759 saepe
1091 2703 1138 2748 in
1172 2704 1324 2748 corde
1351 2718 1461 2748 meo
1487 2703 1642 2748 consi-

8 2778 228 2823 derando
253 2779 393 2835 quasi
416 2795 599 2835 pueros
625 2794 736 2825 cum
772 2780 1150 2825 mansuetudine
1184 2795 1370 2836 magna
1409 2795 1499 2826 sua
1534 2796 1645 2837 pro-

57 2923 66 2941 ¹
118 2922 179 2959 Ex
198 2923 430 2971 apographo
449 2936 600 2960 coaevo
619 2923 659 2960 in
678 2922 814 2959 codice
832 2922 972 2959 Germ.
996 2922 1090 2963 185,
1113 2921 1178 2958 fol.
1203 2921 1282 2967 1895
1306 2922 1416 2968 prius
1433 2922 1493 2959 sl.
1516 2922 1644 2960 Aliud

11 2985 238 3030 exemplum
258 2984 535 3031 apographum
556 2989 617 3021 est
635 2983 675 3020 in
695 2983 766 3020 fol.
795 2983 872 3020 190.

57 3043 69 3062 2
119 3043 163 3081 P.
185 3043 392 3080 Adrianus
413 3044 586 3081 Adriani
606 3045 778 3080 Romam
808 3044 857 3080 ad
884 3044 1123 3090 generalem
1150 3047 1398 3079 conventum
1428 3041 1642 3090 profectus.

14 3102 164 3140 Laim'z'
183 3104 387 3149 Momtm.,
410 3103 458 3146 Π,
481 3105 540 3149 73,
562 3103 643 3149 237,
672 3103 754 3140 586.
