2051 3516
336 297 406 333 752
802 297 1018 334 LITTERAE
1045 298 1398 343 QUADRIMESTRES

290 406 402 437 nam
427 391 645 447 gratiam
670 392 882 438 restituti
908 403 1034 439 sunt,
1061 393 1339 439 Nonnullae
1362 394 1651 440 meretrices
1669 395 1732 439 ad
1750 393 1911 440 Deum

290 483 590 523 conuersae,
637 484 663 513 e
711 469 997 525 turpissima
1040 470 1292 515 daemonis
1341 471 1582 516 seruitute
1626 467 1687 515 ad
1742 485 1911 516 ueram

291 543 475 588 Christi
500 544 779 590 libertatem
805 546 1125 591 transierunt.

345 621 386 664 4.
455 620 730 666 Praeterea
764 638 873 667 cum
908 622 1129 678 pluribus
1162 624 1483 668 concionibus
1517 623 1577 667 R.
1615 623 1668 668 P.
1706 623 1909 668 Benedi-

290 708 413 745 ctus,
442 705 552 752 post
583 698 770 753 pascha
803 709 849 744 et
883 709 1012 749 ante,
1051 699 1109 744 de
1144 699 1437 744 sanctissimi
1472 699 1804 744 eucharistiae
1837 714 1910 744 sa-

288 772 528 816 cramenti
554 773 793 829 dignitate
818 784 1010 830 ageret,
1037 790 1095 819 ac
1121 775 1437 820 uemehenter
1467 775 1512 819 in
1537 790 1624 820 eos
1659 775 1910 819 inuehere-

288 860 368 893 tur
393 848 488 904 qui,
516 850 645 894 omni
670 850 862 906 penitus
886 852 1129 896 exhausto
1155 852 1354 905 rubore,
1392 851 1655 897 ueritatem
1690 851 1792 896 eius
1826 851 1908 895 im-

286 925 526 981 pudenter
559 935 707 982 atque
741 927 982 972 audacter
1016 938 1191 973 contra
1225 928 1535 973 orthodoxae
1571 927 1826 973 Ecclesiae
1858 927 1906 972 fi-

289 1002 396 1046 dem
422 1017 612 1058 negare
635 1003 832 1057 audent,
861 1004 939 1048 uel
963 1005 1026 1049 ab
1050 1004 1153 1049 eius
1184 1005 1582 1062 frequentatione
1617 1004 1801 1060 fideles,
1828 1020 1906 1049 ne-

285 1079 387 1122 scio
412 1094 507 1134 quo
536 1079 732 1134 pietatis
766 1091 1044 1135 praetextu,
1084 1096 1326 1126 reuocare
1358 1097 1453 1126 non
1490 1090 1742 1137 ueremur,
1780 1096 1909 1125 com-

285 1156 452 1211 plures
476 1155 656 1201 eximio
680 1157 823 1201 huius
847 1158 1145 1203 sacramenti
1171 1173 1342 1203 amore
1366 1168 1477 1203 sunt
1502 1158 1715 1203 accensi.

343 1233 384 1277 5.
452 1231 549 1276 Alii
584 1234 978 1278 sacramentario
1011 1244 1159 1290 atque
1194 1234 1403 1279 aliarum
1439 1235 1701 1279 haeresum
1738 1235 1908 1279 morbo

293 1324 353 1353 ac
377 1318 513 1364 peste
537 1308 721 1361 infecti,
749 1309 1091 1355 detestandum
1124 1326 1351 1356 errorem
1386 1325 1526 1355 suum
1561 1320 1907 1367 agnoscentes,

289 1385 483 1430 haeresi
527 1386 836 1437 abdicarunt,
884 1387 1132 1444 librosque
1175 1403 1292 1432 suos
1336 1389 1730 1433 combusserunt.
1773 1387 1907 1432 Inter

286 1470 515 1507 caeteros
539 1472 703 1507 autem
728 1463 923 1519 quidam
949 1464 1219 1509 monachus
1245 1474 1292 1509 et
1316 1464 1553 1509 sacerdos
1583 1473 1813 1520 apostata
1836 1463 1907 1509 fa-

284 1547 410 1592 ctus,
439 1553 548 1582 cum
573 1539 989 1594 perniciosissima
1015 1540 1105 1585 hac
1131 1540 1323 1585 haeresi
1349 1541 1645 1596 laborasset,
1672 1541 1733 1585 ad
1768 1550 1902 1586 octa-

284 1627 397 1657 uum
422 1629 576 1670 usque
600 1630 798 1671 annum,
826 1615 973 1661 immo
997 1626 1045 1661 et
1074 1632 1281 1661 uxorem
1317 1617 1552 1665 duxisset,
1590 1617 1906 1662 concionibus

284 1689 446 1735 Patris
471 1690 530 1735 ad
557 1691 905 1746 poenitentiam
929 1692 1172 1747 inductus,
1201 1693 1245 1737 in
1276 1693 1629 1738 monasterium
1663 1708 1803 1738 suum
1835 1704 1908 1738 est

287 1781 537 1811 reuersus.

340 1841 383 1886 6.
451 1841 562 1888 Huc
584 1843 778 1888 accedit
809 1845 936 1900 quod
971 1845 1032 1889 ad
1067 1845 1400 1901 quadraginta
1435 1846 1511 1890 uel
1547 1845 1903 1901 quinquaginta

285 1933 344 1962 ex
371 1917 663 1974 primatibus
686 1919 822 1964 urbis
846 1921 907 1964 ad
932 1919 1095 1966 Patris
1119 1921 1385 1966 conciones
1408 1921 1703 1977 compuncti,
1730 1931 1778 1966 et
1803 1936 1905 1966 cre-

287 1994 389 2039 bris
413 1995 517 2040 eius
550 1995 979 2041 adhortationibus
1014 1997 1177 2042 diuino
1213 2013 1385 2042 amore
1420 1996 1724 2049 inflammati,
1763 1998 1905 2042 uehe-

284 2080 474 2116 menter
498 2071 750 2127 cupientes
774 2073 985 2117 alienam
1010 2074 1054 2118 in
1079 2084 1332 2129 posterum
1366 2074 1429 2119 ab
1453 2074 1582 2119 omni
1618 2073 1805 2130 flagitio
1839 2075 1903 2119 ui-

283 2156 384 2191 tam
404 2147 587 2192 ducere
612 2157 660 2192 et
682 2148 1002 2193 christianam
1028 2149 1256 2204 pietatem
1282 2164 1539 2201 exercere,
1566 2150 1735 2194 eodem
1762 2148 1903 2194 simul

284 2238 454 2268 omnes
497 2224 669 2280 spiritu
713 2236 1069 2274 conuenerunt,
1115 2225 1317 2271 Patrem
1362 2235 1585 2271 nostrum
1626 2241 1775 2282 super
1814 2226 1906 2270 hoc

283 2300 612 2357 consulentes;
639 2300 779 2345 cuius
803 2301 1103 2347 authoritate
1128 2318 1186 2347 ac
1211 2302 1455 2347 sententia
1487 2301 1699 2358 Spiritus
1733 2300 1903 2347 Sancti

285 2377 452 2433 gratia
475 2377 744 2422 constituta
779 2387 853 2423 est
887 2379 1216 2435 congregatio
1251 2379 1446 2435 pietatis
1479 2379 1671 2424 nomine
1705 2390 1901 2424 uocata:

282 2464 329 2498 et
353 2455 417 2499 ab
441 2453 615 2498 eodem
640 2453 790 2498 Patre
815 2454 943 2499 ratio
967 2469 1026 2499 ac
1045 2455 1238 2500 uiuendi
1260 2455 1434 2500 modus
1452 2455 1790 2511 praescriptus
1811 2467 1899 2501 est.

282 2530 512 2586 Longum
536 2530 677 2575 nimis
702 2540 833 2575 esset
852 2531 1046 2586 singula
1070 2531 1278 2583 referre,
1314 2531 1399 2576 sed
1434 2547 1493 2577 ne
1526 2531 1706 2577 tacitus
1740 2531 1903 2576 omnia

283 2616 615 2662 praeteream,
643 2621 934 2652 summmam
959 2607 1107 2652 totius
1130 2608 1200 2652 rei
1226 2608 1397 2663 paucis
1421 2607 1696 2664 expediam.
1723 2608 1775 2652 In
1810 2608 1902 2663 pri-

282 2682 372 2727 mis
395 2698 565 2728 omnes
590 2683 727 2728 istius
751 2683 1155 2739 congregationis
1179 2693 1375 2739 oportet
1399 2685 1638 2729 selectam
1668 2684 1911 2740 propriae,

284 2760 558 2804 sanctitatis
582 2775 753 2804 curam
774 2775 971 2816 gerere;
998 2760 1181 2805 idcirco
1217 2760 1421 2817 singulis
1456 2761 1627 2806 diebus
1661 2761 1902 2806 matutino

280 2845 502 2891 tempore
541 2851 629 2891 per
668 2835 916 2881 dimidiam
956 2837 1128 2881 horam
1167 2837 1327 2882 Deum
1368 2837 1565 2893 precari
1607 2846 1765 2893 atque·
1799 2837 1903 2882 eius

280 2911 517 2956 auxilium
542 2922 711 2967 petere
736 2913 931 2968 debent,
959 2921 1006 2958 et
1029 2921 1175 2959 noctu
1200 2924 1314 2958 ante
1338 2913 1549 2958 cubandi
1581 2914 1773 2969 horam,
1810 2914 1900 2958 sin-

278 2987 380 3043 guli
405 3003 531 3043 quae
550 2989 813 3045 gesserint,
837 3005 925 3045 per
944 2989 1171 3034 trientem
1196 2990 1349 3035 horae
1369 2990 1674 3035 examinare:
1697 2991 1901 3047 singulis

279 3064 426 3109 etiam
451 3065 723 3121 quibusque
748 3066 995 3111 mensibus
1029 3065 1345 3119 confitentur,
1383 3076 1431 3111 et
1465 3076 1807 3112 sacrosantam
1842 3067 1899 3112 si-
