2051 3516
367 328 438 365 638
835 329 1053 365 LITTERAE
1080 328 1174 373 QcA
1182 340 1248 364 DRl
1258 339 1437 365 MEs'i-REs

321 425 413 470 lius
436 441 583 481 quam
609 424 671 469 ab
695 424 803 469 aliis
826 425 1195 479 ludimagistris,
1223 440 1430 481 quorum
1457 440 1640 481 magna
1667 424 1743 469 hic
1767 434 1840 469 est
1863 440 1948 469 co·

322 502 417 557 pia.
445 501 556 557 Quo
581 500 647 557 fit,
675 510 727 546 vt
751 502 898 547 etiam
929 501 1167 556 capitales
1197 501 1362 546 hostes
1397 502 1552 546 nostri
1585 501 1747 558 quoad
1781 501 1946 556 fidemY

322 594 438 623 suos
462 577 585 622 filios
611 579 672 623 ab
696 578 804 623 aliis
823 579 1002 623 scholis
1026 577 1375 623 abstrahentes
1399 578 1462 623 ad
1487 587 1708 623 nostram
1729 579 1940 623 mittant.

321 655 652 699 Laboriosum
686 664 761 700 est
794 655 985 711 quidem
1025 670 1234 711 gregem
1274 655 1400 700 adeo
1434 655 1686 711 copiosum
1726 655 1818 700 rite
1857 671 1941 711 gu-

322 732 551 787 bernare,
590 747 760 776 verum
795 732 921 776 hanc
956 731 1230 776 molestiam
1271 747 1366 776 non
1407 740 1569 787 potest
1607 748 1699 776 non
1741 747 1943 777 suauem

323 807 532 852 reddere
577 808 768 853 lucrum
813 809 1106 864 animarum,
1153 809 1281 865 quod
1335 808 1443 853 inde
1498 809 1769 854 deriuatur.
1817 808 1945 853 Nam

321 885 414 930 dici
442 885 524 929 vix
549 894 725 942 potest,
760 901 904 942 quam
939 885 1084 930 facile
1118 886 1180 930 ad
1215 885 1447 941 pietatem
1482 885 1608 930 flecti
1645 886 1845 931 valeant
1877 895 1942 930 te-

321 963 481 1007 nellae
506 962 598 1007 hae
622 962 887 1017 plantulae.
915 962 1139 1017 Angelos
1174 976 1282 1007 esse
1317 962 1501 1007 diceret
1535 963 1808 1018 paternitas
1840 972 1947 1013 tua‚.

321 1039 359 1083 si
398 1038 667 1095 simplicem
708 1039 839 1084 illam
878 1040 1110 1095 pietatem
1149 1049 1195 1083 et
1234 1038 1363 1094 piam
1402 1038 1778 1094 simplicitatem,
1820 1039 1857 1083 si
1898 1040 1943 1083 in

321 1116 510 1161 orando
535 1113 863 1171 sedulitatem,
891 1116 928 1160 si
960 1116 1167 1171 denique
1202 1129 1394 1160 morum
1426 1115 1721 1171 probitatem
1755 1126 1943 1172 specta-

321 1201 412 1237 ret.
472 1192 641 1237 Taceo
696 1201 932 1248 quantum
988 1192 1225 1236 horreant
1268 1191 1636 1236 haereticorum
1681 1192 1942 1248 nouitates,

323 1279 506 1325 quanto
531 1270 635 1314 zelo
659 1285 718 1314 ac
742 1268 819 1313 siti
844 1270 1206 1324 amplectantur
1231 1268 1510 1313 orthodoxa
1533 1278 1581 1314 et
1599 1269 1844 1314 catholica
1863 1270 1943 1314 do-

321 1356 509 1402 gmata.
537 1345 682 1402 Quod
706 1346 863 1402 ipsum
891 1346 963 1390 vel
992 1345 1137 1389 vnico
1162 1345 1254 1389 hoc
1278 1345 1544 1402 exem[plo]
1579 1345 1600 1365 ἃ
1630 1346 1945 1402 comprobari

322 1433 500 1480 potest,
528 1423 656 1479 quod
681 1423 910 1467 videlicet
935 1438 1028 1467 non
1055 1422 1200 1466 modo
1225 1422 1486 1467 lutherana
1511 1422 1622 1467 labe
1645 1422 1872 1468 foedatos
1895 1423 1944 1467 li-

322 1501 475 1545 bellos
500 1501 613 1556 igne
637 1500 1026 1545 concremandos
1061 1499 1160 1543 suis
1184 1499 1592 1554 praeceptoribus
1616 1499 1832 1551 tradunt,
1861 1500 1945 1544 sed

321 1577 469 1622 etiam
500 1577 716 1621 nonnulli
752 1576 1169 1633 quadragesimali
1204 1576 1297 1620 hoc
1331 1587 1554 1632 tempore
1587 1592 1745 1632 neque
1780 1577 1948 1622 verbis

321 1669 477 1709 neque
502 1654 650 1698 etiam
676 1653 969 1698 verberibus
993 1669 1022 1697 a
1056 1652 1155 1697 suis
1191 1652 1479 1708 parentibus
1513 1652 1624 1708 cogi
1661 1663 1940 1709 potuerunt,
1994 1657 1997 1661 ’

322 1738 375 1774 vt
398 1730 631 1774 carnibus
651 1739 989 1774 vescerentur.
1012 1729 1295 1785 Intelligunt
1315 1729 1442 1774 enim
1462 1729 1570 1773 Deo
1592 1729 1945 1785 Ecclesiaeque

321 1823 441 1852 suae
466 1807 790 1852 obediendum
816 1822 923 1851 esse
943 1806 1101 1862 potius
1120 1821 1265 1863 quam
1285 1806 1560 1851 hominibus
1580 1808 1610 1851 ¹.
1633 1806 1944 1862 Sperandum

323 1894 397 1930 est
420 1900 539 1928 sane
563 1884 826 1939 aliquando
850 1883 958 1928 fore
985 1892 1035 1927 vt
1059 1883 1215 1939 (iuxta
1239 1883 1372 1938 illud)
1397 1892 1757 1928 conuertantur
1790 1884 1944 1928 corda

322 1970 518 2016 patrum
562 1961 607 2005 in
652 1959 776 2004 filios
816 1970 863 2004 et
902 1960 1139 2004 increduli
1179 1960 1240 2004 ad
1266 1960 1577 2016 prudentiam
1620 1959 1863 2017 justorum
1909 1962 1940 2015 ²,

321 2038 449 2094 quod
489 2046 541 2082 vt
584 2037 725 2081 breui
769 2035 870 2092 fiat,
917 2037 1098 2082 sedulis
1143 2037 1374 2092 precibus
1422 2037 1687 2093 pulsandus
1731 2047 1804 2083 est
1847 2037 1946 2082 Do-

322 2115 493 2159 minus

379 2191 423 2236 3.
489 2189 780 2235 Aedificium
805 2190 1006 2235 scholae
1031 2205 1209 2244 nouae,
1237 2199 1432 2246 sumptu
1468 2190 1608 2246 regio
1642 2191 1781 2236 breui
1816 2205 1945 2235 com-

321 2268 566 2324 plendum,
594 2267 979 2323 oportunitatem
1006 2267 1211 2322 praebet
1235 2267 1463 2323 agendae
1487 2267 1739 2312 comediae
1763 2267 1946 2312 nostris

322 2345 585 2400 discipuli&
629 2345 865 2388 hactenus
904 2343 1031 2388 enim
1071 2343 1349 2388 aedificatio
1384 2346 1543 2389 locum
1578 2360 1672 2388 non
1711 2344 1855 2401 dedit,
1898 2344 1944 2389 in

322 2437 418 2477 quo
453 2437 512 2466 ex
549 2437 685 2465 more
720 2421 791 2465 sui
829 2420 1081 2476 profectus
1115 2421 1363 2476 specimen
1400 2421 1592 2477 publice
1623 2421 1840 2466 ederent.
1868 2420 1944 2465 Eo

321 2499 472 2555 igitur
497 2514 623 2542 nunc
650 2505 1032 2553 praeparantur3
1061 2512 1172 2540 nam
1195 2497 1241 2541 id
1265 2512 1422 2553 genus
1457 2496 1827 2542 exercitationis
1862 2512 1943 2541 ve-

322 2576 576 2620 hementer
601 2575 762 2630 placet
786 2573 1039 2629 germanis
1062 2574 1430 2629 spectatoribus
1454 2574 1611 2619 doctis
1641 2583 1687 2618 et
1717 2573 1938 2618 indoctis.

381 2653 408 2696 4
471 2652 545 2696 De
565 2652 709 2696 modo
729 2660 777 2695 et
797 2650 966 2695 ordine
988 2649 1181 2695 viuendi
1200 2659 1484 2694 nostrorum
1505 2649 1715 2694 fratrum
1734 2649 1845 2693 nihil
1867 2649 1945 2694 hic

323 2729 495 2773 attinet
521 2728 701 2778 dicere,
728 2743 837 2772 cum
862 2727 1006 2772 solito
1031 2741 1182 2778 more,
1208 2736 1255 2771 et
1273 2727 1466 2782 quidem
1487 2727 1656 2771 sedulo
1676 2726 1878 2782 quisque
1897 2726 1943 2771 in

369 2902 387 2920 ²²
439 2902 639 2938 Abscissa
661 2901 740 2937 clzcz
749 2905 825 2937 rta.

372 3059 380 3077 ¹
435 3056 497 3093 Cf.
520 3056 624 3092 Aer.
647 3055 815 3097 Amsr..
838 3055 891 3095 V,
911 3054 969 3091 29.

370 3117 383 3136 ²
434 3115 497 3152 Cf.
519 3115 635 3155 Luc„
658 3115 687 3156 Ι,
711 3115 769 3151 17.
