2051 3516
350 306 415 341 106
806 304 1020 340 LITTERAE
1048 304 1400 347 QUADRIMESTRES

301 405 387 446 tot.
428 401 678 457 Quantum
719 400 869 455 igitur
893 400 954 444 ad
993 399 1133 443 verbi
1167 398 1581 442 sacratissimum
1607 410 1796 441 Jrzmzus
1818 410 1909 441 seu

300 477 543 533 euangelii
589 476 908 521 ministerium
954 475 1143 528 attinet,
1190 473 1344 519 Rdus.
1387 472 1700 529 praepositus
1740 482 1909 517 noster

302 554 354 598 P.
368 553 591 608 Baptista
602 552 857 607 Violaeus,
880 552 1104 596 oratione
1123 551 1181 595 de
1200 559 1454 606 pastorum
1474 548 1636 593 officio
1656 548 1905 605 instituta,

302 630 347 674 in
372 630 558 690 synodo
582 630 972 683 claromontana,
1001 636 1107 683 post
1133 626 1284 672 ferias
1308 625 1368 670 D.
1396 625 1564 670 Lucae
1582 624 1774 679 hahita,
1801 628 1909 669 tcm-

300 711 349 751 to
367 711 387 731 ‘¹
411 705 570 762 populi
591 706 830 761 applausu
855 704 1138 749 celebratus
1162 702 1267 755 fuit,
1289 706 1340 746 vt
1357 702 1597 746 dominus
1620 700 1912 757 officiarius

303 783 532 839 episcopi
549 782 621 826 od
635 782 960 826 ecclesiastae
979 794 1168 824 nmmos
1187 779 1333 835 apud
1349 779 1780 822 claromontenses
1801 791 1909 822 sus-

302 859 595 915 cipiendum
628 858 870 913 proximo
894 856 1303 913 quadragesimo
1327 855 1500 910 rfisvm
1524 858 1572 897 et
1592 853 1825 898 hortatus
1846 855 1914 899 sit

303 939 350 979 et
370 938 626 990 precatus
657 933 815 978 Cusus
836 934 965 977 votis
988 933 1194 989 obsequi
1214 946 1268 975 se
1301 931 1446 976 houd
1462 936 1616 986 posse
1650 931 1910 976 modestis-

301 1013 429 1056 sime
452 1010 727 1066 persuasit.
755 1009 919 1054 Vnica
944 1024 1066 1053 vero
1102 1008 1335 1054 concione
1359 1007 1420 1052 ad
1454 1007 1589 1051 ciues
1622 1007 1910 1052 biliomaeos

302 1087 469 1131 habita
503 1095 612 1142 post
644 1085 796 1130 ferias
831 1085 1117 1141 epiphaniae
1152 1083 1357 1128 mirifica
1390 1083 1613 1139 energia,
1641 1084 1825 1140 aliquot
1849 1083 1909 1129 ci-

301 1162 431 1207 uium
467 1171 652 1207 temere
685 1161 988 1206 offensorum
1024 1160 1210 1205 animos
1245 1159 1332 1204 sibi
1370 1159 1723 1215 reconciliauit,
1761 1170 1908 1216 atque

301 1239 364 1284 ab
388 1239 629 1284 vniuersis
652 1238 974 1283 concionator
998 1237 1043 1282 in
1078 1237 1351 1293 proximam
1384 1236 1819 1293 quadragesimam
1844 1237 1909 1282 ef-

302 1315 554 1371 flagitatus
579 1324 666 1360 est.
695 1314 969 1360 Occasione
994 1314 1120 1359 enim
1145 1313 1238 1358 loci
1271 1312 1481 1369 collegio
1506 1313 1743 1368 erigendo
1768 1313 1909 1358 desti-

304 1391 419 1445 nati,
448 1391 705 1436 altercatio
729 1391 884 1436 ciuilis
911 1400 1055 1436 enata
1081 1391 1259 1442 fuerat,
1288 1405 1413 1446 quae
1436 1389 1585 1446 ipsius
1605 1390 1843 1435 concione
1864 1390 1910 1435 in

305 1467 619 1512 concordiam
646 1483 797 1523 prope
822 1468 1025 1512 redacta
1050 1477 1138 1512 est.

363 1543 404 1588 2.
471 1543 531 1588 D.
559 1543 890 1599 Hieronymus
910 1544 1111 1588 Bassius
1130 1543 1414 1600 frequentes
1434 1544 1623 1589 Biliomi
1650 1544 1913 1589 conciones

306 1620 475 1664 habuit
499 1635 606 1664 cum
632 1620 760 1664 bona
780 1620 1056 1664 auditorum
1077 1620 1241 1676 gratia
1266 1629 1313 1664 et
1332 1621 1471 1665 lucro
1492 1620 1764 1665 animorum
1783 1621 1912 1665 haud

305 1695 518 1751 vulgari,
561 1704 709 1751 atque
733 1696 796 1740 ab
835 1695 1057 1740 omnibus
1096 1696 1140 1740 in
1166 1696 1440 1752 proximam
1476 1696 1911 1754 quadragesimam

307 1781 506 1828 optatur
540 1772 907 1827 impensissime,
943 1788 1146 1828 quorum
1184 1774 1413 1829 precibus
1446 1773 1739 1830 suffragari,
1771 1788 1912 1819 occu-

308 1847 585 1903 pationibus
609 1848 890 1902 distractus,
918 1849 1044 1893 haud
1070 1849 1264 1905 poterit.

363 1924 404 1969 3.
473 1923 583 1979 Ego
613 1924 818 1980 denique
852 1924 1134 1976 aduentum,
1172 1925 1468 1981 quotidianis
1503 1926 1817 1972 concionibus
1851 1942 1913 1971 ex

306 2015 442 2044 more
467 2010 752 2057 occupatus,
779 2002 874 2046 iam
909 2002 1068 2046 altero
1102 2018 1229 2046 anno
1263 2002 1452 2047 Biliomi
1489 2003 1726 2060 transegi,
1754 2003 1913 2059 prima

305 2075 541 2134 Johannis
572 2077 808 2121 canonica
844 2092 901 2121 eo
934 2078 1169 2133 temporis
1203 2079 1360 2134 spatio
1395 2079 1456 2124 ad
1494 2079 1770 2124 vmbilicum
1806 2095 1912 2135 per-

305 2151 468 2196 ducta.

360 2227 402 2271 4.
468 2227 928 2273 Reverendissimus
962 2229 1081 2274 Dns.
1110 2230 1127 2255 ¹³
1159 2231 1562 2276 claromontanus
1587 2233 1600 2256 ¹
1642 2231 1910 2288 praepositi

304 2302 559 2358 Baptistae
599 2304 827 2358 precibus
865 2320 1150 2362 persuasus,
1193 2307 1282 2351 hoc
1323 2307 1499 2352 iterum
1539 2307 1739 2352 honoris
1778 2308 1912 2353 bilio-

307 2379 460 2423 maeis
496 2379 730 2434 exhibuit,
767 2381 1057 2436 praeferens
1092 2398 1177 2427 eos
1211 2384 1569 2439 ryomensibus,
1607 2385 1910 2438 ambertinis,

304 2455 670 2510 curtapetranis
694 2457 724 2507 ²,
753 2466 801 2501 et
823 2457 1233 2504 issiodorensibus
1253 2460 1284 2513 ³3
1312 2460 1389 2516 qui
1411 2476 1578 2506 omnes
1597 2461 1659 2506 ad
1678 2477 1816 2506 suam
1838 2476 1913 2506 me

304 2530 553 2575 ciuitatem
578 2531 623 2575 in
647 2533 910 2578 aduentum
936 2534 1282 2581 inuitauerant.
1319 2536 1456 2592 Quin
1481 2541 1529 2582 et
1546 2537 1915 2582 issz'odorenses

301 2610 583 2661 perperam
622 2608 874 2653 intelleclo
909 2611 1138 2666 episcopi
1174 2613 1523 2670 responsione,
1565 2627 1645 2657 me
1686 2618 1913 2670 sperato,-

305 2680 415 2725 dies
452 2686 557 2726 octo
597 2684 952 2729 concionatore
976 2686 1237 2743 frustrati
1258 2688 1435 2745 suere.
1480 2689 1751 2734 Caeterum
1789 2690 1916 2735 hoec

350 2832 368 2850 a
436 2834 629 2875 instituta,
651 2835 762 2871 miro.
819 2836 882 2862 —b
951 2837 1322 2884 Dnus.episc0pus.

352 2952 361 2970 ¹
413 2950 641 2987 Gulielmus
661 2965 683 2987 a
702 2952 823 2989 Prato
842 2954 908 2997 (du
928 2954 1052 2999 Prat).

351 3009 364 3030 ‘⁶'
413 3009 556 3045 Incolis
575 3010 705 3056 oppidi
726 3011 960 3057 Courpiere.

351 3067 363 3086 ⁸
412 3067 556 3104 Incolis
575 3070 704 3115 oppidi
722 3070 879 3107 Issoire.
