2051 3516
353 292 423 327 506
820 290 1037 325 er'rERAE
1065 289 1418 334 QUADRIMESTRES

309 384 517 429 rectoris
552 384 713 439 (abest
746 383 874 427 enim
899 382 1050 427 Pater
1074 381 1275 440 Gaspar
1299 385 1330 439 ¹,
1358 383 1439 439 qui
1464 393 1630 429 rector
1655 393 1802 429 antea
1825 384 1926 429 fue-

309 470 400 516 rat;
438 460 483 504 in
524 459 813 516 obsequium
848 459 909 504 D.
948 459 1215 504 cardinalis
1251 460 1511 517 burgensis
1544 460 1606 505 ad
1640 460 1926 516 praedican—

308 538 418 581 dum
455 536 651 592 missus)
686 536 885 580 tandem
925 536 1112 593 recepti
1151 546 1282 593 sunt,
1319 547 1366 581 et
1406 547 1457 581 vt
1495 536 1631 582 uiros
1666 537 1928 593 religiosos

308 613 463 669 decet,
491 627 694 657 munere
718 611 887 669 functi,
915 613 1181 657 multorum
1205 612 1296 658 sibi
1319 613 1715 658 beneuolentiam
1738 628 1927 668 prome-

308 698 529 733 ruerunt.
576 688 713 733 Haec
752 687 954 733 fauente
992 689 1188 734 numine
1228 689 1359 733 domi
1397 698 1558 745 gesta,
1600 689 1724 734 foris
1763 697 1927 733 autem

307 780 400 809 non
427 781 604 822 pauca,
631 781 693 810 ex
718 765 892 821 quibus
916 765 1056 810 breui
1080 766 1389 822 compendio,
1411 781 1470 811 ne
1493 765 1715 822 prolixus
1737 765 1925 816 videar,

307 841 542 886 nonnulla
565 842 919 898 perstringam.

349 918 392 963 6.
445 917 551 962 Non
574 918 789 975 ignorat,
812 927 865 962 vt
883 919 1121 975 arbitror,
1148 919 1422 974 paternitas
1443 927 1629 970 vestra,
1651 916 1798 962 Rum.
1820 932 1922 962 car-

307 994 517 1039 dinalem
541 995 822 1050 burgensen
848 995 1045 1039 ineunte
1069 1010 1189 1040 uere
1213 1011 1242 1039 a
1265 994 1417 1039 Patre
1436 993 1709 1038 Francisco
1727 993 1927 1038 nonnul-

307 1072 378 1115 los
403 1086 467 1115 ex
486 1071 666 1116 nostris
690 1071 753 1116 ad
776 1086 828 1116 se
852 1072 1070 1116 mitteret
1089 1071 1414 1128 efflagitasse,
1437 1071 1517 1126 qui
1541 1070 1786 1115 montanis
1804 1069 1928 1114 Bur—

307 1163 486 1203 gorum
510 1147 630 1192 locis
654 1148 932 1193 doctrinam
968 1149 1182 1193 xianam.
1222 1148 1588 1204 praedicarent,
1623 1147 1832 1192 clericos
1863 1147 1927 1191 in-

305 1233 574 1280 struerent,
616 1224 961 1269 examinarent
1000 1240 1122 1280 quos
1163 1225 1359 1279 uellent,
1402 1224 1593 1280 ineptos
1632 1223 1826 1279 quidem
1866 1222 1928 1267 ad

307 1301 585 1350 animarum
610 1316 784 1345 curam
804 1302 1076 1357 gerendam
1099 1296 1348 1357 notarent,
1374 1301 1579 1346 idoneos
1602 1310 1769 1344 autem
1793 1309 1841 1344 et
1865 1299 1928 1344 ad

308 1378 492 1433 probos
532 1393 698 1422 mores
731 1389 777 1422 et
811 1378 872 1422 ad
913 1378 1252 1434 proximorum
1287 1378 1434 1422 saluti
1473 1376 1828 1433 inuigilandum
1861 1376 1927 1420 in-

307 1453 633 1499 flammarent.
657 1454 787 1498 Misit
812 1469 935 1510 ergo
955 1454 1036 1499 Pr.
1058 1454 1359 1498 Franciscus
1379 1455 1500 1498 duos
1524 1452 1831 1508 presbiteros
1854 1462 1924 1497 to-

306 1530 552 1586 tidemque
583 1530 835 1583 diaconos,
863 1531 922 1575 de
947 1546 1153 1587 quorum
1179 1530 1224 1574 in
1251 1531 1343 1574 hoc
1367 1530 1593 1574 obeundo
1630 1545 1833 1574 munere
1857 1529 1922 1573 di-

307 1606 527 1663 iigentia,
564 1607 610 1651 in
645 1606 967 1663 profligandis
1002 1607 1130 1651 uitiis
1171 1607 1464 1663 acrimonia,
1501 1607 1545 1651 in
1581 1605 1834 1651 flectendis
1867 1607 1928 1651 ad

306 1683 655 1738 poenitentiam
692 1683 949 1739 flagitiosis
978 1683 1251 1728 hominibus
1277 1683 1324 1728 ui
1349 1694 1396 1728 et
1420 1683 1639 1739 energia,
1665 1683 1929 1738 superiori-

309 1760 400 1804 bus
425 1760 597 1804 diebus
630 1760 931 1816 scripsimus.
970 1760 1099 1816 Quid
1135 1776 1257 1804 uero
1295 1759 1488 1815 postea?
1524 1759 1854 1804 Perstiterunt
1883 1760 1930 1804 in

306 1835 469 1880 officio
496 1836 740 1881 indefesso
766 1837 928 1881 animo
953 1846 1000 1881 et
1023 1852 1213 1893 genera
1237 1836 1643 1893 superstitionum
1668 1836 1811 1880 uaria
1836 1852 1925 1891 pro

306 1912 493 1956 uiribus
519 1913 847 1969 extirparunt,
876 1914 1051 1969 quibus
1085 1913 1177 1957 hae
1212 1913 1480 1968 praecipue
1514 1921 1690 1967 gentes
1715 1912 1928 1956 maxime

307 1989 552 2033 laborant.
602 1989 879 2033 Audiet-unt
933 1990 1198 2033 multorum
1251 1990 1516 2045 generales
1566 1988 1927 2045 confessiones,

306 2081 517 2121 quarum
541 2080 635 2109 non
662 2081 846 2121 paruus
880 2065 971 2110 fuit
1005 2081 1319 2123 concuissus,
1349 2066 1702 2122 praedicarunt
1731 2065 1929 2110 assidue

306 2143 515 2186 verbum
541 2141 652 2198 Dei,
679 2152 727 2186 et
751 2158 836 2187 eos
861 2143 939 2198 qui
965 2143 1137 2199 quauis
1163 2143 1220 2187 de
1244 2158 1426 2187 caussa
1461 2142 1736 2187 inimicitias
1762 2151 1929 2186 mutuo

306 2219 568 2275 gerebant,
595 2219 640 2263 in
666 2219 882 2275 gratiam
918 2219 1172 2275 pristinam
1210 2219 1530 2263 reduxerunt.
1559 2218 1782 2263 Tandem
1808 2219 1930 2262 duos

307 2311 367 2339 ex
393 2295 481 2351 his,
510 2311 585 2339 me
610 2295 869 2339 diaconum
894 2295 972 2351 <de
1006 2311 1081 2340 me
1115 2295 1241 2339 enim
1277 2295 1498 2340 scribere
1532 2293 1697 2351 jussus
1731 2294 1857 2351 sum)
1882 2304 1930 2339 et

308 2371 507 2417 Patrem
544 2370 746 2429 Garsia,
784 2373 1161 2428 praesbiterum,
1199 2372 1280 2428 qui
1318 2372 1364 2416 in
1399 2371 1654 2417 territorio
1693 2372 1929 2428 burgensi

307 2449 444 2493 uicos
478 2449 685 2505 triginta
718 2448 997 2506 hujusmodi
1031 2449 1283 2494 exercitiis
1317 2449 1465 2494 dediti
1499 2463 1926 2505 percurreramus,

307 2526 569 2570 accerssiri
604 2525 740 2582 jubet
775 2525 1216 2571 reverendissimus
1251 2525 1535 2580 cardinalis,
1563 2534 1611 2570 et
1634 2526 1839 2570 comites
1863 2526 1928 2570 in-

307 2602 530 2646 diuiduos
553 2602 642 2647 sibi
669 2602 858 2658 recipit.
885 2602 1201 2647 Deci-euerat
1221 2603 1348 2647 enim
1367 2603 1429 2647 ad
1448 2611 1683 2647 montana
1701 2617 1799 2646 non
1819 2617 1929 2658 par-

308 2694 368 2722 ua
392 2679 622 2723 clientum
649 2680 855 2724 cohorte
880 2679 1169 2736 procedere,
1197 2679 1326 2734 quod
1351 2688 1400 2723 et
1422 2678 1555 2723 fecit.
1582 2678 1709 2722 Tum
1747 2687 1795 2722 ut
1821 2677 1928 2734 visi-

306 2754 503 2799 tationis
528 2755 795 2810 praefectis
819 2756 1034 2800 animum
1059 2755 1283 2811 adderet,
1310 2754 1560 2811 pigritiam
1586 2763 1859 2809 excuteret,
1881 2753 1929 2798 fi·

307 2831 381 2876 dei
416 2831 610 2876 illorum
644 2833 689 2876 in
729 2841 867 2877 tanto
902 2848 1104 2877 munere
1137 2841 1314 2877 exacte
1345 2831 1624 2876 seruandae
1658 2831 1928 2887 periculum

308 2908 513 2962 faceret;
541 2919 641 2953 tum
667 2918 715 2953 et
740 2919 792 2953 vt
817 2908 1048 2954 barbaris
1071 2921 1314 2953 terrorem
1335 2908 1596 2963 incuteret,
1617 2907 1746 2952 colla
1765 2907 1927 2951 doma-

353 3074 361 3092 ¹
415 3073 458 3109 P.
481 3073 641 3120 Gaspar
660 3075 708 3110 de
728 3074 935 3111 Acebedo.
