2051 3516
1626 336 1647 370 ζ-ἾἸ

1649 335 1670 369 xi

1677 335 1691 370 ,-

534 338 950 374 148.—INGOLS'1⁴AD10
981 336 1022 372 18
1049 335 1207 372 ΜΑΗΉΙ
1238 336 1328 372 1558

879 560 979 611 148

478 679 904 736 TARQUINIUS
941 678 1368 725 REYNALDUS

581 783 857 810 INGOLSTADIO
886 774 930 809 18
955 783 1100 809 MAR‘ru
1128 772 1219 808 1558
1247 774 1270 809 ¹.

108 860 140 895 1.
162 857 413 894 Domestica
433 857 685 902 disciplina,
715 857 980 893 domesticae
1004 855 1291 891 virtutes—2.
1324 855 1550 891 Sociorum
1580 857 1743 892 concio-

178 928 265 961 nes,
284 917 611 963 praelectiones,
634 917 875 953 litterariae
900 914 1372 952 exercitationes—34.
1403 914 1653 951 Puerorum
1680 914 1742 951 ad

175 977 347 1013 scholas
366 976 670 1013 accedentium
681 976 893 1022 frequens
918 985 1149 1013 numerus:
1175 985 1324 1010 eorum
1353 975 1554 1016 virtutes·
1581 975 1742 1010 lz'ttera-

179 1038 272 1072 riae
290 1037 635 1075 exercitationes:
654 1035 753 1071 ludi
769 1034 1001 1071 acti.-—5-9.
1031 1033 1171 1070 Ducis
1190 1033 1419 1070 Bavam'ae
1445 1042 1545 1078 e‘rga
1575 1036 1742 1069 nostros

178 1096 474 1132 benevolentia
493 1095 698 1140 pluribus
725 1095 935 1140 exemplis
963 1092 1350 1139 confirmata—10.
1385 1092 1638 1129 Cardinalis
1665 1103 1742 1128 au-

173 1156 360 1202 gustani
375 1157 548 1200 insigne
561 1155 832 1191 humilitatis
848 1154 1220 1199 exemplunz.—ll.
1245 1152 1486 1189 Candidati
1504 1152 1741 1198 cujusdam

178 1215 405 1252 admissio.

170 1295 207 1340 1.
273 1294 438 1353 Jesvs.
465 1292 648 1339 Gratia
672 1303 721 1338 et
753 1308 853 1349 pax
886 1290 1083 1337 Domini
1118 1290 1274 1335 nostri
1308 1289 1426 1349 Jesu
1461 1288 1645 1334 Christi
1680 1289 1742 1334 sit

107 1387 304 1428 semper
338 1371 384 1416 in
419 1371 652 1416 cordibus
687 1370 886 1415 nostris.
913 1369 1144 1414 Ammen.
1173 1367 1275 1425 [Ex
1299 1367 1586 1412 obedientia
1620 1367 1740 1412 scri-

107 1449 222 1493 bere
245 1463 300 1493 se
323 1449 459 1505 dicit,
488 1452 533 1512 et
559 1462 733 1492 rernm
757 1447 1099 1493 dicendammz
1123 1445 1360 1490 ordinem
1379 1443 1666 1501 proponit]

196 1526 451 1583 Quantum
476 1526 628 1582 igitur
652 1526 715 1570 ad
739 1524 1045 1581 spiritualem
1070 1523 1295 1567 Palmam
1327 1535 1386 1566 ac
1410 1521 1623 1566 fratrum
1654 1537 1735 1565 no-

58 1626 59 1629 *
107 1614 329 1650 strorum
363 1603 642 1660 profectum
677 1603 868 1659 attinet,
896 1616 1067 1646 omnes
1102 1600 1195 1656 (sui
1231 1598 1437 1644 instituti
1472 1598 1739 1654 memores)

109 1690 287 1726 exacte
322 1681 527 1737 regulas
561 1680 836 1724 obseruare
869 1687 1133 1734 conantur,
1171 1691 1379 1720 munera
1419 1690 1743 1731 quaecunque

107 1759 198 1803 sibi
222 1758 451 1815 imposita
474 1757 739 1813 diligenter
763 1764 1093 1812 exequuntur,
1116 1752 1367 1798 deuotioni
1392 1768 1450 1797 ac
1477 1751 1740 1797 mortifica-

107 1835 226 1880 tioni
266 1850 318 1880 se
358 1834 557 1891 dedunt,
600 1844 821 1878 mutuam
861 1832 1154 1877 charitatem
1197 1830 1427 1886 retinent,
1470 1845 1527 1873 ac
1570 1845 1742 1874 omnes

106 1912 363 1957 unanimes
387 1927 496 1957 sese
521 1920 653 1956 totos
688 1911 733 1955 in
771 1910 935 1954 uiuum
970 1924 1031 1954 ac
1066 1917 1358 1964 perpetuum
1391 1907 1739 1951 holocaustum

106 1989 216 2035 Deo
241 1988 428 2034 offerre
452 1988 671 2045 cupiunt,
695 1997 743 2033 et
763 1987 1035 2044 (qnantum
1062 1986 1258 2030 en'rimn
1281 1998 1503 2029 suarum
1529 1985 1619 2040 est)
1646 2000 1741 2029 non

107 2068 264 2111 solum
304 2066 575 2122 propriam,
612 2081 786 2110 uerum
822 2064 970 2109 etiam
1005 2062 1346 2119 proximorum
1382 2063 1592 2106 salutem
1628 2061 1744 2106 totis

108 2144 295 2190 uiribus
328 2158 629 2200 promouere
664 2142 878 2187 student.
917 2139 1043 2186 Sunt
1079 2139 1286 2195 denique
1326 2138 1552 2183 omnibus
1593 2139 1741 2183 bono-

107 2238 216 2267 rum
241 2236 436 2266 morum
471 2236 531 2265 ac
566 2218 820 2276 religionis
844 2218 1162 2274 exemplaria
1185 2221 1223 2273 ἃ,
1250 2228 1297 2261 et
1322 2215 1548 2272 quamuis
1579 2217 1739 2260 obtre-

107 2309 325 2344 ctatores
357 2308 405 2343 et
433 2297 583 2342 inuidi
618 2312 714 2341 non
749 2295 922 2347 desint,
951 2295 1064 2351 quid
1099 2304 1265 2339 tamen
1301 2308 1419 2337 uere
1455 2292 1500 2336 in
1535 2291 1627 2336 illis
1661 2307 1741 2336 ca·

108 2375 407 2420 lumnientur
430 2389 528 2419 non
553 2373 822 2419 inueniunt.

167 2452 208 2497 2.
276 2451 422 2496 Vnus
446 2466 510 2497 ex
532 2449 714 2495 nostris
739 2449 973 2494 Patribus
997 2448 1187 2493 festinis
1217 2447 1390 2492 diebus
1422 2446 1741 2502 germanicas

106 2530 370 2576 conciones
393 2528 639 2585 frequenti
664 2527 827 2584 populi
853 2541 1101 2571 concursu
1126 2525 1339 2581 quodam
1366 2524 1411 2569 in
1436 2524 1619 2579 templo
1655 2523 1736 2568 ha-

107 2609 203 2654 bet.
232 2606 331 2652 Alii
355 2622 477 2651 uero
502 2615 604 2651 tres
630 2605 807 2650 Patres
830 2604 875 2648 in
901 2603 1016 2648 noui
1036 2602 1233 2659 collegii
1253 2601 1464 2646 ecclesia
1490 2601 1522 2654 ²,
1548 2599 1742 2646 festiuis

153 2764 172 2783 a
222 2764 421 2809 exemplo.

155 2911 165 2929 ¹
217 2908 279 2945 Ex
310 2907 501 2954 originali
532 2905 785 2952 autographo
805 2904 849 2948 (ἒ)
877 2904 916 2939 in
943 2902 1077 2939 codice
1109 2902 1248 2937 Germ.
1283 2899 1377 2940 186,
1406 2898 1447 2936 ff.
1480 2898 1601 2943 39-40;
1632 2898 1743 2945 prius

108 2969 227 3005 13-15.
250 2968 401 3005 Deleta
420 2980 442 3003 a
460 2966 639 3003 Polanco
659 2964 806 3001 italicis
825 2963 972 2999 litteris
1000 2962 1038 2997 in
1067 2968 1179 2997 textu
1207 2966 1406 3003 notamus;
1436 2958 1497 2995 his
1524 2958 1742 2995 substituta

106 3029 173 3064 vel
192 3028 340 3071 addita,
362 3040 433 3063 suo
452 3027 539 3062 loco
558 3025 597 3061 in
617 3023 945 3060 annotationibus
965 3021 1214 3057 exhibemus.
1495 3028 1497 3031 ·

154 3088 167 3107 ‘²
216 3087 407 3132 Intellige
428 3085 690 3122 seminarium
710 3083 992 3130 georgianum.
1015 3080 1078 3117 Cf.
1097 3079 1456 3121 BRAUNSBERGER,
1477 3078 1743 3123 Canisiiepi-

106 3148 264 3189 stillae„
284 3147 333 3191 Π,
354 3148 388 3188 5,
409 3146 443 3189 6,
464 3145 498 3182 8.
