2051 3516
597 324 971 364 172.—PLACENT1A
997 327 1040 364 31
1071 326 1182 373 MAJI
1213 326 1304 363 1558
1637 325 1706 364 695

118 421 403 468 necessaria
443 422 746 467 uiderentur.
797 422 947 468 Pater
992 439 1128 478 uero,
1172 437 1284 467 cum
1328 421 1752 467 animaduerteret

118 499 356 545 maiorem
392 499 577 556 requiri
612 514 853 544 summam
887 516 1217 556 nummorum,
1255 515 1403 555 quam
1434 514 1560 555 quae
1586 508 1751 555 posset

116 593 175 622 eo
200 587 424 632 tempore
450 576 513 621 ab
537 575 770 633 episcopo
796 577 1035 634 exhiberi,
1072 575 1479 633 chyrographum
1515 575 1636 620 dare
1677 592 1750 621 re·

115 654 340 699 cusabat:
377 663 428 698 at
462 653 560 710 ille,
598 668 708 698 cum
738 653 902 699 Patris
927 654 1142 699 animum
1167 653 1509 708 intellexisset,
1535 652 1749 698 animum

117 731 157 776 ei
182 730 368 776 addidit
393 746 445 776 sc
468 729 616 775 facile
641 740 975 788 reperturum,
1003 731 1081 788 qui
1107 730 1196 776 sibi
1231 745 1556 786 quaecunque
1590 729 1749 785 petiis-

114 818 188 854 set
221 808 466 863 crederet;
506 807 706 853 tandem
740 808 869 864 quod
894 808 1094 863 petebat
1118 807 1342 853 obtinuit.
1371 805 1563 853 Gratus
1587 806 1652 851 illi
1677 815 1751 851 est

114 900 428 942 summopere
454 885 606 930 Pater
631 893 816 941 rector,
844 884 983 929 cuius
1008 884 1259 941 presentia
1285 885 1352 929 ita
1377 884 1670 939 delectatur,
1699 893 1752 928 ut

116 963 295 1008 multas
335 962 427 1007 diei
468 962 619 1007 horas
659 971 919 1007 consumat
958 962 1160 1018 negotia
1199 960 1466 1007 Societatis
1510 970 1558 1006 et
1601 961 1750 1006 etiam

117 1040 319 1096 propria
344 1055 456 1085 cum
480 1055 539 1084 eo
564 1038 843 1084 conferens.

175 1117 242 1163 10.
309 1116 551 1162 Deci-euit
571 1116 731 1161 denuo
755 1116 954 1161 domum
974 1116 1221 1172 quandam
1242 1116 1440 1173 erigere
1465 1116 1510 1160 in
1531 1116 1749 1173 praediis

114 1194 404 1251 quibusdam
430 1209 584 1250 prope
609 1195 782 1238 urbem
808 1192 1170 1238 amoenissimis
1195 1192 1340 1249 (quae
1364 1192 1583 1239 Sanctae
1607 1199 1624 1220 ³
1646 1193 1748 1239 Ma-

111 1271 357 1328 gdalenae
392 1271 688 1316 dicebantur
723 1271 755 1327 ¹,
797 1279 845 1315 et
878 1269 1054 1326 quibus
1094 1270 1190 1314 iam
1230 1270 1446 1327 episcopi
1482 1270 1747 1316 donatione

111 1349 341 1406 fruimur)
368 1364 495 1405 quae
521 1348 749 1393 nimirum
775 1348 938 1393 domui
963 1347 1270 1403 probationis
1295 1347 1563 1401 deseruiat,
1591 1358 1640 1393 et
1675 1364 1747 1394 re-

111 1427 340 1472 creandis
364 1443 393 1473 a
417 1427 592 1472 labore
615 1425 859 1472 fratribus
883 1436 929 1471 et
954 1425 1188 1471 Patribus
1212 1425 1522 1482 placentinis,
1552 1426 1748 1482 quando

110 1504 178 1550 ita
203 1504 438 1561 expedire
463 1503 775 1549 iudicabitur.
803 1503 881 1549 De
904 1503 1039 1548 fundi
1065 1503 1208 1548 huius
1232 1503 1524 1549 utilitatibus
1555 1503 1748 1549 eximiis

110 1598 206 1627 non
240 1582 406 1628 scribo
441 1583 600 1639 plura,
638 1581 751 1637 quia
785 1580 1013 1626 existimo
1048 1581 1146 1626 iam
1176 1581 1300 1626 alias
1324 1581 1409 1626 tibi
1435 1597 1537 1626 rem
1564 1582 1746 1627 indica-

110 1671 228 1717 tam,
256 1674 347 1704 nec
370 1660 432 1704 de
455 1660 614 1705 lmz'zts
637 1659 764 1704 noni
795 1659 1024 1716 aedificii
1055 1659 1432 1705 constructione
1467 1663 1747 1717 antequam

49 1747 52 1751 ⁴
112 1751 194 1782 res
216 1741 394 1783 sumat
415 1737 704 1782 exordium.

173 1815 241 1860 11.
311 1813 648 1860 Comoramur
682 1815 781 1860 hoc*
809 1825 1034 1871 tempore
1074 1814 1359 1860 Plazentiae
1399 1814 1573 1872 uiginti
1615 1826 1743 1866 octo,

111 1901 298 1948 septem
330 1891 522 1947 Patres,
560 1892 734 1949 reliqui
770 1892 971 1949 iratres,
1009 1902 1057 1938 et
1091 1892 1335 1938 ualuimus
1368 1893 1607 1938 hactenus
1640 1893 1747 1939 iere

110 1986 296 2027 omnes,
319 1986 433 2016 nam
453 1971 512 2016 de
536 1971 723 2017 morbis
747 1986 870 2027 quos
894 1971 1043 2028 aliqui
1067 1980 1445 2028 contraxerant,
1468 1972 1607 2018 breui
1633 1988 1744 2017 con—

112 2049 390 2094 ualuerunt.

172 2125 240 2170 12.
306 2125 573 2171 Lectiones
600 2136 815 2182 quatuor
850 2125 1083 2171 classium
1118 2126 1253 2172 latini
1289 2127 1535 2172 sermonis
1569 2138 1617 2172 et
1652 2127 1745 2172 ari-

108 2204 347 2248 stoteleae
373 2203 665 2249 dialecticae
690 2203 1039 2260 interpretatio
1070 2214 1461 2260 perseuerarunt
1497 2220 1649 2261 usque
1684 2205 1745 2249 ad

109 2281 227 2337 dies,
265 2297 386 2338 quos
422 2292 605 2327 uocant
640 2282 972 2338 caniculares,
1000 2280 1045 2326 in
1072 2282 1245 2338 quibus
1270 2283 1464 2327 omnino
1490 2286 1745 2328 cessatum

109 2362 185 2403 est
205 2358 238 2415 b,
267 2358 335 2404 ita
361 2359 560 2404 uolente
584 2359 738 2405 Patre
763 2359 1169 2416 uiceprouinciali
1195 2360 1227 2424 2,
1254 2360 1424 2404 habita
1458 2360 1651 2405 ratione
1670 2376 1745 2405 sa-

110 2436 224 2481 lutis
248 2446 451 2482 nostrae
476 2448 524 2482 et
550 2437 702 2482 etiam
726 2437 1159 2483 scholasticorum.

156 2623 173 2642 ³
224 2615 434 2652 Praeced.
457 2626 496 2651 v.
518 2615 730 2652 additum
750 2621 891 2662 supra
910 2627 1021 2653 vers.
1077 2616 1142 2643 ——b
1179 2616 1418 2661 cessabitur,
1440 2627 1526 2654 non
1544 2617 1747 2655 emenda-

111 2678 149 2711 to
169 2677 313 2721 priore
330 2675 811 2723 verbozperseuerarunt.

158 2846 165 2864 ¹
220 2844 326 2881 Vide
346 2844 547 2892 superius,
579 2857 672 2892 pag.
702 2844 788 2882 458.
824 2844 980 2881 Domus
1008 2845 1109 2881 haec
1136 2845 1213 2881 sita
1240 2850 1328 2881 erat
1354 2845 1461 2881 intra
1486 2843 1587 2882 fines
1614 2847 1744 2893 oppidi

103 2903 256 2950 Jaraiz.
284 2903 347 2941 Cf.
370 2904 542 2949 MADOZ,
564 2904 848 2942 Dz‘ccz'onam‘o
862 2905 1120 2951 geogra'flco,
1142 2904 1215 2941 sub
1235 2904 1372 2941 verbis
1386 2904 1540 2952 JARAIZ
1559 2911 1599 2942 et
1626 2906 1747 2943 MAG-

107 2974 297 3001 DALENA.

155 3023 167 3042 ²
218 3023 328 3060 Dum
346 3023 391 3061 P.
415 3023 554 3061 Araoz
575 3024 654 3061 iter
679 3025 720 3061 in
748 3024 905 3062 Urbem
934 3024 1219 3069 meditabatur,
1248 3024 1380 3061 faetus
1406 3029 1467 3061 est
1494 3026 1747 3072 viceprovin-

107 3083 222 3119 cialis
248 3082 293 3120 P.
325 3082 642 3131 Christophorus
658 3084 909 3132 Rodriguez.
928 3084 1151 3129 ALCAZAR,
1173 3085 1554 3128 Clzrono—lzistoria,
1575 3085 1677 3122 Dec.
1696 3084 1743 3128 Π,

109 3147 185 3179 ano
204 3142 258 3187 X,
279 3155 368 3190 cap.
390 3142 459 3188 III,
481 3147 500 3186 ἓ
520 3143 536 3180 Ι
556 3144 665 3191 (pag.
686 3143 783 3189 397).
