2051 3516
508 291 871 330 39.*X⁷1xi)012.0x.x
903 293 944 329 17
972 293 1146 330 APRILIS
1176 295 1267 330 1557
1600 298 1665 333 ΜΕ

141 389 183 433 0.
257 378 474 433 Fuerunt
499 398 545 433 et
571 388 697 434 duae
724 389 971 443 muliereS,
995 404 1122 445 quae
1143 390 1256 435 licet
1276 390 1524 446 priuatim,
1547 401 1708 437 tamen

83 451 334 522 tanrjztmn
357 471 373 490 ²¹
396 465 621 521 publicae
642 466 931 511 meretrices
954 479 1009 510 se
1035 466 1212 511 uiuere
1234 466 1566 524 fatebamur,
1605 483 1710 513 ma-

81 542 222 586 xime
242 545 415 586 autem
436 541 601 586 altem
625 542 661 587 ¹³.
682 542 876 588 Verum
895 541 1062 587 diuina
1083 543 1303 588 bonitate
1326 550 1342 570 0
1365 558 1538 588 earum
1559 545 1712 589 corda

84 619 127 664 in
152 618 463 663 confessione
487 618 555 663 ita
580 619 846 664 commouit
870 619 1016 664 Dens
1034 623 1203 675 pater,
1243 629 1294 665 ut
1328 620 1491 665 statim
1526 626 1709 677 propa

80 696 280 740 sne‘m'ut
302 694 651 753 pollicitaeqlle
675 696 770 741 sint
796 711 966 741 ueram
995 695 1124 741 uitae
1149 696 1564 747 emendationem,
1599 697 1709 742 sint-

82 787 174 828 que
200 787 382 827 magno
409 787 521 816 cum
546 772 720 818 dolore
745 772 806 817 ad
831 772 1097 817 Dominum
1123 773 1282 818 Deum
1308 789 1600 819 conuersae.

145 848 211 893 10.
283 848 424 893 Aliae
448 847 663 901 fuerunt,
692 865 833 906 quae,
861 849 975 894 licet
1007 849 1223 905 adultae,
1262 866 1509 908 nunquam
1545 860 1708 896 tamen

80 935 229 971 antea
254 924 272 950 ‘¹
296 941 387 970 sua
411 925 619 971 crimina
644 927 880 983 detegere
906 928 1187 973 uoluerant.
1214 927 1542 986 Idemfecere
1576 929 1711 973 multi

85 1003 175 1047 viri
199 1009 214 1029 θ
241 1003 320 1060 qui
345 1002 584 1048 hactenus
605 1019 800 1059 semper
820 1004 862 1048 in
885 1019 1074 1060 genere
1094 1004 1307 1050 confessi
1328 1016 1456 1061 sunt,
1479 1006 1563 1051 sed
1584 1021 1712 1051 nunc

80 1081 140 1125 ad
172 1079 508 1136 particularef
538 1081 914 1133 descenderunt,
952 1097 1062 1127 cum
1097 1082 1445 1128 intellexerunt
1478 1099 1529 1128 se
1563 1094 1711 1128 antea

80 1171 351 1202 erroneam
377 1164 395 1191 g
419 1157 636 1203 tenuisse
660 1157 910 1203 confitenti
937 1159 1151 1204 modum.
1182 1159 1455 1205 Praeterea
1489 1176 1517 1205 a
1554 1160 1710 1205 Patri-

78 1235 169 1279 bus
194 1235 375 1280 nostris
400 1236 562 1280 edocti
587 1235 751 1281 dolent
776 1233 1240 1294 uehementerquod
1265 1238 1475 1283 antehac
1500 1247 1601 1283 tam
1627 1238 1710 1282 mi-

78 1328 190 1357 sere
214 1312 395 1358 diaboli
420 1313 607 1358 technis
632 1313 821 1359 seducti
856 1313 1056 1369 fuerint,
1093 1315 1184 1372 qni
1214 1325 1368 1360 totam
1399 1330 1552 1361 snam
1577 1326 1709 1361 aeta-

78 1402 173 1435 tem
201 1390 245 1435 in
270 1391 498 1436 maximis
522 1391 740 1447 peccatis
764 1392 1115 1448 transigerunt
1139 1392 1174 1447 ¹¹,
1201 1393 1629 1449 llz'pt'omz'sermtt
1656 1408 1711 1438 se

78 1468 444 1513 c‘memz'atm'os
469 1483 529 1513 ac
553 1469 688 1514 allas
706 1469 1064 1515 declaraturos
1088 1471 1139 1515 ῖίι
1160 1471 1484 1529 confessione
1501 1486 1600 1516 sna
1619 1473 1710 1516 ‹77⁴-

78 1546 238 1591 mina.
267 1545 444 1601 [Aliud
460 1547 756 1603 exemplum
779 1548 1101 1605 omittimus]

139 1623 206 1667 11.
274 1622 383 1668 Hoc
407 1622 552 1679 addo,
581 1639 657 1668 me
682 1624 930 1670 audiuisse
954 1641 983 1670 a
1019 1625 1316 1671 Reuerendo
1351 1626 1502 1672 Patre
1536 1635 1708 1671 nostro

78 1700 466 1756 quamplurimos
501 1701 653 1746 fuisse
687 1701 780 1746 hoc
814 1713 1037 1759 tempore
1063 1703 1481 1760 quadragesimae
1506 1719 1709 1749 conuer-

77 1792 159 1822 sos
183 1793 212 1822 a
242 1777 598 1822 lutheranismo
633 1778 695 1823 ad
730 1777 874 1824 fidem
909 1779 1223 1825 catholicam.
1253 1780 1402 1826 Vnde
1434 1780 1709 1826 laudandus

77 1864 152 1899 est
177 1854 330 1910 Deus,
359 1854 437 1911 qui
463 1870 579 1900 suas
603 1871 725 1900 oues
748 1872 843 1901 non
870 1856 1033 1913 perire
1058 1858 1178 1913 uult,
1201 1858 1287 1903 sed
1313 1858 1439 1903 inter
1463 1867 1564 1903 tam
1587 1858 1705 1903 mul-

79 1941 129 1977 ta
154 1931 376 1988 pericula
401 1931 462 1976 ad
489 1932 649 1978 lumen
675 1948 829 1978 uerae
853 1932 962 1979 fidei
988 1934 1231 1990 perducit.

140 2007 206 2054 12.
273 2007 324 2053 In
367 2009 530 2054 multis
564 2009 806 2065 personis
850 2011 1137 2067 experimur
1176 2027 1412 2068 magnum
1452 2028 1577 2069 erga
1617 2028 1706 2057 nos

77 2101 317 2141 amorem,
346 2086 460 2142 quia
495 2086 691 2143 quando
716 2102 836 2133 suae
861 2088 1194 2134 conscientiae
1218 2089 1265 2134 in
1290 2090 1438 2135 rebus
1462 2089 1571 2135 fidei
1596 2105 1706 2134 con-

75 2164 235 2209 sulere
274 2165 466 2221 uolunt,
509 2174 707 2210 nostros
746 2166 991 2212 accedunt
1035 2179 1268 2224 tanquam
1308 2168 1438 2213 tales
1484 2167 1491 2194 ³
1532 2168 1705 2225 quibus

75 2256 263 2286 arcana
287 2257 377 2286 sua
401 2242 551 2287 tutius
583 2241 591 2275 j
623 2243 929 2289 concredere
953 2255 999 2289 et
1024 2244 1334 2291 committere
1358 2245 1553 2291 audent.

137 2318 205 2363 13.
273 2311 535 2375 Quaedam
570 2329 729 2365 mater
764 2320 1014 2377 virginum
1050 2322 1400 2378 religiosarum
1436 2323 1569 2367 hisce
1609 2322 1703 2367 die-

76 2395 165 2440 bus
190 2395 319 2441 misit
344 2396 547 2442 nuncios
572 2397 824 2443 Viennam
849 2414 878 2443 a
903 2399 1073 2444 decem
1098 2399 1404 2453 milliaribuS,
1424 2400 1502 2457 qui
1529 2400 1705 2444 Patres

75 2481 273 2518 nostros
308 2483 549 2531 rogarent
584 2485 789 2531 propter
824 2475 1007 2522 Christi
1043 2493 1266 2523 amorem
1302 2487 1354 2522 ut
1378 2477 1706 2522 concederent

75 2550 286 2606 aliquem
323 2551 727 2597 concionatorem
763 2553 807 2597 in
843 2555 1135 2600 coenobium
1170 2555 1301 2609 illud,
1329 2555 1407 2611 qui
1434 2556 1493 2598 ad
1520 2554 1702 2599 Christi

75 2627 203 2673 ouile
229 2629 492 2674 reduceret
532 2645 652 2675 oues
676 2630 897 2686 perditas
922 2632 983 2676 oh
1010 2632 1337 2677 miserrimam
1365 2631 1703 2677 calamitatem

73 2713 121 2750 et
164 2705 420 2752 doctrinae
459 2708 867 2762 peruersitatem
910 2708 928 2734 ¹<
982 2725 1129 2765 quam
1174 2709 1465 2754 sacerdotes
1517 2708 1701 2766 infecti,

121 2915 139 2935 a
182 2914 236 2946 vt.
289 2909 356 2938 —b
391 2910 588 2947 vixerant.
642 2918 703 2937 ——C
723 2911 896 2947 bonitas.
952 2912 1015 2939 —d
1043 2912 1297 2958 Sequuntur
1313 2923 1380 2949 vv.
1402 2912 1519 2948 sicuti
1539 2912 1617 2949 iam
1638 2913 1703 2950 det

74 2973 205 3010 oblz'tt.
247 2981 310 3001 —e
331 2975 473 3011 accidit
489 2976 625 3011 multis
642 2976 750 3013 viris.
802 2976 849 3003 *f
876 2977 1147 3023 particulzuia³
1187 2984 1257 3011 —g
1272 2990 1349 3013 non
1365 2978 1525 3015 bonum.
1562 2979 1626 3006 -h
1647 2984 1702 3016 to-

74 3038 282 3080 tamque...
299 3035 585 3082 transegerint.
636 3035 691 3062 -ῑ
720 3049 800 3073 eos.
848 3037 900 3070 —i
929 3038 1051 3073 tutius
1072 3050 1190 3083 quam
1212 3038 1320 3074 aliis.
1372 3037 1436 3064 —k
1458 3050 1506 3074 ex
1522 3039 1702 3078 doctrina

74 3094 296 3140 deprauata
315 3093 549 3141 profectam.
