<?xml version="1.0" encoding="UTF-8"?>
<!DOCTYPE html PUBLIC "-//W3C//DTD XHTML 1.0 Transitional//EN"
    "http://www.w3.org/TR/xhtml1/DTD/xhtml1-transitional.dtd">
<html xmlns="http://www.w3.org/1999/xhtml" xml:lang="en" lang="en">
 <head>
  <title>
</title>
<meta http-equiv="Content-Type" content="text/html;charset=utf-8" />
  <meta name='ocr-system' content='tesseract 3.04.00' />
  <meta name='ocr-capabilities' content='ocr_page ocr_carea ocr_par ocr_line ocrx_word'/>
</head>
<body>
  <div class='ocr_page' id='page_1' title='image "./litteraequadrime17lain_0230.png"; bbox 0 0 2051 3516; ppageno 0'>
   <div class='ocr_carea' id='block_1_1' title="bbox 326 290 1380 335">
    <p class='ocr_par' dir='ltr' id='par_1_1' title="bbox 326 290 1380 335">
     <span class='ocr_line' id='line_1_1' title="bbox 326 290 1380 335; baseline -0.004 -8"><span class='ocrx_word' id='word_1_1' title='bbox 326 291 392 327; x_wconf 85' lang='lat'>198</span> <span class='ocrx_word' id='word_1_2' title='bbox 790 291 1000 327; x_wconf 68' lang='lat' dir='ltr'>LITTERAE</span> <span class='ocrx_word' id='word_1_3' title='bbox 1028 290 1329 335; x_wconf 72' lang='lat' dir='ltr'>QUADRIMEs&#39;rR</span> <span class='ocrx_word' id='word_1_4' title='bbox 1337 298 1380 323; x_wconf 61' lang='lat' dir='ltr'>as</span> 
     </span>
    </p>
   </div>
   <div class='ocr_carea' id='block_1_2' title="bbox 265 382 1907 2881">
    <p class='ocr_par' dir='ltr' id='par_1_2' title="bbox 275 382 1899 1123">
     <span class='ocr_line' id='line_1_2' title="bbox 277 382 1890 443; baseline -0.003 -12"><span class='ocrx_word' id='word_1_5' title='bbox 277 387 634 443; x_wconf 88' lang='lat' dir='ltr'>aliquantulum</span> <span class='ocrx_word' id='word_1_6' title='bbox 659 386 893 442; x_wconf 88' lang='lat' dir='ltr'>temporis</span> <span class='ocrx_word' id='word_1_7' title='bbox 918 386 962 430; x_wconf 92' lang='lat' dir='ltr'>in</span> <span class='ocrx_word' id='word_1_8' title='bbox 988 399 1282 440; x_wconf 87' lang='lat' dir='ltr'>unaquaque</span> <span class='ocrx_word' id='word_1_9' title='bbox 1316 383 1485 427; x_wconf 89' lang='lat' dir='ltr'>schola</span> <span class='ocrx_word' id='word_1_10' title='bbox 1520 382 1772 438; x_wconf 80' lang='lat' dir='ltr'>magistris</span> <span class='ocrx_word' id='word_1_11' title='bbox 1807 398 1890 427; x_wconf 89' lang='lat' dir='ltr'>au-</span> 
     </span>
     <span class='ocr_line' id='line_1_3' title="bbox 275 457 1892 518; baseline -0.002 -11"><span class='ocrx_word' id='word_1_12' title='bbox 275 462 462 507; x_wconf 89' lang='lat' dir='ltr'>diendis</span> <span class='ocrx_word' id='word_1_13' title='bbox 486 462 884 518; x_wconf 76' lang='lat' dir='ltr'>consumpsisset,</span> <span class='ocrx_word' id='word_1_14' title='bbox 911 461 972 506; x_wconf 90' lang='lat' dir='ltr'>ad</span> <span class='ocrx_word' id='word_1_15' title='bbox 998 460 1285 505; x_wconf 75' lang='lat' dir='ltr'>dialecticae</span> <span class='ocrx_word' id='word_1_16' title='bbox 1310 459 1472 503; x_wconf 90' lang='lat' dir='ltr'>ludum</span> <span class='ocrx_word' id='word_1_17' title='bbox 1496 458 1644 514; x_wconf 91' lang='lat' dir='ltr'>uenit,</span> <span class='ocrx_word' id='word_1_18' title='bbox 1672 457 1751 502; x_wconf 92' lang='lat' dir='ltr'>ubi</span> <span class='ocrx_word' id='word_1_19' title='bbox 1785 458 1892 503; x_wconf 79' lang='lat' dir='ltr'>fere</span> 
     </span>
     <span class='ocr_line' id='line_1_4' title="bbox 275 536 1886 593; baseline -0.002 -10"><span class='ocrx_word' id='word_1_20' title='bbox 275 538 448 583; x_wconf 88' lang='lat' dir='ltr'>horam</span> <span class='ocrx_word' id='word_1_21' title='bbox 488 547 838 593; x_wconf 71' lang='lat' dir='ltr'>commoratus,</span> <span class='ocrx_word' id='word_1_22' title='bbox 881 537 1037 593; x_wconf 91' lang='lat' dir='ltr'>primo</span> <span class='ocrx_word' id='word_1_23' title='bbox 1077 544 1452 592; x_wconf 72' lang='lat' dir='ltr'>praeceptorem</span> <span class='ocrx_word' id='word_1_24' title='bbox 1487 536 1499 558; x_wconf 85' lang='lat'>¹</span> <span class='ocrx_word' id='word_1_25' title='bbox 1541 546 1886 590; x_wconf 79' lang='lat' dir='ltr'>exponentem,</span> 
     </span>
     <span class='ocr_line' id='line_1_5' title="bbox 277 607 1890 669; baseline -0.001 -11"><span class='ocrx_word' id='word_1_26' title='bbox 277 607 450 659; x_wconf 89' lang='lat' dir='ltr'>deinde</span> <span class='ocrx_word' id='word_1_27' title='bbox 474 614 735 669; x_wconf 89' lang='lat' dir='ltr'>discipulos</span> <span class='ocrx_word' id='word_1_28' title='bbox 760 614 885 659; x_wconf 90' lang='lat' dir='ltr'>inter</span> <span class='ocrx_word' id='word_1_29' title='bbox 905 629 956 657; x_wconf 90' lang='lat' dir='ltr'>se</span> <span class='ocrx_word' id='word_1_30' title='bbox 976 613 1279 668; x_wconf 87' lang='lat' dir='ltr'>disputantes</span> <span class='ocrx_word' id='word_1_31' title='bbox 1299 610 1500 665; x_wconf 87' lang='lat' dir='ltr'>audiuit,</span> <span class='ocrx_word' id='word_1_32' title='bbox 1522 610 1730 665; x_wconf 85' lang='lat' dir='ltr'>indeque</span> <span class='ocrx_word' id='word_1_33' title='bbox 1750 626 1890 666; x_wconf 90' lang='lat' dir='ltr'>egre-</span> 
     </span>
     <span class='ocr_line' id='line_1_6' title="bbox 276 686 1892 747; baseline -0.001 -13"><span class='ocrx_word' id='word_1_34' title='bbox 276 690 428 747; x_wconf 89' lang='lat' dir='ltr'>diens,</span> <span class='ocrx_word' id='word_1_35' title='bbox 456 690 679 734; x_wconf 88' lang='lat' dir='ltr'>uicerunt</span> <span class='ocrx_word' id='word_1_36' title='bbox 704 689 893 745; x_wconf 88' lang='lat' dir='ltr'>(inquit)</span> <span class='ocrx_word' id='word_1_37' title='bbox 930 689 1204 745; x_wconf 83' lang='lat' dir='ltr'>opinionem</span> <span class='ocrx_word' id='word_1_38' title='bbox 1242 701 1415 743; x_wconf 69' lang='lat' dir='ltr'>meam,</span> <span class='ocrx_word' id='word_1_39' title='bbox 1454 702 1548 730; x_wconf 91' lang='lat' dir='ltr'>non</span> <span class='ocrx_word' id='word_1_40' title='bbox 1585 686 1711 731; x_wconf 93' lang='lat' dir='ltr'>enim</span> <span class='ocrx_word' id='word_1_41' title='bbox 1745 687 1892 733; x_wconf 87' lang='lat' dir='ltr'>diale-</span> 
     </span>
     <span class='ocr_line' id='line_1_7' title="bbox 275 763 1899 821; baseline -0.001 -11"><span class='ocrx_word' id='word_1_42' title='bbox 275 766 429 811; x_wconf 88' lang='lat' dir='ltr'>cticos</span> <span class='ocrx_word' id='word_1_43' title='bbox 453 774 552 810; x_wconf 86' lang='lat' dir='ltr'>tam</span> <span class='ocrx_word' id='word_1_44' title='bbox 577 766 713 810; x_wconf 90' lang='lat' dir='ltr'>breui</span> <span class='ocrx_word' id='word_1_45' title='bbox 737 774 960 821; x_wconf 91' lang='lat' dir='ltr'>tempore</span> <span class='ocrx_word' id='word_1_46' title='bbox 984 765 1108 809; x_wconf 83' lang='lat' dir='ltr'>tales</span> <span class='ocrx_word' id='word_1_47' title='bbox 1138 779 1281 819; x_wconf 88' lang='lat' dir='ltr'>posse</span> <span class='ocrx_word' id='word_1_48' title='bbox 1316 778 1424 807; x_wconf 90' lang='lat' dir='ltr'>esse</span> <span class='ocrx_word' id='word_1_49' title='bbox 1459 763 1681 819; x_wconf 88' lang='lat' dir='ltr'>putabat,</span> <span class='ocrx_word' id='word_1_50' title='bbox 1720 765 1899 820; x_wconf 79' lang='lat' dir='ltr'>quales.</span> 
     </span>
     <span class='ocr_line' id='line_1_8' title="bbox 275 839 1890 897; baseline -0.001 -10"><span class='ocrx_word' id='word_1_51' title='bbox 275 851 391 887; x_wconf 90' lang='lat' dir='ltr'>tunc</span> <span class='ocrx_word' id='word_1_52' title='bbox 416 841 495 886; x_wconf 85' lang='lat' dir='ltr'>illo</span> <span class='ocrx_word' id='word_1_53' title='bbox 520 853 781 897; x_wconf 74' lang='lat' dir='ltr'>praesente</span> <span class='ocrx_word' id='word_1_54' title='bbox 805 857 856 885; x_wconf 90' lang='lat' dir='ltr'>se</span> <span class='ocrx_word' id='word_1_55' title='bbox 883 841 1250 897; x_wconf 88' lang='lat' dir='ltr'>praestiterunt.</span> <span class='ocrx_word' id='word_1_56' title='bbox 1279 839 1450 895; x_wconf 80' lang='lat' dir='ltr'>Quare</span> <span class='ocrx_word' id='word_1_57' title='bbox 1475 848 1523 884; x_wconf 93' lang='lat' dir='ltr'>et</span> <span class='ocrx_word' id='word_1_58' title='bbox 1548 840 1679 884; x_wconf 88' lang='lat' dir='ltr'>uultu</span> <span class='ocrx_word' id='word_1_59' title='bbox 1707 849 1754 885; x_wconf 93' lang='lat' dir='ltr'>et</span> <span class='ocrx_word' id='word_1_60' title='bbox 1784 856 1890 885; x_wconf 91' lang='lat' dir='ltr'>uer-</span> 
     </span>
     <span class='ocr_line' id='line_1_9' title="bbox 275 914 1889 972; baseline -0.001 -10"><span class='ocrx_word' id='word_1_61' title='bbox 275 918 348 962; x_wconf 89' lang='lat' dir='ltr'>bis</span> <span class='ocrx_word' id='word_1_62' title='bbox 381 917 683 972; x_wconf 82' lang='lat' dir='ltr'>singularem</span> <span class='ocrx_word' id='word_1_63' title='bbox 717 917 864 961; x_wconf 90' lang='lat' dir='ltr'>animi</span> <span class='ocrx_word' id='word_1_64' title='bbox 900 916 1133 961; x_wconf 88' lang='lat' dir='ltr'>laetitiam</span> <span class='ocrx_word' id='word_1_65' title='bbox 1167 930 1286 970; x_wconf 90' lang='lat' dir='ltr'>prae</span> <span class='ocrx_word' id='word_1_66' title='bbox 1320 930 1372 959; x_wconf 91' lang='lat' dir='ltr'>se</span> <span class='ocrx_word' id='word_1_67' title='bbox 1408 914 1590 971; x_wconf 80' lang='lat' dir='ltr'>ferenS,</span> <span class='ocrx_word' id='word_1_68' title='bbox 1627 930 1736 959; x_wconf 94' lang='lat' dir='ltr'>cum</span> <span class='ocrx_word' id='word_1_69' title='bbox 1771 931 1889 971; x_wconf 89' lang='lat' dir='ltr'>gau-</span> 
     </span>
     <span class='ocr_line' id='line_1_10' title="bbox 275 991 1890 1047; baseline 0 -10"><span class='ocrx_word' id='word_1_70' title='bbox 275 993 404 1037; x_wconf 92' lang='lat' dir='ltr'>dium</span> <span class='ocrx_word' id='word_1_71' title='bbox 430 1008 570 1037; x_wconf 89' lang='lat' dir='ltr'>suum</span> <span class='ocrx_word' id='word_1_72' title='bbox 595 1002 642 1037; x_wconf 90' lang='lat' dir='ltr'>et</span> <span class='ocrx_word' id='word_1_73' title='bbox 668 993 802 1037; x_wconf 85' lang='lat' dir='ltr'>Patri</span> <span class='ocrx_word' id='word_1_74' title='bbox 827 992 1007 1037; x_wconf 83' lang='lat' dir='ltr'>rectori</span> <span class='ocrx_word' id='word_1_75' title='bbox 1045 1000 1092 1036; x_wconf 93' lang='lat' dir='ltr'>et</span> <span class='ocrx_word' id='word_1_76' title='bbox 1128 991 1350 1036; x_wconf 90' lang='lat' dir='ltr'>omnibus</span> <span class='ocrx_word' id='word_1_77' title='bbox 1385 991 1463 1047; x_wconf 91' lang='lat' dir='ltr'>qui</span> <span class='ocrx_word' id='word_1_78' title='bbox 1498 991 1707 1036; x_wconf 87' lang='lat' dir='ltr'>aderant</span> <span class='ocrx_word' id='word_1_79' title='bbox 1731 1001 1890 1037; x_wconf 88' lang='lat' dir='ltr'>osten-</span> 
     </span>
     <span class='ocr_line' id='line_1_11' title="bbox 276 1069 1108 1123; baseline -0.002 -9"><span class='ocrx_word' id='word_1_80' title='bbox 276 1069 442 1123; x_wconf 88' lang='lat' dir='ltr'>disset,</span> <span class='ocrx_word' id='word_1_81' title='bbox 470 1070 665 1114; x_wconf 86' lang='lat' dir='ltr'>domum</span> <span class='ocrx_word' id='word_1_82' title='bbox 692 1070 848 1113; x_wconf 89' lang='lat' dir='ltr'>laetus</span> <span class='ocrx_word' id='word_1_83' title='bbox 868 1069 1108 1113; x_wconf 78' lang='lat' dir='ltr'>discessit.</span> 
     </span>
    </p>

    <p class='ocr_par' dir='ltr' id='par_1_3' title="bbox 265 1143 1907 2881">
     <span class='ocr_line' id='line_1_12' title="bbox 334 1143 1888 1206; baseline -0.002 -16"><span class='ocrx_word' id='word_1_84' title='bbox 334 1145 374 1190; x_wconf 78' lang='lat'>2.</span> <span class='ocrx_word' id='word_1_85' title='bbox 443 1144 539 1189; x_wconf 85' lang='lat' dir='ltr'>Sed</span> <span class='ocrx_word' id='word_1_86' title='bbox 565 1154 615 1190; x_wconf 89' lang='lat' dir='ltr'>ut</span> <span class='ocrx_word' id='word_1_87' title='bbox 640 1145 1011 1189; x_wconf 83' lang='lat' dir='ltr'>dialecticorum</span> <span class='ocrx_word' id='word_1_88' title='bbox 1037 1143 1288 1199; x_wconf 79' lang='lat' dir='ltr'>profectus</span> <span class='ocrx_word' id='word_1_89' title='bbox 1314 1143 1474 1199; x_wconf 90' lang='lat' dir='ltr'>magis</span> <span class='ocrx_word' id='word_1_90' title='bbox 1507 1144 1888 1206; x_wconf 73' lang='lat' dir='ltr'>perspiceretur,</span> 
     </span>
     <span class='ocr_line' id='line_1_13' title="bbox 274 1219 1887 1277; baseline -0.001 -11"><span class='ocrx_word' id='word_1_91' title='bbox 274 1221 525 1267; x_wconf 81' lang='lat' dir='ltr'>constituit</span> <span class='ocrx_word' id='word_1_92' title='bbox 548 1221 697 1265; x_wconf 84' lang='lat' dir='ltr'>Pater</span> <span class='ocrx_word' id='word_1_93' title='bbox 717 1231 897 1275; x_wconf 89' lang='lat' dir='ltr'>rector,</span> <span class='ocrx_word' id='word_1_94' title='bbox 920 1230 971 1265; x_wconf 89' lang='lat' dir='ltr'>ut</span> <span class='ocrx_word' id='word_1_95' title='bbox 991 1220 1344 1275; x_wconf 88' lang='lat' dir='ltr'>disputationes</span> <span class='ocrx_word' id='word_1_96' title='bbox 1363 1219 1552 1275; x_wconf 89' lang='lat' dir='ltr'>publice</span> <span class='ocrx_word' id='word_1_97' title='bbox 1572 1221 1887 1277; x_wconf 84' lang='lat' dir='ltr'>haberentur,</span> 
     </span>
     <span class='ocr_line' id='line_1_14' title="bbox 277 1295 1887 1353; baseline 0 -11"><span class='ocrx_word' id='word_1_98' title='bbox 277 1297 442 1353; x_wconf 89' lang='lat' dir='ltr'>eisque</span> <span class='ocrx_word' id='word_1_99' title='bbox 467 1297 568 1341; x_wconf 92' lang='lat' dir='ltr'>dies</span> <span class='ocrx_word' id='word_1_100' title='bbox 592 1305 723 1341; x_wconf 91' lang='lat' dir='ltr'>totus</span> <span class='ocrx_word' id='word_1_101' title='bbox 746 1297 964 1350; x_wconf 89' lang='lat' dir='ltr'>daretur,</span> <span class='ocrx_word' id='word_1_102' title='bbox 993 1312 1087 1351; x_wconf 89' lang='lat' dir='ltr'>quo</span> <span class='ocrx_word' id='word_1_103' title='bbox 1112 1295 1311 1340; x_wconf 90' lang='lat' dir='ltr'>liberius</span> <span class='ocrx_word' id='word_1_104' title='bbox 1334 1295 1391 1340; x_wconf 92' lang='lat' dir='ltr'>iis</span> <span class='ocrx_word' id='word_1_105' title='bbox 1415 1296 1493 1352; x_wconf 92' lang='lat' dir='ltr'>qui</span> <span class='ocrx_word' id='word_1_106' title='bbox 1528 1296 1887 1352; x_wconf 82' lang='lat' dir='ltr'>conuenissent,</span> 
     </span>
     <span class='ocr_line' id='line_1_15' title="bbox 275 1371 1893 1429; baseline -0.001 -11"><span class='ocrx_word' id='word_1_107' title='bbox 275 1383 448 1418; x_wconf 89' lang='lat' dir='ltr'>contra</span> <span class='ocrx_word' id='word_1_108' title='bbox 473 1373 724 1428; x_wconf 87' lang='lat' dir='ltr'>disputare</span> <span class='ocrx_word' id='word_1_109' title='bbox 750 1373 932 1426; x_wconf 74' lang='lat' dir='ltr'>liceret,</span> <span class='ocrx_word' id='word_1_110' title='bbox 961 1388 1107 1429; x_wconf 90' lang='lat' dir='ltr'>quam</span> <span class='ocrx_word' id='word_1_111' title='bbox 1132 1371 1322 1428; x_wconf 91' lang='lat' dir='ltr'>quidem</span> <span class='ocrx_word' id='word_1_112' title='bbox 1358 1388 1460 1417; x_wconf 90' lang='lat' dir='ltr'>rem</span> <span class='ocrx_word' id='word_1_113' title='bbox 1495 1372 1696 1428; x_wconf 89' lang='lat' dir='ltr'>principi</span> <span class='ocrx_word' id='word_1_114' title='bbox 1733 1373 1893 1417; x_wconf 87' lang='lat' dir='ltr'>cardi-</span> 
     </span>
     <span class='ocr_line' id='line_1_16' title="bbox 274 1443 1889 1505; baseline -0.001 -12"><span class='ocrx_word' id='word_1_115' title='bbox 274 1450 371 1493; x_wconf 88' lang='lat' dir='ltr'>nali</span> <span class='ocrx_word' id='word_1_116' title='bbox 396 1448 704 1505; x_wconf 87' lang='lat' dir='ltr'>significauit:</span> <span class='ocrx_word' id='word_1_117' title='bbox 734 1463 785 1493; x_wconf 90' lang='lat' dir='ltr'>se</span> <span class='ocrx_word' id='word_1_118' title='bbox 809 1448 887 1493; x_wconf 93' lang='lat' dir='ltr'>ille</span> <span class='ocrx_word' id='word_1_119' title='bbox 914 1443 1035 1493; x_wconf 88' lang='lat' dir='ltr'>uelle</span> <span class='ocrx_word' id='word_1_120' title='bbox 1061 1464 1119 1492; x_wconf 89' lang='lat' dir='ltr'>ac</span> <span class='ocrx_word' id='word_1_121' title='bbox 1143 1449 1462 1493; x_wconf 85' lang='lat' dir='ltr'>uehementer</span> <span class='ocrx_word' id='word_1_122' title='bbox 1485 1464 1667 1505; x_wconf 89' lang='lat' dir='ltr'>cupere</span> <span class='ocrx_word' id='word_1_123' title='bbox 1693 1464 1889 1504; x_wconf 87' lang='lat' dir='ltr'>respon-</span> 
     </span>
     <span class='ocr_line' id='line_1_17' title="bbox 275 1524 1890 1581; baseline 0.001 -12"><span class='ocrx_word' id='word_1_124' title='bbox 275 1525 357 1570; x_wconf 93' lang='lat' dir='ltr'>dit.</span> <span class='ocrx_word' id='word_1_125' title='bbox 402 1525 519 1569; x_wconf 84' lang='lat' dir='ltr'>Dies</span> <span class='ocrx_word' id='word_1_126' title='bbox 558 1524 706 1581; x_wconf 88' lang='lat' dir='ltr'>igitur</span> <span class='ocrx_word' id='word_1_127' title='bbox 746 1524 1153 1580; x_wconf 86' lang='lat' dir='ltr'>disputationibus</span> <span class='ocrx_word' id='word_1_128' title='bbox 1193 1525 1462 1570; x_wconf 86' lang='lat' dir='ltr'>destinatus</span> <span class='ocrx_word' id='word_1_129' title='bbox 1505 1534 1554 1570; x_wconf 91' lang='lat' dir='ltr'>et</span> <span class='ocrx_word' id='word_1_130' title='bbox 1598 1526 1890 1570; x_wconf 89' lang='lat' dir='ltr'>constitutus</span> 
     </span>
     <span class='ocr_line' id='line_1_18' title="bbox 274 1600 1886 1657; baseline -0.001 -11"><span class='ocrx_word' id='word_1_131' title='bbox 274 1611 362 1646; x_wconf 88' lang='lat' dir='ltr'>est.</span> <span class='ocrx_word' id='word_1_132' title='bbox 405 1600 516 1644; x_wconf 90' lang='lat' dir='ltr'>Duo</span> <span class='ocrx_word' id='word_1_133' title='bbox 558 1616 619 1644; x_wconf 83' lang='lat' dir='ltr'>ex</span> <span class='ocrx_word' id='word_1_134' title='bbox 658 1600 904 1655; x_wconf 86' lang='lat' dir='ltr'>discipulis</span> <span class='ocrx_word' id='word_1_135' title='bbox 937 1616 990 1645; x_wconf 93' lang='lat' dir='ltr'>se</span> <span class='ocrx_word' id='word_1_136' title='bbox 1024 1601 1085 1645; x_wconf 88' lang='lat' dir='ltr'>ad</span> <span class='ocrx_word' id='word_1_137' title='bbox 1119 1600 1474 1646; x_wconf 76' lang='lat' dir='ltr'>defendendum</span> <span class='ocrx_word' id='word_1_138' title='bbox 1508 1610 1886 1657; x_wconf 88' lang='lat' dir='ltr'>praepararunt,</span> 
     </span>
     <span class='ocr_line' id='line_1_19' title="bbox 276 1676 1890 1733; baseline 0.001 -12"><span class='ocrx_word' id='word_1_139' title='bbox 276 1677 456 1721; x_wconf 88' lang='lat' dir='ltr'>tradita</span> <span class='ocrx_word' id='word_1_140' title='bbox 480 1685 590 1720; x_wconf 91' lang='lat' dir='ltr'>sunt</span> <span class='ocrx_word' id='word_1_141' title='bbox 615 1676 743 1732; x_wconf 78' lang='lat' dir='ltr'>typis</span> <span class='ocrx_word' id='word_1_142' title='bbox 766 1676 1089 1731; x_wconf 87' lang='lat' dir='ltr'>pronunciata</span> <span class='ocrx_word' id='word_1_143' title='bbox 1109 1692 1235 1732; x_wconf 90' lang='lat' dir='ltr'>quae</span> <span class='ocrx_word' id='word_1_144' title='bbox 1255 1677 1300 1721; x_wconf 91' lang='lat' dir='ltr'>in</span> <span class='ocrx_word' id='word_1_145' title='bbox 1320 1677 1729 1733; x_wconf 89' lang='lat' dir='ltr'>disputationibus</span> <span class='ocrx_word' id='word_1_146' title='bbox 1747 1687 1890 1722; x_wconf 91' lang='lat' dir='ltr'>erant</span> 
     </span>
     <span class='ocr_line' id='line_1_20' title="bbox 276 1752 1888 1811; baseline 0.001 -14"><span class='ocrx_word' id='word_1_147' title='bbox 276 1753 572 1807; x_wconf 86' lang='lat' dir='ltr'>sustinenda,</span> <span class='ocrx_word' id='word_1_148' title='bbox 601 1761 648 1797; x_wconf 91' lang='lat' dir='ltr'>et</span> <span class='ocrx_word' id='word_1_149' title='bbox 671 1753 733 1797; x_wconf 88' lang='lat' dir='ltr'>ad</span> <span class='ocrx_word' id='word_1_150' title='bbox 756 1753 933 1797; x_wconf 90' lang='lat' dir='ltr'>multos</span> <span class='ocrx_word' id='word_1_151' title='bbox 958 1752 1089 1798; x_wconf 91' lang='lat' dir='ltr'>uiros</span> <span class='ocrx_word' id='word_1_152' title='bbox 1124 1753 1296 1798; x_wconf 88' lang='lat' dir='ltr'>doctos</span> <span class='ocrx_word' id='word_1_153' title='bbox 1331 1763 1478 1811; x_wconf 91' lang='lat' dir='ltr'>atque</span> <span class='ocrx_word' id='word_1_154' title='bbox 1512 1754 1658 1799; x_wconf 90' lang='lat' dir='ltr'>etiam</span> <span class='ocrx_word' id='word_1_155' title='bbox 1694 1753 1888 1810; x_wconf 87' lang='lat' dir='ltr'>religio-</span> 
     </span>
     <span class='ocr_line' id='line_1_21' title="bbox 276 1828 1887 1886; baseline 0.001 -13"><span class='ocrx_word' id='word_1_156' title='bbox 276 1844 355 1873; x_wconf 87' lang='lat' dir='ltr'>sos</span> <span class='ocrx_word' id='word_1_157' title='bbox 380 1829 577 1873; x_wconf 74' lang='lat' dir='ltr'>fuerunt</span> <span class='ocrx_word' id='word_1_158' title='bbox 601 1828 780 1884; x_wconf 73' lang='lat' dir='ltr'>delata3</span> <span class='ocrx_word' id='word_1_159' title='bbox 809 1829 889 1884; x_wconf 90' lang='lat' dir='ltr'>qui</span> <span class='ocrx_word' id='word_1_160' title='bbox 913 1838 960 1874; x_wconf 89' lang='lat' dir='ltr'>et</span> <span class='ocrx_word' id='word_1_161' title='bbox 985 1829 1301 1875; x_wconf 85' lang='lat' dir='ltr'>libentissime</span> <span class='ocrx_word' id='word_1_162' title='bbox 1326 1840 1626 1886; x_wconf 87' lang='lat' dir='ltr'>acceperunt</span> <span class='ocrx_word' id='word_1_163' title='bbox 1660 1839 1719 1875; x_wconf 87' lang='lat' dir='ltr'>et</span> <span class='ocrx_word' id='word_1_164' title='bbox 1741 1845 1793 1875; x_wconf 90' lang='lat' dir='ltr'>se</span> <span class='ocrx_word' id='word_1_165' title='bbox 1827 1830 1887 1874; x_wconf 88' lang='lat' dir='ltr'>ad</span> 
     </span>
     <span class='ocr_line' id='line_1_22' title="bbox 273 1904 1888 1963; baseline 0.002 -15"><span class='ocrx_word' id='word_1_166' title='bbox 273 1914 524 1949; x_wconf 88' lang='lat' dir='ltr'>certamen</span> <span class='ocrx_word' id='word_1_167' title='bbox 550 1904 920 1960; x_wconf 80' lang='lat' dir='ltr'>diligentissime</span> <span class='ocrx_word' id='word_1_168' title='bbox 945 1915 1314 1962; x_wconf 89' lang='lat' dir='ltr'>compararunt.</span> <span class='ocrx_word' id='word_1_169' title='bbox 1342 1906 1439 1952; x_wconf 90' lang='lat' dir='ltr'>Ubi</span> <span class='ocrx_word' id='word_1_170' title='bbox 1463 1922 1588 1963; x_wconf 89' lang='lat' dir='ltr'>ergo</span> <span class='ocrx_word' id='word_1_171' title='bbox 1613 1906 1715 1951; x_wconf 89' lang='lat' dir='ltr'>dies</span> <span class='ocrx_word' id='word_1_172' title='bbox 1748 1922 1888 1962; x_wconf 85' lang='lat' dir='ltr'>prae-</span> 
     </span>
     <span class='ocr_line' id='line_1_23' title="bbox 274 1980 1888 2040; baseline 0.002 -16"><span class='ocrx_word' id='word_1_173' title='bbox 274 1980 473 2025; x_wconf 90' lang='lat' dir='ltr'>stitutus</span> <span class='ocrx_word' id='word_1_174' title='bbox 497 1981 710 2034; x_wconf 84' lang='lat' dir='ltr'>aduenit,</span> <span class='ocrx_word' id='word_1_175' title='bbox 738 1980 793 2026; x_wconf 77' lang='lat' dir='ltr'>fit</span> <span class='ocrx_word' id='word_1_176' title='bbox 816 1981 1060 2026; x_wconf 88' lang='lat' dir='ltr'>hominum</span> <span class='ocrx_word' id='word_1_177' title='bbox 1097 1982 1355 2027; x_wconf 89' lang='lat' dir='ltr'>doctorum</span> <span class='ocrx_word' id='word_1_178' title='bbox 1390 1982 1620 2040; x_wconf 78' lang='lat' dir='ltr'>frequens</span> <span class='ocrx_word' id='word_1_179' title='bbox 1655 1983 1716 2027; x_wconf 90' lang='lat' dir='ltr'>ad</span> <span class='ocrx_word' id='word_1_180' title='bbox 1747 1984 1888 2028; x_wconf 91' lang='lat' dir='ltr'>colle-</span> 
     </span>
     <span class='ocr_line' id='line_1_24' title="bbox 265 2056 1888 2115; baseline 0.002 -14"><span class='ocrx_word' id='word_1_181' title='bbox 265 2056 402 2112; x_wconf 86' lang='lat' dir='ltr'>gium</span> <span class='ocrx_word' id='word_1_182' title='bbox 428 2065 649 2102; x_wconf 90' lang='lat' dir='ltr'>nostrum</span> <span class='ocrx_word' id='word_1_183' title='bbox 674 2073 961 2114; x_wconf 73' lang='lat' dir='ltr'>concursus,</span> <span class='ocrx_word' id='word_1_184' title='bbox 990 2068 1099 2103; x_wconf 86' lang='lat' dir='ltr'>erat</span> <span class='ocrx_word' id='word_1_185' title='bbox 1123 2074 1318 2115; x_wconf 91' lang='lat' dir='ltr'>nanque</span> <span class='ocrx_word' id='word_1_186' title='bbox 1342 2060 1713 2105; x_wconf 90' lang='lat' dir='ltr'>dialecticorum</span> <span class='ocrx_word' id='word_1_187' title='bbox 1749 2060 1888 2104; x_wconf 90' lang='lat' dir='ltr'>scho-</span> 
     </span>
     <span class='ocr_line' id='line_1_25' title="bbox 270 2132 1889 2192; baseline 0.002 -16"><span class='ocrx_word' id='word_1_188' title='bbox 270 2132 316 2177; x_wconf 91' lang='lat' dir='ltr'>la</span> <span class='ocrx_word' id='word_1_189' title='bbox 340 2133 585 2189; x_wconf 89' lang='lat' dir='ltr'>tapetibus</span> <span class='ocrx_word' id='word_1_190' title='bbox 609 2143 802 2190; x_wconf 89' lang='lat' dir='ltr'>ornata,</span> <span class='ocrx_word' id='word_1_191' title='bbox 830 2135 1054 2179; x_wconf 90' lang='lat' dir='ltr'>subseliis</span> <span class='ocrx_word' id='word_1_192' title='bbox 1078 2135 1390 2192; x_wconf 88' lang='lat' dir='ltr'>caeterisque</span> <span class='ocrx_word' id='word_1_193' title='bbox 1414 2137 1561 2181; x_wconf 90' lang='lat' dir='ltr'>rebus</span> <span class='ocrx_word' id='word_1_194' title='bbox 1595 2136 1889 2181; x_wconf 89' lang='lat' dir='ltr'>necessariis</span> 
     </span>
     <span class='ocr_line' id='line_1_26' title="bbox 269 2208 1888 2269; baseline 0.004 -17"><span class='ocrx_word' id='word_1_195' title='bbox 269 2208 524 2254; x_wconf 84' lang='lat' dir='ltr'>instructa.</span> <span class='ocrx_word' id='word_1_196' title='bbox 549 2210 720 2254; x_wconf 75' lang='lat' dir='ltr'>Adfuit</span> <span class='ocrx_word' id='word_1_197' title='bbox 743 2219 907 2255; x_wconf 91' lang='lat' dir='ltr'>autem</span> <span class='ocrx_word' id='word_1_198' title='bbox 933 2211 1170 2266; x_wconf 87' lang='lat' dir='ltr'>imprimis</span> <span class='ocrx_word' id='word_1_199' title='bbox 1194 2212 1474 2266; x_wconf 83' lang='lat' dir='ltr'>cardinalis,</span> <span class='ocrx_word' id='word_1_200' title='bbox 1502 2222 1550 2257; x_wconf 92' lang='lat' dir='ltr'>et</span> <span class='ocrx_word' id='word_1_201' title='bbox 1573 2228 1659 2257; x_wconf 89' lang='lat' dir='ltr'>eos</span> <span class='ocrx_word' id='word_1_202' title='bbox 1684 2213 1762 2269; x_wconf 91' lang='lat' dir='ltr'>qui</span> <span class='ocrx_word' id='word_1_203' title='bbox 1796 2213 1888 2258; x_wconf 90' lang='lat' dir='ltr'>dis-</span> 
     </span>
     <span class='ocr_line' id='line_1_27' title="bbox 271 2286 1887 2345; baseline 0.003 -16"><span class='ocrx_word' id='word_1_204' title='bbox 271 2286 487 2340; x_wconf 87' lang='lat' dir='ltr'>putaturi</span> <span class='ocrx_word' id='word_1_205' title='bbox 512 2295 653 2330; x_wconf 90' lang='lat' dir='ltr'>erant</span> <span class='ocrx_word' id='word_1_206' title='bbox 678 2302 706 2330; x_wconf 92' lang='lat' dir='ltr'>a</span> <span class='ocrx_word' id='word_1_207' title='bbox 731 2288 876 2331; x_wconf 90' lang='lat' dir='ltr'>turba</span> <span class='ocrx_word' id='word_1_208' title='bbox 900 2287 1109 2343; x_wconf 85' lang='lat' dir='ltr'>diremit,</span> <span class='ocrx_word' id='word_1_209' title='bbox 1138 2289 1404 2344; x_wconf 87' lang='lat' dir='ltr'>ordineque</span> <span class='ocrx_word' id='word_1_210' title='bbox 1439 2304 1525 2345; x_wconf 90' lang='lat' dir='ltr'>per</span> <span class='ocrx_word' id='word_1_211' title='bbox 1558 2289 1728 2334; x_wconf 90' lang='lat' dir='ltr'>sedilia</span> <span class='ocrx_word' id='word_1_212' title='bbox 1758 2290 1887 2334; x_wconf 90' lang='lat' dir='ltr'>loca-</span> 
     </span>
     <span class='ocr_line' id='line_1_28' title="bbox 271 2362 1885 2421; baseline 0.003 -16"><span class='ocrx_word' id='word_1_213' title='bbox 271 2362 356 2418; x_wconf 89' lang='lat' dir='ltr'>uit,</span> <span class='ocrx_word' id='word_1_214' title='bbox 398 2362 525 2406; x_wconf 88' lang='lat' dir='ltr'>inter</span> <span class='ocrx_word' id='word_1_215' title='bbox 560 2378 679 2417; x_wconf 90' lang='lat' dir='ltr'>quos</span> <span class='ocrx_word' id='word_1_216' title='bbox 713 2363 802 2408; x_wconf 80' lang='lat' dir='ltr'>fuit</span> <span class='ocrx_word' id='word_1_217' title='bbox 835 2364 1092 2419; x_wconf 87' lang='lat' dir='ltr'>episcopus</span> <span class='ocrx_word' id='word_1_218' title='bbox 1125 2366 1374 2420; x_wconf 90' lang='lat' dir='ltr'>targensis</span> <span class='ocrx_word' id='word_1_219' title='bbox 1398 2367 1429 2419; x_wconf 83' lang='lat'>²,</span> <span class='ocrx_word' id='word_1_220' title='bbox 1457 2365 1534 2410; x_wconf 90' lang='lat' dir='ltr'>cui</span> <span class='ocrx_word' id='word_1_221' title='bbox 1568 2365 1752 2421; x_wconf 89' lang='lat' dir='ltr'>primus</span> <span class='ocrx_word' id='word_1_222' title='bbox 1776 2381 1885 2410; x_wconf 90' lang='lat' dir='ltr'>con-</span> 
     </span>
     <span class='ocr_line' id='line_1_29' title="bbox 271 2439 1887 2497; baseline 0.003 -15"><span class='ocrx_word' id='word_1_223' title='bbox 271 2452 440 2482; x_wconf 88' lang='lat' dir='ltr'>cessus</span> <span class='ocrx_word' id='word_1_224' title='bbox 463 2447 538 2484; x_wconf 92' lang='lat' dir='ltr'>est</span> <span class='ocrx_word' id='word_1_225' title='bbox 561 2439 623 2483; x_wconf 91' lang='lat' dir='ltr'>ad</span> <span class='ocrx_word' id='word_1_226' title='bbox 648 2439 989 2494; x_wconf 87' lang='lat' dir='ltr'>disputandum</span> <span class='ocrx_word' id='word_1_227' title='bbox 1014 2442 1165 2497; x_wconf 86' lang='lat' dir='ltr'>locus;</span> <span class='ocrx_word' id='word_1_228' title='bbox 1194 2442 1321 2487; x_wconf 86' lang='lat' dir='ltr'>hunc</span> <span class='ocrx_word' id='word_1_229' title='bbox 1346 2457 1465 2487; x_wconf 89' lang='lat' dir='ltr'>uero</span> <span class='ocrx_word' id='word_1_230' title='bbox 1490 2443 1783 2487; x_wconf 89' lang='lat' dir='ltr'>subsecutus</span> <span class='ocrx_word' id='word_1_231' title='bbox 1813 2451 1887 2487; x_wconf 90' lang='lat' dir='ltr'>est</span> 
     </span>
     <span class='ocr_line' id='line_1_30' title="bbox 272 2513 1889 2575; baseline 0.004 -18"><span class='ocrx_word' id='word_1_232' title='bbox 272 2513 502 2569; x_wconf 82' lang='lat' dir='ltr'>Pelagius</span> <span class='ocrx_word' id='word_1_233' title='bbox 540 2515 832 2572; x_wconf 87' lang='lat' dir='ltr'>Rodericus,</span> <span class='ocrx_word' id='word_1_234' title='bbox 873 2528 1227 2562; x_wconf 84' lang='lat' dir='ltr'>sacrosanctae</span> <span class='ocrx_word' id='word_1_235' title='bbox 1268 2519 1548 2575; x_wconf 86' lang='lat' dir='ltr'>theologiae</span> <span class='ocrx_word' id='word_1_236' title='bbox 1583 2519 1773 2575; x_wconf 67' lang='lat' dir='ltr'>doctor,</span> <span class='ocrx_word' id='word_1_237' title='bbox 1810 2519 1889 2563; x_wconf 83' lang='lat' dir='ltr'>vir</span> 
     </span>
     <span class='ocr_line' id='line_1_31' title="bbox 272 2593 1907 2649; baseline 0.003 -15"><span class='ocrx_word' id='word_1_238' title='bbox 272 2604 537 2645; x_wconf 87' lang='lat' dir='ltr'>peracutus</span> <span class='ocrx_word' id='word_1_239' title='bbox 562 2593 606 2636; x_wconf 92' lang='lat' dir='ltr'>in</span> <span class='ocrx_word' id='word_1_240' title='bbox 633 2593 933 2648; x_wconf 89' lang='lat' dir='ltr'>disserendo,</span> <span class='ocrx_word' id='word_1_241' title='bbox 961 2609 1106 2649; x_wconf 90' lang='lat' dir='ltr'>quam</span> <span class='ocrx_word' id='word_1_242' title='bbox 1131 2595 1278 2640; x_wconf 89' lang='lat' dir='ltr'>etiam</span> <span class='ocrx_word' id='word_1_243' title='bbox 1305 2596 1499 2640; x_wconf 88' lang='lat' dir='ltr'>laudern</span> <span class='ocrx_word' id='word_1_244' title='bbox 1533 2596 1761 2641; x_wconf 86' lang='lat' dir='ltr'>Lutetiae</span> <span class='ocrx_word' id='word_1_245' title='bbox 1796 2596 1907 2640; x_wconf 75' lang='lat' dir='ltr'>Pa-.</span> 
     </span>
     <span class='ocr_line' id='line_1_32' title="bbox 273 2667 1885 2728; baseline 0.004 -18"><span class='ocrx_word' id='word_1_246' title='bbox 273 2667 499 2711; x_wconf 84' lang='lat' dir='ltr'>risiorum</span> <span class='ocrx_word' id='word_1_247' title='bbox 543 2669 754 2713; x_wconf 87' lang='lat' dir='ltr'>omnium</span> <span class='ocrx_word' id='word_1_248' title='bbox 800 2670 1166 2725; x_wconf 84' lang='lat' dir='ltr'>praedicatione</span> <span class='ocrx_word' id='word_1_249' title='bbox 1207 2682 1280 2716; x_wconf 91' lang='lat' dir='ltr'>est</span> <span class='ocrx_word' id='word_1_250' title='bbox 1320 2681 1664 2728; x_wconf 90' lang='lat' dir='ltr'>consequutus;</span> <span class='ocrx_word' id='word_1_251' title='bbox 1712 2673 1885 2717; x_wconf 89' lang='lat' dir='ltr'>deinde</span> 
     </span>
     <span class='ocr_line' id='line_1_33' title="bbox 272 2742 1882 2803; baseline 0.006 -18"><span class='ocrx_word' id='word_1_252' title='bbox 272 2742 443 2797; x_wconf 83' lang='lat' dir='ltr'>reliqui</span> <span class='ocrx_word' id='word_1_253' title='bbox 467 2759 651 2801; x_wconf 86' lang='lat' dir='ltr'>omnes,</span> <span class='ocrx_word' id='word_1_254' title='bbox 678 2745 844 2789; x_wconf 88' lang='lat' dir='ltr'>habita</span> <span class='ocrx_word' id='word_1_255' title='bbox 868 2745 1103 2802; x_wconf 88' lang='lat' dir='ltr'>cuiusque</span> <span class='ocrx_word' id='word_1_256' title='bbox 1128 2747 1381 2803; x_wconf 88' lang='lat' dir='ltr'>dignitatis</span> <span class='ocrx_word' id='word_1_257' title='bbox 1401 2749 1609 2801; x_wconf 86' lang='lat' dir='ltr'>ratione,</span> <span class='ocrx_word' id='word_1_258' title='bbox 1632 2764 1695 2793; x_wconf 82' lang='lat' dir='ltr'>ex</span> <span class='ocrx_word' id='word_1_259' title='bbox 1713 2749 1882 2793; x_wconf 89' lang='lat' dir='ltr'>ordine</span> 
     </span>
     <span class='ocr_line' id='line_1_34' title="bbox 270 2820 1880 2881; baseline 0.006 -20"><span class='ocrx_word' id='word_1_260' title='bbox 270 2820 605 2873; x_wconf 85' lang='lat' dir='ltr'>argumentati</span> <span class='ocrx_word' id='word_1_261' title='bbox 629 2831 753 2865; x_wconf 83' lang='lat' dir='ltr'>sunt.</span> <span class='ocrx_word' id='word_1_262' title='bbox 782 2820 970 2878; x_wconf 86' lang='lat' dir='ltr'>Itaque,</span> <span class='ocrx_word' id='word_1_263' title='bbox 997 2822 1102 2867; x_wconf 89' lang='lat' dir='ltr'>aliis</span> <span class='ocrx_word' id='word_1_264' title='bbox 1126 2824 1540 2881; x_wconf 88' lang='lat' dir='ltr'>oppugnantibus,</span> <span class='ocrx_word' id='word_1_265' title='bbox 1566 2840 1880 2881; x_wconf 89' lang='lat' dir='ltr'>propugnan-</span> 
     </span>
    </p>
   </div>
   <div class='ocr_carea' id='block_1_3' title="bbox 275 2908 535 2913">
    <p class='ocr_par' dir='ltr' id='par_1_4' title="bbox 275 2908 535 2913">
     <span class='ocr_line' id='line_1_35' title="bbox 275 2908 535 2913; baseline 0 0"><span class='ocrx_word' id='word_1_266' title='bbox 275 2908 535 2913; x_wconf 95' lang='lat' dir='ltr'> </span> 
     </span>
    </p>
   </div>
   <div class='ocr_carea' id='block_1_4' title="bbox 272 2947 1888 3111">
    <p class='ocr_par' dir='ltr' id='par_1_5' title="bbox 272 2947 1888 3111">
     <span class='ocr_line' id='line_1_36' title="bbox 317 2947 1888 2997; baseline 0.004 -15"><span class='ocrx_word' id='word_1_267' title='bbox 317 2948 325 2966; x_wconf 87' lang='lat'><strong>¹</strong></span> <span class='ocrx_word' id='word_1_268' title='bbox 378 2948 414 2983; x_wconf 88' lang='lat' dir='ltr'>Is</span> <span class='ocrx_word' id='word_1_269' title='bbox 433 2947 554 2983; x_wconf 74' lang='lat' dir='ltr'>fuisse</span> <span class='ocrx_word' id='word_1_270' title='bbox 584 2948 740 2984; x_wconf 86' lang='lat' dir='ltr'>videtur</span> <span class='ocrx_word' id='word_1_271' title='bbox 771 2949 814 2985; x_wconf 82' lang='lat' dir='ltr'>P.</span> <span class='ocrx_word' id='word_1_272' title='bbox 848 2950 1032 2996; x_wconf 85' lang='lat' dir='ltr'>Ignatius</span> <span class='ocrx_word' id='word_1_273' title='bbox 1064 2950 1264 2988; x_wconf 84' lang='lat' dir='ltr'>Martinez</span> <span class='ocrx_word' id='word_1_274' title='bbox 1296 2952 1512 2997; x_wconf 81' lang='lat' dir='ltr'>(Martius).</span> <span class='ocrx_word' id='word_1_275' title='bbox 1544 2952 1607 2990; x_wconf 84' lang='lat' dir='ltr'>Cf.</span> <span class='ocrx_word' id='word_1_276' title='bbox 1638 2953 1888 2997; x_wconf 76' lang='lat' dir='ltr'>POLANCUM,</span> 
     </span>
     <span class='ocr_line' id='line_1_37' title="bbox 272 3005 639 3049; baseline -0.003 -7"><span class='ocrx_word' id='word_1_277' title='bbox 272 3005 438 3049; x_wconf 58' lang='lat' dir='ltr'>Chron„</span> <span class='ocrx_word' id='word_1_278' title='bbox 460 3005 533 3047; x_wconf 81' lang='lat' dir='ltr'>VI,</span> <span class='ocrx_word' id='word_1_279' title='bbox 554 3006 639 3042; x_wconf 71' lang='lat'>751.</span> 
     </span>
     <span class='ocr_line' id='line_1_38' title="bbox 315 3064 1084 3111; baseline 0.003 -12"><span class='ocrx_word' id='word_1_280' title='bbox 315 3064 327 3084; x_wconf 82' lang='lat'>²</span> <span class='ocrx_word' id='word_1_281' title='bbox 381 3064 483 3100; x_wconf 86' lang='lat' dir='ltr'>Vide</span> <span class='ocrx_word' id='word_1_282' title='bbox 503 3064 698 3110; x_wconf 87' lang='lat' dir='ltr'>superius,</span> <span class='ocrx_word' id='word_1_283' title='bbox 720 3079 811 3111; x_wconf 85' lang='lat' dir='ltr'>pag.</span> <span class='ocrx_word' id='word_1_284' title='bbox 833 3066 866 3109; x_wconf 79' lang='lat' dir='ltr'>S,</span> <span class='ocrx_word' id='word_1_285' title='bbox 888 3072 1021 3104; x_wconf 86' lang='lat' dir='ltr'>annot.</span> <span class='ocrx_word' id='word_1_286' title='bbox 1044 3067 1084 3103; x_wconf 82' lang='lat'>2.</span> 
     </span>
    </p>
   </div>
  </div>
 </body>
</html>
