2051 3516
381 287 429 323 76
854 284 1042 320 LITTERA
1049 293 1073 317 1⁴3
1101 282 1191 327 Qua
1200 292 1454 318 DRIMESTRES

335 383 558 437 ductore,
597 380 809 435 nihilque
844 379 976 424 aliud
1002 379 1205 434 requirit
1230 393 1373 433 quam
1402 379 1570 423 viuere
1594 378 1637 422 in
1665 378 1960 434 obedientia,

337 460 449 504 licet
472 473 613 503 omne
638 472 797 501 meum
823 455 1128 511 obsequium,
1156 464 1209 499 vt
1233 464 1362 510 ante,
1391 455 1436 499 in
1462 455 1594 499 illum
1618 455 1694 500 sit.

398 535 464 579 10.
533 534 696 578 Venio
721 533 782 577 ad
808 533 976 577 literas
1007 532 1065 576 de
1100 532 1151 575 14
1186 531 1481 576 Nouembris
1518 533 1547 587 ¹,
1585 547 1708 588 quas
1742 532 1963 587 pluribus

336 611 553 668 epistolis
590 626 685 654 vna
719 625 829 654 cum
864 608 1258 654 conclusionibus
1292 609 1461 664 accepi
1500 610 1550 653 17
1581 609 1822 666 Januarii.
1844 608 1962 667 ‘Jam

337 688 515 733 mensis
550 687 814 732 effluxerat
849 702 878 729 a
912 701 1007 740 quo
1048 694 1213 729 certus
1252 700 1391 729 eram
1426 700 1512 730 eas
1546 701 1654 730 esse
1688 686 1733 730 in
1769 686 1959 731 itinere.

337 764 546 821 Scripsit
569 764 695 808 enim
720 763 943 807 Bononia
971 762 1126 806 frater
1150 762 1211 805 D.
1243 762 1299 806 D.
1329 762 1591 807 Zoannetti
1615 764 1630 787 ‘2
1656 772 1964 808 mercatores

337 850 648 897 augustanos
671 839 914 895 grandem
938 837 1229 882 fasciculum
1255 838 1537 895 literarum,
1560 839 1638 894 qui
1674 839 1736 883 ad
1759 837 1965 895 jesuitas

340 918 624 974 pertineret,
667 916 796 970 apud
836 929 1024 959 merces
1066 930 1182 959 suas
1221 915 1522 970 deposuisse.
1566 915 1737 971 Quare
1776 916 1965 960 tardius

340 993 480 1038 nobis
504 1004 763 1037 venerunt.
797 991 864 1036 Vt
888 1000 1054 1035 autem
1079 991 1189 1035 huic
1213 991 1434 1036 tarditati
1460 980 1773 1036 et'missionis
1804 993 1965 1037 litera-

342 1085 450 1114 rum
474 1068 767 1113 solicitudini
792 1082 1159 1123 succurramus,
1182 1067 1309 1112 istud
1334 1083 1423 1122 pro
1447 1077 1586 1113 certo
1611 1069 1791 1113 habeat
1816 1069 1875 1114 R.
1903 1068 1961 1113 T.

343 1147 562 1191 nuntium
609 1155 942 1200 augustanum
986 1145 1190 1199 singulis
1239 1145 1291 1189 14
1334 1145 1504 1190 diebus
1558 1161 1708 1201 vsque
1752 1146 1964 1191 Romam

341 1238 630 1275 excurrere,
658 1233 705 1266 et
729 1222 903 1266 isthinc
927 1221 1090 1265 redire
1116 1221 1411 1277 Augustam3
1440 1237 1566 1278 quae
1591 1238 1701 1267 cum
1727 1222 1872 1268 distet
1903 1224 1966 1268 ab

341 1298 646 1355 Ingolstadio
685 1297 712 1341 (j)
739 1298 1042 1351 miliaribus,
1090 1298 1328 1342 habemus
1368 1299 1594 1355 aurigam
1635 1309 1990 1355 cognomento·

341 1375 520 1429 Haess,
547 1375 685 1419 cuius
710 1375 805 1419 iam
832 1373 1020 1429 pridem
1046 1375 1340 1419 mentionem
1366 1374 1476 1427 lech
1504 1375 1544 1420 is
1567 1376 1772 1420 subinde
1797 1376 1859 1420 ad
1883 1392 1963 1421 ve-

344 1452 593 1496 redarium
633 1450 841 1501 accedit,
884 1450 921 1494 si
961 1449 1131 1495 literas
1171 1466 1404 1495 romanas
1442 1451 1640 1500 habeat,
1683 1467 1806 1508 quas
1844 1453 1969 1498 solet

344 1529 632 1584 plerumque
657 1527 717 1571 ad
743 1543 830 1571 nos
856 1526 1067 1571 deferre.
1097 1525 1193 1571 Sed
1219 1542 1403 1582 quaeso
1440 1527 1643 1572 vtamini
1678 1528 1768 1586 hoc
1810 1528 1967 1573 medio

360 1604 579 1649 mittendi
604 1604 789 1659 literas;
818 1603 910 1648 erit
934 1604 1186 1659 negotium
1211 1604 1314 1648 sine
1339 1605 1525 1649 labore.
1560 1604 1869 1660 Frequenter
1902 1605 1967 1650 in-

344 1681 512 1726 cidunt
546 1680 590 1724 in
624 1695 797 1724 manus
832 1680 1214 1732 haereticorum,
1255 1681 1380 1725 vnde
1405 1696 1651 1737 nunquam
1676 1682 1834 1726 solent
1860 1698 1967 1738 pro·

347 1758 468 1814 dire,
498 1767 549 1802 vt
571 1772 721 1812 saepe
747 1757 874 1811 apud
895 1772 971 1800 me
991 1756 1051 1801 D.
1076 1756 1378 1802 Zoannettus
1399 1758 1456 1802 de
1476 1757 1761 1803 infidelitate
1782 1774 1966 1803 merca-

350 1844 513 1878 torum
538 1842 838 1888 conquestus
863 1842 953 1886 est,
980 1833 1154 1889 quibus
1178 1833 1292 1877 nihil
1316 1834 1458 1889 plane
1483 1833 1599 1878 fidit.

410 1911 476 1954 ll.
542 1909 689 1966 Rogo
730 1921 877 1964 atque
917 1909 1140 1954 obtestor
1183 1911 1237 1954 R.
1281 1910 1358 1965 T.,
1401 1911 1581 1966 optime
1621 1911 1786 1968 Pater,
1833 1921 1880 1956 et
1924 1913 1969 1956 in

346 1986 497 2031 Chro.
526 1986 645 2044 Jesu
670 1987 971 2042 charissime,
999 1986 1060 2030 D.
1088 1986 1148 2031 D.
1179 1987 1462 2044 Polancum,
1500 1998 1552 2032 vt
1587 1989 1738 2033 vestri
1774 1989 1968 2034 Lentuli

346 2064 610 2119 aliquando
650 2063 987 2108 recordemini.
1031 2063 1317 2109 Domestica
1355 2080 1477 2109 cura
1515 2066 1686 2121 grauis
1725 2076 1814 2119 est,
1857 2067 1970 2111 licet

348 2157 468 2186 caro
503 2141 638 2196 prius
672 2156 818 2196 quam
856 2142 1082 2185 voluntas
1112 2140 1319 2186 deficiet.
1352 2142 1576 2198 Vtroque
1603 2158 1728 2188 nunc
1753 2144 1967 2188 destitui-

348 2227 429 2262 tur
469 2217 708 2271 ministro,
747 2217 824 2272 qui
862 2233 969 2261 cum
1004 2218 1301 2262 dexteritate
1340 2229 1387 2263 et
1417 2220 1656 2274 applausu
1681 2220 1966 2277 domestico,

350 2309 553 2338 munere
578 2294 804 2349 imposito
830 2293 1057 2349 perfungi
1082 2310 1175 2338 non
1202 2304 1480 2349 potuerunt.
1507 2296 1714 2340 Alleuor
1733 2312 1841 2341 cum
1867 2313 1969 2343 cre-

350 2371 484 2415 brius
519 2370 576 2414 R.
616 2370 666 2414 P.
706 2369 889 2414 Canisii
926 2370 1094 2414 literas
1129 2381 1349 2426 regusto,
1387 2387 1496 2416 cum
1530 2373 1661 2416 nulla
1696 2373 1969 2428 septimana

349 2447 509 2502 fugiat
542 2446 653 2502 quin
691 2446 762 2490 bis
797 2455 1036 2502 quaterue
1071 2447 1277 2503 mittam,
1314 2457 1399 2492 aut
1433 2449 1495 2492 ab
1530 2449 1609 2493 illo
1644 2449 1813 2494 literas
1849 2451 1968 2495 reci-

350 2524 495 2578 piam.
523 2522 747 2568 Studium
773 2523 968 2567 omnino
994 2524 1227 2568 abolitum
1252 2534 1341 2579 est,
1377 2541 1491 2569 raro
1527 2535 1610 2570 aut
1640 2542 1888 2583 nunquam
1924 2528 1969 2572 in

352 2600 513 2655 quiete
548 2600 728 2656 aliquid
759 2601 886 2655 lego.
921 2599 1110 2644 Domus
1134 2601 1275 2645 salua
1300 2616 1373 2646 est
1397 2611 1517 2657 tota,
1545 2618 1643 2646 vna
1667 2618 1818 2658 mens,
1846 2619 1969 2648 vnus

353 2676 560 2720 animus.

416 2752 482 2796 12.
549 2752 674 2796 Rdo.
703 2752 754 2796 P.
783 2751 983 2798 Canisio
1008 2754 1053 2797 in
1078 2754 1554 2810 congregationibus
1577 2755 1884 2811 theologicis,
1908 2756 1970 2801 ad
2019 2796 2023 2800 .

404 2952 412 2971 ¹
464 2951 551 2986 Has
573 2951 659 2986 vide
680 2952 783 2996 apud
805 2952 957 2988 Lm'm's
975 2953 1182 2995 Monam,
1204 2953 1277 2988 loc.
1301 2953 1364 2989 cit.

403 3010 415 3028 ‘²
466 3010 538 3045 Dr.
560 3009 799 3046 Franciscus
819 3010 1077 3051 Zoannettus,
1105 3010 1305 3057 professor
1333 3012 1605 3047 universitatis
1631 3012 1968 3057 ingolstadiensis.

356 3067 419 3105 Cf.
442 3068 795 3112 Bimoxfflziziffiiffi,
818 3071 993 3106 Canis-is
1009 3072 1145 3115 epist„
1166 3070 1195 3109 L
1216 3071 1296 3111 335,
1318 3070 1398 3115 33ae
1421 3070 1469 3111 H,
1490 3071 1523 3106 0.
