2051 3516
370 353 439 390 676
834 353 1052 391 LITTERAE
1078 351 1431 399 QUADRIMESTRES

324 450 385 495 ad
410 465 462 494 se
488 449 719 505 mitteret,
746 449 825 505 qui
859 450 987 495 istud
1020 449 1190 495 facere
1225 458 1406 506 posset.
1444 450 1623 495 Missus
1657 458 1731 495 est
1763 459 1810 495 et
1844 450 1942 495 iam

324 525 481 581 primo
507 525 631 570 libro
656 524 799 570 finem
823 526 1053 582 imposuit
1079 527 1107 570 ¹.

386 602 453 647 10.
521 601 682 646 Etiam
707 601 1004 659 significauit
1027 602 1294 647 cardinalis
1318 617 1369 647 se
1400 617 1599 659 cupere,
1627 611 1679 648 ut
1702 617 1825 647 unus
1859 611 1945 647 aut

324 680 450 724 alter
473 693 672 724 sacram
697 679 999 736 theologiam
1024 688 1170 735 atque
1195 688 1329 725 artes
1353 680 1583 725 liberales
1608 679 1941 737 profiteretur:

324 772 350 801 e
375 772 428 801 re
451 771 645 812 nanque
670 771 789 802 suae
813 757 1100 802 dioeceseos
1131 772 1237 802 esse
1273 756 1525 813 iudicauit,
1561 757 1600 802 si
1634 757 1696 802 illi
1733 756 1811 813 qui
1846 756 1944 801 ani-

324 847 518 877 marum
543 847 714 877 curam
737 832 992 889 suscipere
1012 833 1206 890 debent,
1229 833 1402 878 horum
1421 833 1695 878 studiorum
1714 841 1945 890 expertes

324 924 419 953 non
444 908 554 954 sint.
583 908 681 954 Sed
705 925 817 955 cum
842 910 1013 955 domus
1036 918 1208 955 nostra
1233 919 1305 955 tot
1328 919 1497 966 partes
1521 925 1702 966 capere
1721 925 1817 955 non
1836 924 1943 966 pos·

325 993 416 1038 set,
458 1000 714 1030 necessum
753 985 843 1031 fuit
882 995 932 1030 ut
972 985 1288 1031 humanitatis
1331 986 1494 1031 studia
1529 986 1943 1043 relinquerentur:

324 1077 453 1106 nunc
478 1077 598 1106 uero
622 1062 931 1107 solummodo
955 1062 1152 1118 quidam
1175 1061 1335 1107 frater
1359 1062 1660 1107 curriculum
1691 1062 1871 1107 artium
1896 1061 1945 1106 li-

324 1139 565 1184 beralium
599 1139 930 1197 prosequitur,
967 1139 1096 1196 quod
1130 1154 1260 1184 anno
1293 1150 1550 1185 transacto
1574 1139 1842 1196 inceperat.
1870 1138 1946 1184 De

324 1214 379 1261 iis
404 1225 586 1273 autem,
615 1232 740 1273 quae
764 1217 827 1262 ad
851 1216 1156 1262 cardinalem
1189 1225 1430 1273 spectant,
1468 1217 1513 1262 in
1548 1216 1769 1273 sequenti
1804 1214 1945 1261 diffu-

325 1293 426 1338 sius
450 1294 513 1338 ad
536 1302 584 1339 te
608 1293 841 1339 scribam.

386 1372 453 1416 11.
521 1371 716 1416 Verum
741 1382 791 1416 ut
817 1371 913 1416 iam
939 1371 1001 1416 ad
1028 1386 1107 1416 res
1126 1371 1425 1416 domesticas
1449 1371 1662 1427 ueniam,
1683 1371 1756 1415 his
1775 1370 1946 1416 diebus

325 1448 523 1505 quidam
557 1449 819 1504 theologus
853 1464 947 1493 non
983 1448 1403 1504 contempnendus
1442 1447 1542 1504 egit
1576 1463 1652 1504 ea,
1694 1462 1820 1505 quae
1858 1462 1947 1492 nos

325 1525 563 1570 exercitia
587 1540 843 1570 uocamus:
872 1536 1043 1581 postea
1068 1540 1189 1570 uero
1214 1525 1259 1569 in
1283 1525 1496 1582 patriam
1519 1540 1660 1570 suam
1683 1535 1755 1570 est
1781 1539 1946 1570 reuer-

324 1618 423 1658 sus,
450 1602 646 1659 magnis
670 1602 817 1647 animi
841 1602 1035 1658 gaudiis
1059 1602 1289 1647 affectus.
1350 1635 1352 1638 .
1996 1663 1998 1667 ἡ

386 1678 454 1724 12.
521 1678 599 1723 Ex
622 1679 709 1733 his,
739 1679 816 1735 qui
851 1679 1113 1735 gymnasia
1147 1688 1319 1725 nostra
1352 1679 1682 1737 frequentant,
1720 1679 1944 1736 quamuis

324 1755 506 1800 nonulli
533 1754 835 1801 Societatem
861 1764 1081 1801 nostram
1107 1756 1296 1812 ingredi
1321 1756 1536 1814 cupiant,
1563 1765 1728 1802 tamen
1752 1756 1848 1801 duo
1872 1771 1947 1801 so-

325 1834 422 1878 lum
448 1833 505 1878 iis
528 1833 699 1879 diebus
722 1833 921 1879 fuerunt
942 1834 1143 1891 recepti,
1171 1850 1382 1892 quorum
1407 1834 1550 1891 alter,
1578 1849 1687 1879 curn
1722 1842 1853 1879 esset
1885 1834 1946 1878 ci-

324 1911 413 1967 uis,
441 1927 469 1956 a
494 1920 652 1967 patre,
681 1911 760 1967 qui
785 1911 924 1956 nobis
948 1911 1286 1957 familiaritate
1321 1921 1368 1957 et
1392 1910 1642 1957 beneficiis
1660 1920 1734 1957 est
1753 1911 1946 1956 coniun-

324 1997 449 2040 ctt1S,
477 1988 539 2033 ad
564 1988 824 2033 ecclesiam
850 1988 1090 2034 deductus
1114 1989 1220 2046 fuit,
1249 1989 1412 2034 multis
1442 1989 1549 2034 aliis
1583 1988 1717 2034 illum
1751 1987 1947 2034 commi-

324 2064 559 2110 tantibus.
587 2065 749 2109 Etiam
784 2064 981 2122 quidam
1016 2065 1156 2122 alius,
1194 2065 1274 2122 qui
1309 2066 1438 2122 apud
1471 2081 1562 2111 nos
1596 2066 1800 2111 dederat
1835 2080 1938 2121 ope-

327 2157 433 2187 ram
458 2142 528 2186 rei
552 2142 822 2197 lsterariae,
850 2141 946 2186 diui
976 2142 1219 2187 Dominici
1255 2142 1527 2188 institutum
1562 2144 1821 2199 amplexus
1855 2151 1943 2188 est.

387 2219 454 2263 1:13.
522 2218 633 2263 Duo
657 2218 840 2263 fratres
863 2219 1020 2263 sacris
1045 2219 1298 2264 ordinibus
1320 2230 1431 2264 sunt
1461 2219 1652 2276 initiati,
1690 2220 1815 2264 alter
1849 2219 1947 2264 dia-

325 2304 533 2340 conatus
557 2295 844 2352 ministeri0‚
871 2295 998 2340 alter
1023 2311 1142 2340 uero
1167 2296 1459 2342 sacerdocii.
1487 2296 1696 2342 Fratres
1719 2296 1946 2342 domesti-

325 2373 367 2417 ci
406 2373 453 2417 in
492 2372 749 2428 relligione
786 2371 1007 2428 perfecte
1046 2373 1362 2418 obseruanda
1399 2389 1451 2419 se
1490 2383 1743 2431 exercent,
1786 2373 1938 2419 morti·

327 2449 541 2495 ficationi
587 2449 801 2494 maxime
844 2449 1203 2507 incumbentes,
1257 2450 1422 2496 omnia
1473 2460 1677 2497 sanctae
1723 2450 1947 2496 obedien-

375 2624 383 2641 ¹
436 2621 514 2666 Qui
533 2622 635 2658 hanc
655 2620 882 2656 versionem
902 2619 1035 2656 facere
1056 2619 1216 2667 incepit,
1237 2620 1310 2657 fuit
1329 2620 1566 2668 Alphonsus
1593 2621 1774 2663 Ramiro,
1804 2620 1852 2657 de
1871 2633 1949 2668 quo

326 2682 523 2728 superius,
547 2693 637 2727 pag.
660 2680 740 2726 457,
763 2686 898 2717 annot.
919 2680 957 2716 3.
984 2679 1046 2716 Cf.
1068 2680 1221 2717 Laim'i
1239 2681 1447 2726 Monam,
1478 2680 1589 2725 VIII,
1621 2680 1705 2717 442.
1744 2680 1855 2727 Opus
1880 2681 1947 2716 im-

326 2740 549 2788 perfectum
567 2741 778 2786 reliquisse
795 2740 954 2776 videtur
968 2738 1048 2780 (Cf.
1067 2740 1118 2776 ib.
1142 2739 1190 2784 V,
1210 2740 1304 2785 Ill),
1322 2753 1396 2777 nec
1416 2741 1634 2787 quidquam
1649 2740 1697 2777 de
1713 2740 1786 2777 hac
1802 2740 1949 2777 versio-

327 2813 375 2837 ne
395 2801 622 2837 invenimus
641 2800 746 2845 apud
766 2806 921 2836 nostros
940 2799 1253 2846 bibliographos.
1275 2800 1389 2837 Libri
1409 2800 1482 2838 Sti.
1503 2800 1649 2848 Cyrilli
1665 2801 1713 2837 de
1727 2800 1872 2847 quibus
1887 2799 1949 2836 hic

326 2861 475 2906 agitur.
494 2861 533 2896 in
548 2861 681 2896 lucem
697 2860 930 2906 prodierunt
945 2859 1079 2896 Toleti
1094 2872 1199 2896 anno
1216 2859 1318 2905 1575,
1337 2859 1626 2897 Bonaventura
1641 2860 1845 2897 Vulcanio
1859 2860 1948 2896 bru-

326 2920 442 2966 gensi
462 2920 697 2967 interprete.
721 2919 784 2957 Cf.
806 2920 947 2956 PEREZ
965 2919 1145 2960 PASTOR.
1166 2919 1232 2956 La
1261 2921 1481 2965 zmprenta
1509 2931 1560 2957 eu
1595 2919 1762 2965 Toledo,
1791 2932 1829 2956 n.
1857 2918 1942 2956 342.

327 2979 539 3016 NICOLAus
560 2979 627 3015 AN
640 2990 785 3025 somus,
806 2979 1075 3016 Bibliozlzeca
1094 2979 1287 3025 hispana
1306 2990 1434 3026 nova,
1456 2980 1528 3016 sub
1549 2980 1672 3017 verbo
1691 2979 1950 3016 FRANCISCUS

328 3038 545 3084 MENDozxx,
567 3040 634 3075 ait:
721 3038 789 3075 «B.
809 3038 956 3087 Cyrilli
976 3038 1248 3075 Alexandrini
1270 3037 1420 3085 [libros]
1440 3040 1508 3076 De
1521 3038 1789 3077 Adora-tione
1804 3040 1850 3076 in
1864 3039 1949 3085 spi-

328 3100 414 3134 ritu
435 3102 473 3134 et
490 3100 671 3135 veritate
688 3111 737 3135 ex
756 3099 1090 3145 interpretatione
1110 3097 1424 3135 Bonaventurae
1440 3098 1618 3135 Vulcani
1635 3098 1860 3144 Brugensis
1874 3096 1950 3134 To-

328 3158 399 3194 leti
419 3158 594 3194 edendos
614 3158 718 3194 idem
737 3163 874 3194 noster
893 3159 1088 3194 curavit.»
