2051 3516
351 292 417 328 138
790 299 792 302 ’
807 291 1023 327 LITTERAE
1051 289 1404 335 QUAanOEs’rREs

303 387 595 444 theologicis
614 387 902 432 lectionibus
923 386 1095 431 Patres
1118 386 1221 441 plus
1240 384 1360 428 satis
1378 383 1576 438 habent,
1596 384 1723 440 quod
1742 394 1913 440 agant.

302 464 597 510 Rhetorices
622 464 769 512 etiam
795 478 917 508 unus
941 473 1014 507 est
1046 462 1316 517 professor,
1355 469 1402 504 et
1436 459 1531 504 duo
1566 460 1916 516 grammatico-

305 557 412 586 rum
437 541 757 588 institutores
788 540 994 585 Accedit
1018 539 1077 584 ad
1104 539 1241 590 haec,
1270 536 1398 593 quod
1423 545 1604 581 octauo
1629 551 1822 592 quoque
1842 537 1917 582 die

305 617 511 674 (romani
535 617 728 673 collegii
763 617 985 671 exemplo
1022 615 1168 671 ducti)
1205 629 1328 658 unus
1367 628 1428 657 ex
1469 613 1721 657 rhetorum
1758 613 1917 659 classe

304 694 578 738 orationem
604 692 899 748 pronuntiet.
927 691 971 735 Is
1007 706 1126 735 uero
1161 690 1239 745 qui
1273 699 1526 733 oratorem
1560 689 1680 745 agit,
1715 704 1918 734 necesse

304 779 377 814 est
402 780 450 813 ut
475 770 518 813 in
544 769 756 813 maximo
781 768 1059 812 auditorum
1085 776 1329 811 conuentu
1355 765 1502 809 dicat.
1522 765 1663 810 Multi
1687 767 1915 823 probant,

305 845 439 890 multi
470 846 830 900 amplectuntur
864 842 1193 887 huiuscemodi
1228 841 1599 886 exercitationis
1633 839 1805 897 genus.
1842 842 1918 888 De

303 922 635 977 philosophiae
660 922 819 965 classe
844 920 933 964 hoc
966 935 1112 964 unum
1148 918 1324 973 dicam,
1361 918 1630 975 auditores,
1673 919 1735 963 olo
1770 918 1929 964 disse--

304 997 511 1042 rentium
536 996 784 1041 feruorem
810 1011 868 1040 ac
894 995 1189 1040 acerrimum
1214 994 1272 1038 de
1298 1010 1350 1038 re
1369 994 1623 1050 proposita
1643 1004 1913 1051 certamen,

303 1074 425 1129 raph
454 1088 562 1117 cum
587 1073 748 1117 omnia
772 1074 877 1127 plus
901 1087 1057 1127 aequo
1082 1071 1287 1115 remissa
1314 1070 1422 1114 aliis
1444 1070 1490 1114 in
1515 1071 1634 1115 locis
1657 1071 1767 1116 sint.

361 1150 403 1194 4.
469 1149 521 1193 In
545 1150 887 1204 theologorum
913 1148 1090 1192 scholis
1114 1163 1141 1191 a
1166 1147 1368 1191 Patrum
1393 1157 1677 1192 nostrorum
1702 1149 1918 1194 aduentu

305 1235 440 1270 tanta
466 1225 870 1280 metamorphosis
894 1224 1029 1268 facta
1054 1234 1144 1277 est,
1173 1233 1223 1267 ut
1249 1223 1503 1279 repentina
1523 1233 1722 1279 tamque
1756 1224 1918 1269 subita

305 1317 469 1346 rerum
496 1301 700 1345 mutatio
724 1301 943 1355 singulos
968 1300 1011 1343 in
1036 1299 1416 1344 admirationem
1441 1300 1667 1345 traxerit.
1689 1299 1816 1344 Nam
1837 1301 1918 1345 ab-

305 1377 453 1421 ditum
480 1386 625 1421 antea
651 1377 892 1432 quoddam
917 1386 1113 1420 antrum
1138 1376 1305 1430 fuisse,
1333 1391 1478 1431 quam
1498 1376 1715 1421 scholam
1735 1377 1918 1422 rectius

305 1453 526 1497 dixerim.
555 1452 734 1507 Ecquis
758 1468 852 1496 non
880 1452 1143 1496 miraretur
1167 1452 1312 1496 modo
1332 1461 1544 1508 quatuor
1569 1467 1751 1509 sacrae
1781 1454 1917 1517 pagi->

303 1544 395 1573 nae
420 1530 646 1578 lectores,
676 1544 784 1572 cum
810 1538 957 1572 antea
981 1544 1040 1572 ne
1064 1543 1189 1572 unus
1208 1528 1399 1584 quidem
1420 1528 1658 1574 extiterit?
1677 1527 1827 1574 Certe
1845 1544 1916 1574 56-

305 1606 377 1650 rio
402 1606 459 1650 de
483 1604 771 1663 theologicis
797 1604 965 1648 studiis
990 1605 1232 1660 pauloque
1256 1605 1402 1649 altius
1426 1614 1654 1660 coeptum
1680 1615 1752 1650 est
1787 1605 1916 1662 cogi-

304 1682 414 1737 tari,
442 1682 566 1726 haec
589 1681 750 1725 omnia
774 1696 899 1725 nunc
920 1696 978 1725 eo
1004 1681 1048 1725 in
1069 1682 1177 1726 loco
1198 1690 1498 1726 enarrantur
1517 1697 1546 1726 a
1565 1682 1717 1726 uariis
1734 1682 1914 1727 theolo-

304 1759 415 1813 giae
440 1758 820 1813 professoribus,
854 1757 1054 1807 scilicet,
1093 1757 1151 1802 D.
1188 1757 1325 1802 Pauli
1361 1759 1422 1803 ad
1456 1757 1710 1803 Romanos
1743 1759 1916 1814 episto-

306 1836 352 1879 la
390 1839 425 1887 3,
468 1835 711 1890 Magister
755 1835 1133 1885 sententiarum,
1177 1835 1382 1880 Dauidis
1421 1836 1725 1892 psalterium,
1758 1833 1915 1881 Gene-

304 1926 510 1966 seosque
546 1911 747 1956 libellus.
786 1911 871 1955 Ina
907 1911 1001 1956 duo
1036 1923 1286 1967 postrema
1327 1928 1355 1956 a
1394 1912 1575 1956 nostris
1609 1912 1702 1956 Dei
1744 1911 1917 1957 benefi-

304 1988 379 2032 cio
404 1997 732 2043 praestantur.

359 2064 401 2108 5.
469 2063 719 2119 Quantum
740 2079 860 2108 uero
879 2064 1068 2109 fructus
1088 2080 1151 2109 ex
1169 2065 1240 2109 his
1260 2065 1552 2117 lectionibus
1572 2064 1913 2123 proficiscitur,

303 2155 563 2184 recensere
590 2141 789 2195 longum
814 2140 960 2185 foret.
988 2141 1177 2186 Tamen
1202 2158 1262 2187 ne
1286 2143 1480 2197 singula
1503 2142 1695 2187 silentio
1724 2151 1915 2198 praete-

302 2232 455 2273 ream,
482 2217 575 2261 hoc
600 2233 748 2262 unum
773 2217 1006 2262 referam.
1037 2217 1162 2263 Cum
1199 2219 1322 2276 regii
1356 2218 1562 2263 Dauidis
1594 2219 1722 2263 hunc
1755 2219 1916 2264 locum

302 2292 394 2337 Mr.
429 2292 672 2337 Henricus
705 2293 970 2349 Dyonisius
995 2294 1013 2320 ¹³
1037 2305 1322 2350 exponeret:
1350 2279 1509 2340 Edent
1543 2295 1769 2340 nimirum
1802 2311 1916 2351 pau-

305 2384 445 2425 peres
469 2380 516 2414 et
539 2372 896 2415 saturabuntur
920 2373 950 2427 1,
978 2381 1026 2416 et
1049 2387 1108 2416 ea
1132 2387 1258 2429 quae
1283 2373 1404 2417 haec
1430 2378 1777 2428 consecuntur,
1799 2372 1916 2418 data

305 2445 629 2501 amplificandi
655 2461 775 2491 ansa
799 2448 982 2503 optimo
1008 2446 1270 2493 Societatis
1293 2464 1446 2505 more,
1474 2450 1531 2494 de
1555 2449 1826 2494 sacerrimo
1850 2450 1915 2494 al-

305 2522 424 2566 taris
449 2533 759 2572 sacramento
784 2523 912 2580 loqui
937 2524 1136 2569 liberius
1161 2525 1336 2580 coepit,
1365 2525 1712 2581 auditoresque
1731 2525 1793 2570 ad
1812 2540 1915 2571 cre-

306 2599 445 2642 bram
480 2600 872 2645 communionem
906 2601 1178 2658 adhortari,
1214 2602 1382 2658 sicque
1416 2618 1587 2647 eorum
1621 2602 1810 2647 animos
1847 2602 1915 2665 ita

304 2673 453 2730 flexit,
478 2686 525 2719 ut
545 2677 831 2721 adolescens
851 2677 1060 2734 quidam,
1083 2678 1280 2724 dimisso
1299 2679 1545 2724 auditorio
1566 2679 1643 2735 (de
1661 2679 1755 2724 hoc
1788 2679 1915 2728 enim

305 2751 408 2794 solo
432 2751 682 2809 referam),
709 2768 819 2798 cum
844 2753 1040 2799 domum
1064 2770 1116 2799 se
1136 2756 1419 2812 recepisset,
1441 2772 1500 2801 ea
1525 2755 1687 2801 omnia
1705 2770 1830 2812 quae
1854 2771 1917 2800 ex

353 2914 372 2931 ἃ
421 2915 536 2960 eplae
557 2926 635 2951 ms.
689 2917 753 2943 ——b
782 2918 863 2959 Sic,
884 2919 955 2955 hic
973 2923 1012 2955 et
1029 2920 1160 2965 infra.

416 3037 693 3091 15111027.
728 3050 731 3052 ·
