2051 3516
382 275 451 310 848
847 276 1064 314 LITTERAE
1090 277 1444 323 QUADRIMESTRES

336 391 430 420 non
454 376 611 421 solum
635 376 861 422 nuncium
888 378 1142 437 miserunt,
1164 380 1250 425 sed
1274 381 1486 427 maiores
1506 381 1551 427 in
1571 382 1673 427 dies
1691 383 1738 428 in
1757 384 1953 439 pietatis

335 452 567 507 operibus
590 467 888 509 progressus
920 453 1122 509 faciunt;
1160 472 1222 501 ex
1256 456 1328 502 his
1363 473 1490 513 quae
1525 458 1776 514 possident
1809 461 1951 516 pluri-

335 543 415 573 ma
435 534 451 554 ³
472 527 518 573 in
543 528 825 575 alimentum
844 545 1118 586 pauperum
1137 531 1463 578 effundentes,
1485 533 1656 591 Quid?
1672 535 1810 591 quod
1826 535 1952 581 inter

334 604 456 660 illas,
483 604 653 650 decem
678 614 790 651 sunt
813 606 1033 662 uirgines
1052 623 1176 664 quas
1199 608 1455 666 lampades
1480 610 1723 655 bonorum
1747 626 1949 668 operum

332 681 441 726 oleo
464 682 638 738 plenae
661 682 680 709 b
706 682 972 739 prudentes
995 699 1104 730 esse
1122 684 1268 731 facile
1292 686 1563 733 declarant.
1586 686 1691 733 Has
1715 702 1825 733 cum
1845 704 1951 734 coe-

333 758 465 803 lestis
484 774 573 803 rex
592 757 820 805 Christus
835 759 981 819 Jesus
999 776 1207 816 sponsas
1227 761 1315 807 sibi
1335 762 1482 808 uellet
1501 778 1755 809 assumere
1776 764 1820 808 in
1841 780 1950 810 eam

332 845 544 881 mentem
569 851 629 881 ac
651 837 956 891 sententiam,
973 837 1161 883 induxit
1186 848 1238 884 ut
1261 854 1355 884 non
1382 839 1517 896 prius
1536 840 1698 897 quiete
1723 855 1775 886 se
1800 841 1950 886 uictu-

332 929 414 958 ras
438 913 734 970 existiment,
761 930 908 971 quam
932 915 1142 960 terrenis
1162 916 1384 961 omnibus
1405 916 1588 962 relictis
1611 932 1664 962 se
1688 916 1796 962 Deo
1820 926 1952 963 totas

330 990 375 1035 in
399 990 698 1036 monasterio
722 991 859 1048 qnod
880 991 973 1036 uni
1000 1005 1064 1036 ex
1086 993 1276 1037 nostris
1298 992 1546 1038 Patribus
1579 1007 1735 1038 cume
1758 998 1834 1038 est
1853 1000 1869 1021 Ε
1904 994 1949 1038 in

329 1078 618 1125 perpetuum
643 1068 868 1114 dedicent
893 1069 921 1114 ¹.
948 1068 1141 1114 Harum
1167 1085 1294 1115 nunc
1317 1079 1546 1127 quatuor,
1572 1070 1699 1128 quod
1725 1070 1949 1116 omnibus

329 1145 465 1190 locus
489 1161 585 1190 non
609 1145 670 1190 sit
694 1146 814 1191 satis
838 1146 1028 1202 amplus
1054 1155 1102 1192 et
1125 1147 1377 1203 comodus‚
1400 1147 1718 1204 admitentur,
1740 1147 1947 1204 reliqua-

329 1238 437 1267 rum
460 1238 582 1268 uero
607 1223 863 1279 ingressus
886 1223 932 1268 in
956 1223 1109 1269 breue
1133 1232 1325 1280 tempus
1355 1223 1631 1270 differetur.
1659 1224 1802 1280 Ipsae
1825 1239 1947 1270 uero

329 1299 563 1345 moniales
596 1300 745 1346 talem
780 1299 1012 1345 uirtutum
1050 1310 1098 1346 et
1136 1300 1414 1346 sanctitatis
1451 1301 1495 1345 in
1535 1316 1705 1346 omnes
1743 1301 1946 1346 odorem

327 1377 570 1433 emittunt,
598 1386 650 1422 ut
673 1377 953 1434 angelicam
976 1377 1129 1423 uitam
1153 1378 1336 1423 ducere
1369 1387 1603 1434 putentur
1636 1378 1682 1422 in
1707 1378 1871 1434 terriS,
1900 1387 1947 1423 et

327 1454 476 1499 ueluti
502 1463 705 1500 sanctae
729 1456 957 1500 colantur
981 1455 1044 1500 ab
1068 1455 1307 1500 omnibus.
1331 1454 1534 1511 Degunt
1567 1470 1677 1499 cum
1713 1455 1784 1500 his
1820 1455 1946 1500 duae

326 1532 403 1576 ille
428 1546 630 1576 sorores
652 1532 956 1577 nobilisimae
981 1532 1170 1588 pariter
1204 1541 1251 1577 et
1285 1532 1569 1588 ditissimae,
1607 1532 1691 1577 sed
1727 1532 1925 1577 coelesti

326 1608 416 1652 bus
439 1608 614 1663 gratiis
640 1607 859 1664 ditiores,
886 1608 945 1653 de
969 1608 1143 1664 quibus
1168 1608 1275 1653 aliis
1298 1608 1452 1653 literis
1476 1608 1722 1665 copiosius
1746 1607 1805 1653 T.
1833 1607 1892 1653 R.
1908 1608 1944 1635 ‘¹⁵¹

326 1685 378 1730 P.
406 1686 591 1731 certior
613 1685 748 1731 facta
772 1695 845 1731 est
870 1687 901 1730 Ξ.
929 1685 1039 1731 Hae
1063 1695 1246 1742 quanto
1281 1686 1343 1731 ab
1378 1686 1520 1731 huius
1555 1686 1693 1742 regni
1729 1685 1944 1742 primati-

325 1764 413 1808 bus
437 1763 481 1808 in
506 1763 788 1820 coniugium
815 1763 1151 1808 uehementius
1174 1772 1474 1820 appetuntur
1494 1763 1766 1819 maiorique
1783 1763 1943 1808 studio

327 1840 705 1897 [desidera]ntur
738 1839 774 1897 d,
801 1849 939 1886 tanto
974 1840 1204 1897 coniungi
1239 1840 1490 1885 ardentius
1526 1839 1724 1886 Christo
1758 1839 1943 1885 deside-

326 1927 452 1972 rant;
476 1933 632 1974 neque
652 1917 934 1963 desiderant
959 1917 1120 1972 modo,
1142 1917 1224 1962 sed
1251 1917 1342 1963 hoc
1362 1917 1453 1962 illis
1471 1926 1637 1962 manet
1660 1917 1761 1962 alta
1780 1926 1942 1962 mente

326 2005 595 2051 repostum,
622 1993 925 2050 propositum
959 2009 1052 2038 non
1079 1993 1373 2039 abolendum
1409 2008 1657 2050 umquam,
1690 1993 1778 2038 nisi
1814 1993 1940 2049 quod

322 2072 527 2128 grauius
561 2071 787 2128 daemon,
829 2070 1104 2116 animorum
1138 2070 1290 2116 hostis
1325 2071 1708 2128 uersutissimus,
1746 2069 1941 2115 obiiciat

323 2149 735 2204 impedimentum.
763 2147 861 2193 Sed
886 2148 991 2206 quis
1016 2148 1164 2193 stabit
1183 2148 1424 2194 aduersus
1449 2147 1633 2193 electos
1652 2147 1766 2192 Dei?
1784 2147 1799 2170 ὅ
1818 2147 1939 2191 Inte-

324 2226 411 2270 rim
437 2226 545 2281 hae,
568 2225 680 2270 dum
700 2225 931 2270 mundani
956 2225 1178 2270 homines
1201 2225 1517 2278 contendunt,
1545 2225 1757 2281 amplam
1777 2223 1939 2269 dotem

323 2302 537 2359 Christo,
561 2319 701 2359 quem
723 2318 951 2358 sponsum
977 2303 1179 2358 eligunt,
1206 2318 1294 2358 per
1323 2317 1496 2347 manus
1529 2317 1799 2358 pauperum
1825 2316 1938 2357 quo-

322 2380 436 2425 tidie
456 2380 668 2435 mittunt,
697 2380 784 2424 hos
808 2379 1118 2435 indumentis,
1145 2379 1270 2424 alios
1292 2379 1413 2424 cibis
1437 2378 1744 2426 adiuuantes.
1771 2378 1936 2422 nonul-

322 2457 393 2501 los
427 2471 543 2501 aere
567 2455 726 2501 alieno
750 2470 1015 2512 oppressos
1039 2471 1099 2500 ex
1129 2470 1335 2501 carcere
1359 2454 1570 2511 propriis
1593 2453 1862 2510 sumptibus
1888 2453 1935 2497 li-

366 2643 382 2663 a
404 2636 610 2673 Praeced.
629 2647 665 2672 v.
697 2640 833 2681 supra
865 2645 1041 2672 versum
1067 2635 1295 2679 scriptum.
1350 2634 1415 2660 —b
1442 2634 1605 2680 plenum
1626 2643 1708 2671 ms.
1771 2638 1831 2659 ——c
1859 2644 1936 2668 mo-

318 2695 494 2732 nasterio
513 2708 618 2731 nouo
637 2695 707 2731 sed
726 2694 891 2741 antiqua
910 2693 1172 2730 sanctimonia
1191 2693 1418 2740 conspicuo.
1480 2692 1546 2719 ——d
1569 2692 1715 2729 Dubt'a
1736 2692 1856 2728 lectio
1887 2691 1936 2727 ob

319 2758 626 2800 consumptam
647 2754 860 2791 chartam.

366 2912 375 2930 ¹
428 2911 492 2947 De
511 2911 583 2946 hoc
603 2909 845 2946 monasterio
864 2908 968 2952 vide,
990 2908 1056 2948 sis.
1086 2907 1328 2950 POLANCUM,
1362 2907 1528 2950 Clzron..
1557 2905 1631 2948 IV,
1659 2904 1740 2949 2095
1771 2904 1823 2948 V,
1850 2904 1931 2949 ‘200;

323 2970 390 3012 VI,
411 2969 493 3015 288,
513 2968 595 3005 290.

364 3030 376 3048 ²
431 3028 534 3065 Vide
554 3028 751 3074 superius.
774 3040 866 3074 pag.
885 3027 1053 3063 652-653.

364 3088 375 3107 ⁸
429 3086 491 3123 Cf.
515 3088 639 3128 Rom..
666 3086 774 3128 VIII,
795 3088 851 3124 [53.
