2051 3516
434 276 479 314 50
895 274 1112 313 LirrERAE
1139 274 1492 320 QUADRmOEsTREs

1175 509 1226 557 ll

744 652 797 696 P.
834 647 1179 695 NICOLAUS
1212 645 1640 693 BELLEFILLE

888 770 1057 797 PARlsus
1082 759 1105 796 3
1129 769 1318 806 JANUARII
1349 758 1438 795 1557
1464 758 1488 795 ¹.

470 870 543 906 1-3.
573 869 760 906 Fructus
779 879 828 904 ex
847 870 1093 904 nostratum
1113 866 1332 903 laboribus
1348 865 1541 911 percepti
1558 863 1910 908 novitiorumque

775 927 1098 964 exercitationes
1117 926 1302 963 breviter
1317 926 1608 970 attinguntur.

449 1047 486 1092 1.
552 1045 713 1103 Jesus.
733 1044 909 1090 Maria.
932 1044 1148 1089 Primum
1168 1043 1378 1100 quidem,
1401 1041 1564 1098 quoad
1581 1039 1884 1097 spiritualem
1902 1038 2000 1083 fru-

386 1132 518 1169 ctum
551 1123 739 1178 attinet,
776 1122 970 1167 assidue
1003 1121 1286 1166 insudamus
1316 1118 1707 1165 confessionibus
1730 1115 1998 1172 audiendis,

385 1200 468 1245 vbi
486 1199 746 1256 plurimum
765 1199 1023 1243 laboratur
1044 1213 1138 1254 quo
1158 1196 1472 1242 eradicentur
1492 1195 1636 1253 dumi,
1663 1203 1827 1239 sentes
1850 1201 1898 1238 et
1920 1192 2001 1238 tri-

385 1276 500 1332 buli,
528 1276 607 1332 qui
632 1275 711 1320 diu
734 1290 848 1320 suas
871 1274 1198 1320 extenderunt
1220 1274 1518 1329 propagines
1551 1272 1598 1317 in
1631 1280 1768 1317 terra
1806 1269 2019 1315 humani*

388 1353 566 1410 cordis3
593 1361 641 1397 et
664 1351 887 1408 quamuis
910 1351 1052 1396 labor
1075 1359 1244 1395 noster
1262 1350 1389 1395 votis
1409 1365 1504 1394 non
1525 1348 1823 1405 respondeat
1841 1347 2002 1403 (nemo

387 1429 513 1474 enim
539 1437 612 1474 est
635 1428 761 1473 inter
786 1443 872 1472 nos
896 1427 975 1483 qui
1000 1442 1051 1472 se
1075 1426 1256 1472 lubenti
1281 1425 1460 1482 animo,
1486 1425 1526 1471 si
1550 1425 1738 1481 liceret,
1765 1439 1862 1469 non
1894 1438 2001 1480 pre-

385 1507 523 1551 beret
562 1520 750 1562 eorum,
792 1504 871 1560 qui
900 1504 1054 1549 vitam
1088 1503 1341 1559 propriam
1375 1518 1463 1560 pro
1498 1502 1627 1559 Xpo.
1665 1508 1998 1556 contemnunt,

384 1581 665 1638 aemulum),
692 1596 831 1625 suum
860 1589 1023 1625 tamen
1060 1595 1147 1636 per
1180 1579 1273 1625 Dei
1306 1579 1521 1636 gratiam
1556 1578 1874 1635 consequitur
1902 1576 2000 1622 fru-

385 1666 531 1703 ctum.
570 1657 697 1702 Nam
731 1657 950 1713 plerique
984 1656 1339 1713 propemodum
1373 1656 1661 1712 deploratae
1695 1654 1844 1712 vitae,
1871 1663 1918 1700 et
1943 1653 2002 1699 de

385 1735 556 1792 quibus
580 1750 815 1792 perquam
841 1734 1023 1792 exigua
1048 1749 1160 1791 spes
1182 1743 1291 1779 erat
1320 1733 1508 1791 salutis,
1544 1748 1674 1778 nunc
1707 1732 1868 1789 magis
1900 1746 2000 1776 ma-

383 1812 557 1867 gisque
582 1811 626 1856 in
652 1811 833 1868 pietate
856 1820 903 1856 et
927 1810 1148 1856 nouitate
1172 1811 1305 1856 vitae
1328 1810 1732 1866 progrediuntur.

442 1888 483 1933 2.
551 1888 945 1944 Frequentamus
969 1897 1168 1933 assueta
1193 1888 1301 1933 loca
1326 1888 1357 1944 2,
1390 1896 1566 1944 vtpote
1603 1886 1718 1932 edes
1748 1886 1845 1931 diui
1876 1884 1999 1931 Ger-

383 1965 510 2010 mani
546 1965 645 2021 (vbi
679 1966 891 2010 solemus
926 1965 1251 2021 penitentibus
1281 1974 1656 2010 sacrosanctam
1681 1963 1891 2020 synaxin
1915 1962 2000 2008 mi-

382 2042 629 2099 nistrare),
656 2041 880 2087 diuorum
905 2042 1029 2098 Lupi
1059 2050 1107 2086 et
1138 2041 1316 2098 Egidii,
1349 2042 1574 2086 diuorum
1605 2039 1785 2086 Cosme
1819 2049 1868 2085 et
1900 2039 1998 2084 Da-

381 2119 543 2173 miani,
570 2118 667 2163 diui
691 2117 938 2175 Geruasii,
966 2127 1014 2163 et
1038 2118 1334 2174 monialium;
1363 2118 1553 2163 demum
1574 2117 1823 2163 custodias
1848 2115 1999 2173 publi-

382 2210 482 2251 cas,
510 2195 591 2240 vbi
615 2203 688 2240 est
711 2195 884 2251 ingens
907 2195 1102 2251 pietatis
1126 2195 1348 2251 penuria,

435 2274 477 2317 3.
544 2271 712 2316 Nostri
731 2281 949 2327 tyrones,
978 2272 1121 2316 modo
1145 2271 1345 2316 assiduo
1364 2270 1593 2316 conflictu
1613 2270 1999 2327 disputationum

380 2356 693 2404 exercentur,
735 2347 879 2392 modo
919 2348 1213 2404 declamant,
1260 2348 1405 2393 modo
1450 2347 1720 2392 vernaculo
1764 2346 1996 2391 idiomate

379 2425 747 2479 concionantur,
776 2434 822 2470 et
847 2440 961 2470 suos
985 2434 1192 2470 conatus
1217 2425 1447 2482 limando,
1485 2433 1756 2482 properant
1789 2424 1851 2469 ad
1886 2439 1999 2469 con-

378 2501 749 2546 summationem
783 2501 1040 2546 deducere.
1078 2500 1182 2546 Nec
1215 2501 1408 2547 interim
1441 2501 1530 2546 sibi
1565 2501 1740 2546 desunt
1778 2500 1824 2545 in
1859 2500 1998 2545 bonis

432 2657 438 2674 ¹
492 2654 634 2691 Exstat
653 2655 903 2701 autographa
922 2654 961 2690 in
980 2655 1114 2691 codice
1141 2655 1305 2692 Histor.
1335 2655 1425 2692 Soc.
1455 2654 1547 2699 173.
1576 2654 1599 2690 2
1624 2654 1680 2699 ff„
1710 2667 1776 2692 nn.
1805 2654 1887 2699 326,
1917 2653 1998 2699 327;

381 2714 490 2760 prius
516 2713 596 2749 249.
620 2713 734 2758 Quae
754 2726 843 2750 cum
862 2714 959 2749 nihil
979 2713 1063 2750 fere
1083 2714 1144 2759 sit,
1166 2714 1241 2750 nisi
1260 2726 1371 2750 mera
1389 2713 1646 2761 amplificatio
1665 2714 1878 2759 rhetorica,
1901 2714 2000 2750 inte-

382 2785 456 2818 gra
476 2771 558 2808 fere
578 2773 712 2809 deleta
730 2772 802 2808 luit
822 2786 844 2808 a
864 2772 1051 2809 Polanco.
1073 2772 1208 2809 Pauca
1227 2785 1330 2819 quae
1356 2773 1425 2809 ille
1452 2773 1629 2819 reliquit,
1659 2777 1814 2809 tantum
1844 2773 1995 2809 damus.

382 2831 670 2877 Apographum
701 2832 919 2868 secundum
950 2831 1120 2868 Polanci
1147 2832 1415 2869 correctiones
1447 2837 1577 2868 exstat
1611 2832 1651 2868 in
1680 2832 1819 2868 eodem
1847 2832 1996 2875 codice,

379 2890 446 2926 fol.
467 2890 547 2931 331.
570 2890 641 2926 sub
661 2891 733 2926 hoc
752 2891 881 2927 titulo:
906 2890 987 2926 «Ex
1007 2891 1095 2927 aliis
1114 2891 1259 2928 litteris
1278 2890 1371 2928 Mri.
1400 2891 1556 2928 Nicolai
1584 2890 1800 2928 Bellefille.
1830 2890 1996 2928 Parisiis

377 2950 399 2985 3
418 2949 629 2985 Februarii
651 2950 776 2985 1557.»
796 2949 841 2985 In
860 2950 1110 2996 autographo
1129 2950 1299 2997 scriptus
1319 2956 1379 2987 est
1397 2963 1525 2987 annus
1548 2950 1637 2986 1556
1663 2951 1883 2987 secundum
1910 2962 2000 2986 nor-

379 3021 483 3045 mam
503 3008 756 3054 computandi
776 3013 931 3054 tempus
950 3014 1044 3045 tunc
1062 3009 1102 3045 in
1121 3008 1260 3045 Gallia
1279 3015 1494 3046 servatam.

425 3068 438 3087 ‘²
490 3066 552 3104 Cf.
574 3067 626 3104 sis
645 3067 744 3104 Lz‘tt.
765 3067 1013 3113 Quadrima,
1034 3068 1108 3113 IV,
1132 3068 1198 3104 190
1218 3081 1303 3115 sqq.
