2051 3516
326 316 395 353 678
793 315 1012 352 LITTERAE
1039 314 1391 359 QUADRIMESTRES

280 406 339 451 de
364 405 538 462 quibus
571 420 720 461 saepe
745 404 901 449 literis
935 402 1197 448 certiorem
1232 402 1438 448 fecimus
1462 401 1528 447 V.
1556 402 1630 459 R,
1658 417 1779 459 pene
1803 403 1898 447 iam

281 483 494 528 liberare
519 497 606 526 nos
631 490 705 527 est
730 480 950 538 dignata.
978 479 1088 524 Non
1112 494 1295 535 operae
1329 479 1538 535 pretium
1569 478 1701 535 duxi,
1728 494 1899 524 earum

281 559 568 604 memoriam
605 573 867 608 renouare,
895 556 982 601 nisi
1008 556 1101 601 hac
1124 555 1340 600 fortasse
1364 555 1423 600 de
1447 569 1616 612 causa,
1640 564 1697 615 ¹vt
1720 555 1900 601 clarius

280 636 371 681 Dei
407 635 600 680 bonitas
636 643 803 680 mutua
837 633 1117 690 gratiarum
1158 632 1353 677 actione
1387 632 1653 687 elucescat,
1691 631 1771 688 qui
1806 647 1901 677 non

280 714 436 758 solum
471 711 643 768 adfuit,
681 711 767 756 sed
802 720 850 756 et
890 708 1300 755 claementissime
1340 707 1554 765 praefuit
1593 708 1638 752 in
1678 708 1903 753 omnibus

280 790 539 846 angustiis,
566 798 614 834 et
640 788 807 834 effecit
830 786 1057 844 profecto
1092 797 1143 830 vt
1178 801 1272 830 non
1307 785 1454 830 modo
1488 800 1731 830 caesarea
1756 786 1903 832 maie-

281 878 384 913 stas
409 870 421 892 ¹
450 876 497 912 et
522 867 748 923 princeps
771 865 1115 911 serenissimus
1139 864 1153 888 2
1178 864 1331 908 multa
1355 874 1402 908 et
1425 878 1515 908 sua
1549 873 1785 908 consueta
1808 863 1902 919 pie-

280 954 382 990 tate
405 959 495 989 nos
521 952 957 1000 prosequerentur,
984 941 1069 986 sed
1104 949 1153 986 et
1185 940 1395 985 aliorum
1429 939 1810 996 splendidiorum
1835 940 1902 985 vi-

282 1036 468 1076 rorum,
496 1021 576 1076 qui
611 1028 760 1064 antea
794 1018 931 1064 nobis
966 1016 1226 1062 aduersari
1250 1017 1331 1061 vel
1355 1025 1491 1062 certe
1516 1017 1595 1073 qui
1617 1024 1790 1061 nostra
1819 1032 1898 1061 ne-

280 1098 474 1155 gligere
499 1097 810 1152 videbantur,
841 1095 1029 1140 animos
1063 1093 1322 1150 permouit,
1362 1101 1414 1138 vt
1439 1093 1817 1138 humanissimos
1850 1108 1903 1138 se

281 1175 420 1220 nobis
445 1174 759 1231 praeberent,
787 1171 1087 1228 negotiaque
1110 1179 1284 1216 nostra
1308 1170 1570 1227 diligenter
1594 1170 1899 1227 expedirent.

282 1251 539 1297 Caesarea
565 1251 800 1295 maiestas
824 1248 1034 1304 collegio
1059 1247 1261 1292 donauit
1278 1246 1380 1304 750,
1403 1247 1631 1304 princeps
1655 1250 1674 1268 a
1696 1247 1902 1292 serenis-

282 1329 433 1374 simus
467 1328 550 1374 100
583 1327 796 1384 daleros;
826 1324 1008 1383 qin'bns
1041 1329 1150 1369 tmri
1184 1323 1352 1369 debita
1385 1327 1647 1387 contracta
1680 1323 1908 1380 obsopiri

282 1410 329 1451 et
351 1405 512 1450 deleri
528 1407 785 1461 poterant,
812 1407 921 1448 tum
956 1401 1166 1458 collegio
1200 1401 1252 1446 in
1287 1415 1348 1445 ea
1382 1400 1684 1445 necessitate
1717 1400 1769 1444 in
1803 1415 1905 1457 qua

282 1488 401 1529 tunc
442 1485 571 1539 erat,
609 1495 709 1526 non
749 1480 1074 1526 mediocriter
1105 1479 1390 1535 prouideri.
1428 1477 1606 1535 Neque
1643 1478 1909 1536 satisfuit

283 1562 442 1606 isthoc
462 1563 616 1616 pacto
637 1558 873 1615 prospici
895 1557 1121 1614 collegio,
1149 1556 1252 1601 nisi
1273 1560 1320 1601 et
1343 1556 1393 1601 in
1413 1560 1681 1612 posteram
1704 1555 1834 1600 satis
1857 1556 1905 1600 ei

284 1643 416 1684 esset
439 1641 665 1683 cantum.
693 1635 834 1681 Nam
869 1648 950 1679 res
983 1633 1262 1679 oihinensis
1284 1633 1317 1690 ³,
1343 1647 1475 1691 quae
1507 1646 1607 1678 non
1643 1632 1781 1677 lenes
1803 1636 1904 1677 tur-

286 1716 378 1760 bas
412 1727 786 1771 nonnunquam
821 1712 974 1767 dedit,
998 1711 1196 1767 partini
1225 1715 1325 1766 per
1356 1710 1577 1754 Patrmn
1611 1713 1906 1754 nostrornm

284 1798 513 1849 operam,
538 1790 627 1848 qni
649 1803 750 1834 non
774 1789 961 1845 exigno
981 1788 1151 1833 labore
1175 1791 1222 1832 et
1244 1787 1401 1832 nmlto
1426 1800 1540 1831 cmrz
1551 1786 1752 1844 fauore
1773 1800 1906 1831 sere-

283 1868 491 1914 nissimi
504 1866 764 1924 principis
789 1866 877 1911 illa
901 1865 1110 1922 negotia
1134 1868 1380 1921 ceperunt
1396 1867 1636 1920 tractare,
1653 1863 1910 1920 foeliciter

278 1951 412 2002 pene
446 1949 521 1990 est
555 1943 854 2000 composita,
887 1942 1084 1999 partim
1124 1942 1218 1986 cito
1254 1947 1351 1998 per
1383 1941 1782 1997 commissarios,
1819 1941 1909 1998 qni

283 2023 389 2068 iarn
414 2023 530 2067 illac
558 2025 681 2066 sunt
698 2020 936 2078 profecti,
963 2019 1256 2064 leniendam
1291 2022 1339 2063 et
1369 2018 1577 2063 omnino
1607 2018 1907 2074 pacandam

283 2106 578 2156 speramus.

342 2178 383 2223 2.
464 2178 520 2222 Vt
575 2180 747 2221 antem
798 2175 1132 2231 manifestius
1171 2174 1332 2230 paulo
1387 2173 1728 2230 intelligatur,
1774 2173 1908 2218 wide

283 2255 409 2299 llaec
448 2254 617 2299 debita
655 2253 760 2297 sint
798 2252 1037 2308 conflata,
1080 2264 1298 2308 qnorum
1333 2251 1439 2295 iani
1478 2250 1825 2306 meminimus,
1863 2254 1910 2294 et

283 2332 409 2389 qnid
436 2332 554 2376 boni
576 2345 640 2375 cx
663 2329 923 2375 laborilnts
945 2332 1051 2373 tani
1078 2328 1314 2385 Patrznn,
1341 2341 1498 2385 qaam
1532 2328 1905 2373 commissario-

285 2423 400 2454 rmn
425 2409 496 2453 ad
516 2408 800 2453 {veriorem
824 2406 925 2451 Dei
949 2405 1178 2463 gloriam
1202 2409 1249 2450 et
1272 2405 1703 2450 abundantiorem
1735 2405 1907 2461 proxi-

285 2500 486 2531 Jnormn
510 2485 780 2530 vtilitatenz
814 2484 928 2528 elici
956 2488 1110 2539 posse
1142 2487 1435 2539 speremns;
1444 2482 1612 2540 facile
1636 2496 1696 2526 ac
1719 2481 1907 2526 breuis-

283 2565 412 2609 sitne
436 2564 492 2608 id
527 2563 575 2608 T.
614 2563 678 2607 R.
718 2561 972 2618 aperiam.
1002 2559 1128 2605 Cum
1162 2560 1351 2604 Patres
1382 2559 1481 2604 huc
1506 2560 1739 2615 primum
1771 2558 1907 2603 veni-

285 2645 411 2693 rent,
439 2640 775 2685 habitationis
809 2643 1016 2684 nostrae
1050 2638 1345 2694 aedificium
1379 2637 1597 2682 necdum
1632 2640 1746 2682 erat
1767 2636 1907 2681 abso-

284 2712 464 2762 lntzmsz.
493 2717 728 2762 Ininnxit
750 2715 1116 2761 serenissimus
1140 2728 1245 2769 rex,
1283 2728 1419 2759 nnnc
1453 2718 1626 2759 autem
1661 2710 1917 2759 caesarea*

335 2868 353 2886 ‘²
404 2867 569 2914 princep
589 2878 668 2903 ms.

333 3001 341 3019 ¹
396 2999 678 3035 Ferdinandus
696 2999 930 3045 imperator.

331 3060 344 3078 ²
396 3058 691 3103 Ferdinandus,
714 3058 968 3105 imperatoris
986 3057 1103 3093 filius.

332 3119 344 3138 ³
396 3117 501 3154 Vide
524 3118 722 3165 superius,
744 3130 836 3164 pag.
856 3117 914 3153 27.
