2051 3516
539 308 858 345 2Ol.-PAR1sns
885 308 907 344 2
935 307 1142 345 OCTOBRIS
1172 307 1262 344 1558
1600 305 1675 342 825

86 404 320 461 sionibus,
347 403 567 450 solandis
590 402 802 457 afflictis,
832 403 1045 448 visendis
1069 402 1431 460 egrotantibus,
1460 402 1543 448 sed
1570 401 1718 448 etiam

88 491 236 528 noctu
275 481 448 527 iisdem
487 490 623 526 sarte
668 480 731 525 ab
775 480 902 524 omni
943 479 1319 536 perturbatione
1363 478 1720 525 conseruandis

88 560 266 608 studet.
304 569 453 615 atque
493 559 596 615 ipse
636 558 715 602 vel
755 557 984 602 maximis
1018 558 1109 602 illis
1148 557 1362 615 negotiis
1402 557 1721 614 praepeditus

88 637 219 695 quod
242 651 269 683 e
295 652 348 681 re
374 644 547 682 nostra
571 644 646 681 est
670 644 718 680 et
742 634 991 691 institutis,
1023 650 1142 680 rura
1167 635 1355 691 petiuit.

178 714 375 759 Fratris
412 728 532 758 vero
568 712 740 762 nostri,
768 711 908 756 cuius
943 711 1239 757 mentionem
1274 711 1439 767 paulo]
1458 720 1574 757 ante
1608 711 1719 762 feci,

91 791 253 838 studia
278 791 351 836 his
375 791 601 847 profecto
626 805 723 834 non
748 788 1052 834 dissimilium
1081 804 1172 834 nec
1196 805 1308 834 cum
1332 790 1505 835 labore
1530 788 1721 834 minore

89 879 337 925 suscepta,
365 883 663 925 percensere
687 881 811 923 opus
834 865 986 911 fuisse
1011 866 1286 911 arbitratus
1310 882 1433 911 sum.
1469 866 1574 911 Nec
1598 881 1722 911 vero

92 946 171 1003 qui
196 946 452 991 nobiscum
478 944 684 1001 singulis
708 943 964 988 dominicis
988 957 1047 988 ac
1072 943 1210 988 festis
1235 943 1404 988 diebus
1428 943 1489 988 D.
1513 942 1722 988 Germa-

92 1023 136 1068 ni
164 1022 305 1068 edem
330 1022 467 1068 adire
498 1028 879 1075 consueuerant,
907 1020 970 1064 ab
1005 1034 1063 1064 eo
1099 1019 1293 1076 quidem
1319 1020 1612 1074 desciscunt,
1639 1020 1722 1065 sed

94 1101 173 1157 qui
217 1109 366 1146 antea
412 1099 608 1144 minime
654 1099 902 1148 solebant,
950 1096 1050 1154 jam
1089 1113 1215 1142 nunc
1261 1098 1519 1142 accedunt.
1571 1098 1723 1142 Multa

93 1178 270 1234 sciens,
299 1178 359 1224 R.
387 1177 460 1225 P..
487 1178 573 1222 sed
608 1192 717 1234 que,
747 1174 1103 1222 consuetudine
1138 1175 1181 1219 in
1219 1174 1360 1220 nobis
1395 1175 1570 1231 posita,
1598 1174 1723 1219 ordi-

94 1270 203 1300 nem
229 1269 369 1299 suum
396 1262 686 1311 sequuntur,
715 1261 995 1310 praetereo.

153 1332 194 1378 2.
262 1331 375 1390 Jam
411 1331 448 1376 si
485 1331 544 1376 dc
580 1330 753 1376 studiis
793 1329 975 1375 nostris
1015 1344 1176 1385 pauca
1216 1329 1407 1384 dixero,
1446 1328 1560 1373 nihil
1600 1328 1726 1385 quod

95 1410 247 1456 sciam
294 1409 531 1455 mandatu
573 1409 773 1466 dignum
822 1407 1226 1465 praetermittere
1269 1406 1559 1461 videbimur,
1602 1422 1727 1462 quae

96 1487 290 1544 quidem
315 1498 450 1532 certe
479 1502 575 1531 vna
599 1502 707 1532 cum
735 1486 956 1531 moribus
980 1485 1093 1530 mihi
1120 1484 1301 1530 florere
1335 1500 1394 1529 ac
1435 1484 1605 1541 vigere
1629 1483 1718 1540 (ne-

97 1581 190 1622 que
216 1565 343 1610 enim
378 1565 423 1609 id
457 1565 613 1609 nostri
649 1565 825 1610 fauore
860 1564 1068 1608 allectus
1102 1561 1358 1617 testificor)
1385 1578 1477 1606 non
1515 1562 1727 1607 obscure

101 1643 326 1688 videntur
355 1652 404 1687 vt
436 1641 717 1687 domesticis
751 1641 1042 1697 quibusdam
1081 1639 1484 1685 exercitamentis
1519 1648 1566 1684 et
1601 1639 1728 1684 inter

97 1736 186 1766 nos
220 1720 431 1766 concisis
466 1719 879 1776 disputationibus
914 1735 1008 1764 non
1045 1733 1220 1774 parum
1256 1717 1638 1774 progressionis,
1680 1726 1728 1761 vt

98 1798 262 1843 diuino
297 1797 481 1843 auxilio
514 1797 628 1856 freti
665 1812 944 1853 speramus,
973 1796 1014 1840 in
1050 1795 1225 1841 litteris
1256 1794 1515 1839 iaciamus.
1549 1793 1619 1838 De
1654 1809 1729 1838 ce-

99 1884 208 1921 tero
233 1890 406 1920 omnes
441 1885 588 1931 prout
622 1889 743 1919 suae
778 1874 1018 1930 cuiusque
1052 1882 1165 1918 sunt
1200 1885 1367 1929 partes
1393 1872 1436 1916 in
1463 1870 1519 1916 iis
1542 1887 1637 1916 non
1664 1871 1728 1915 in-

96 1952 335 1997 concinne
374 1960 654 2007 versantur,
682 1951 768 1996 sed
802 1966 887 2008 spe
924 1951 1083 2006 magis
1119 1950 1298 1995 alimur
1334 1965 1505 1994 omnes
1530 1949 1595 2003 (in
1631 1948 1728 2004 qui-

99 2031 187 2075 bus
212 2029 327 2074 nulli
352 2029 512 2074 adhuc
537 2036 622 2074 aut
647 2028 813 2085 exigui
838 2037 976 2074 certe
1002 2028 1045 2072 in
1079 2028 1358 2084 proximum
1396 2025 1729 2071 redundantes

99 2106 289 2152 fructus
327 2106 562 2161 existunt)
598 2122 710 2162 qua,
739 2105 1111 2151 fructuosorum
1146 2104 1422 2149 officiorum
1455 2112 1502 2148 et
1532 2102 1593 2147 ad
1620 2118 1727 2158 pro-

95 2184 280 2229 ximum
305 2183 652 2239 pertinentium
677 2183 1043 2233 recordatione,
1072 2182 1202 2238 apud
1228 2197 1316 2226 nos
1342 2182 1564 2236 letemur,
1593 2179 1721 2236 quip-

97 2278 155 2318 pe
181 2261 261 2318 qui
285 2261 565 2306 litterarum
590 2260 751 2305 adhuc
775 2260 948 2305 studiis
974 2259 1202 2315 occupati
1229 2259 1284 2303 iis
1310 2259 1457 2302 rebus
1492 2256 1723 2307 animum,

101 2339 177 2384 vel
213 2338 363 2383 etiam
400 2339 597 2383 volente
632 2338 699 2383 ita
736 2337 903 2387 Patre,
943 2337 1197 2382 intendere
1233 2350 1550 2392 nequeamus.
1580 2333 1730 2379 Pater

98 2426 268 2462 noster
292 2416 544 2472 ceterique
570 2415 756 2461 fratres
781 2431 969 2471 omnes,
997 2417 1119 2461 bene
1152 2414 1352 2459 fauente
1388 2413 1513 2467 Deo,
1541 2412 1730 2469 precla-

100 2510 152 2540 re
177 2510 266 2540 nos
291 2495 547 2549 habemus,
576 2510 763 2550 nosque
801 2511 894 2539 vno
931 2494 1094 2539 animo
1121 2494 1216 2538 tuis
1240 2508 1297 2537 ac
1324 2501 1610 2536 ceterorum
1642 2490 1731 2535 Pa-

100 2581 229 2616 trum
269 2570 593 2616 sanctissimis
635 2571 864 2627 precibus
897 2568 1365 2616 commendatissimi
1402 2567 1573 2612 haberi
1609 2567 1731 2612 desi-

101 2649 352 2705 deramus,
391 2657 443 2693 vt
480 2664 590 2694 cum
632 2648 722 2693 illis
759 2649 957 2694 labores
993 2646 1194 2705 quosuis
1229 2647 1309 2702 qui
1346 2646 1388 2690 in
1426 2645 1518 2689 Dei
1553 2644 1731 2689 cedant

99 2726 329 2782 gloriam,
353 2726 396 2771 in
435 2725 646 2782 proximi
682 2727 892 2772 salutem
929 2725 1219 2773 redundent,
1247 2723 1429 2773 subire,
1458 2738 1549 2767 nec
1583 2721 1729 2767 facile

100 2804 238 2850 oneri
280 2805 606 2849 succumbere
640 2804 896 2860 possimus.
947 2803 1088 2848 Vale.
1138 2800 1363 2846 Lutetiae
1408 2799 1727 2847 Parisiorum,

101 2882 318 2927 secundo
344 2881 419 2926 die
439 2879 691 2926 Octobris.
722 2880 780 2926 R.
808 2880 857 2926 P.
881 2880 938 2925 T.
966 2878 1332 2935 indignissimus
1356 2878 1401 2922 in
1426 2877 1557 2934 Xpo.
1586 2875 1728 2929 filius,

1010 2981 1251 3026 CARoiius
1285 2979 1544 3024 SAGERIUs
1580 2981 1609 3024 ยน.

152 3128 160 3146 ยน
213 3126 321 3163 Vide
341 3138 435 3174 pag.
455 3125 538 3170 365,
560 3130 696 3162 annot.
716 3124 750 3161 2.
