2051 3516
358 330 428 364 46⁴)
824 330 1041 368 LlT'fflRAE
1068 332 1419 376 QuADRiMEs‘sREs

312 423 435 468 Nam
461 425 552 469 sub
576 424 621 468 id
647 412 882 480 temporis
906 436 955 471 et
977 426 1133 470 nostri
1156 424 1255 481 jam
1284 425 1641 470 conualuerant
1666 434 1713 470 et
1736 427 1929 472 aliunde

309 500 371 544 ad
396 516 483 545 nos
508 500 639 545 missi
664 512 806 546 erant
830 503 948 547 socii
974 503 1216 555 laborum,
1244 517 1354 546 cum
1384 501 1481 557 alii,
1508 511 1608 546 tum
1633 502 1685 547 P.
1714 503 1928 548 licentia-

309 586 387 621 tus
411 574 692 633 Gutierre2‚
722 588 772 622 ut
798 589 962 623 rector
995 589 1140 634 esset,
1169 588 1216 622 et
1241 577 1292 622 Ρ.
1321 578 1386 623 M.
1414 578 1639 633 Baptista
1665 590 1714 623 ut
1738 580 1928 625 concio-

309 664 514 698 naretur
539 656 567 698 ¹.
594 654 710 699 Inde
735 670 882 700 curas
905 655 1032 700 inter
1055 671 1107 699 se
1133 670 1302 699 omnes
1325 655 1491 710 partiti
1515 655 1673 700 denuo
1708 657 1839 701 uelut
1864 658 1929 702 lu-

311 730 424 775 dum
450 733 695 787 quendam
720 742 1022 787 aperuerunt
1047 732 1371 788 spiritualium
1406 731 1731 787 negotiorum.
1759 732 1930 789 Neque

310 806 461 852 defuit
484 818 690 853 euentus
714 808 908 853 illorum
931 809 1071 863 votis3
1094 808 1329 864 siquidem
1355 808 1485 852 bona
1510 824 1627 864 pars
1651 810 1811 865 populi
1835 810 1928 855 fre-

310 892 514 939 quenter
549 884 843 938 confitendo,
871 886 1124 930 contiones
1159 884 1418 940 audiendo,
1447 885 1508 929 ad
1544 901 1776 941 magnam
1811 887 1929 931 mul-

309 970 508 1016 tamque
533 961 765 1017 pietatem
795 962 1009 1007 adducta
1033 971 1120 1006 est.
1150 961 1509 1017 Propemodum
1546 961 1706 1007 dicam
1741 963 1802 1007 ad
1839 964 1929 1008 sin-

306 1038 425 1092 gula
450 1053 673 1094 quaeque
697 1038 888 1083 hostiae
923 1038 1116 1083 diuinae
1151 1036 1397 1082 sacrificia
1422 1039 1677 1082 mulierum
1701 1054 1831 1094 grex
1855 1055 1929 1084 sa-

307 1128 445 1158 crum
486 1114 707 1159 celebrat
746 1115 1040 1159 conuiuium.
1088 1113 1196 1159 Viri
1235 1130 1330 1158 non
1372 1114 1503 1159 item:
1541 1115 1764 1171 quamuis
1803 1125 1851 1161 et
1883 1116 1929 1160 hi

307 1190 454 1234 etiam
488 1191 758 1236 succedunt
781 1191 881 1236 suis
905 1192 1223 1247 temporibus.
1255 1191 1362 1235 Non
1397 1191 1617 1248 intelligo
1650 1192 1804 1237 nostri
1835 1194 1931 1237 col-

306 1266 420 1323 legii
453 1268 793 1323 scholasticos,
828 1268 1057 1324 quoniam
1093 1268 1137 1312 hi
1172 1283 1313 1313 suum
1349 1269 1407 1312 de
1440 1268 1534 1312 hac
1570 1284 1622 1313 re
1658 1268 1929 1314 institutum

310 1344 543 1400 religiose
568 1354 788 1390 seruant.

363 1421 406 1466 3.
474 1421 591 1467 Post
620 1431 901 1477 susceptam
926 1422 1052 1466 hanc
1077 1421 1483 1466 exercitationem
1518 1421 1811 1478 animorum,
1838 1422 1931 1468 Pa-

307 1508 382 1543 ter
416 1498 714 1543 Franciscus
753 1515 781 1543 a
822 1499 1043 1544 lusitanis
1079 1499 1225 1553 uenit,
1263 1498 1403 1555 cujus
1437 1499 1653 1544 aduentu
1687 1499 1929 1545 reuixisse

305 1576 471 1620 omnia
496 1575 601 1620 uisa
624 1585 751 1620 sunt.
780 1576 905 1620 Nam
940 1575 1425 1632 praeterquamquod
1451 1591 1529 1620 res
1555 1575 1854 1621 domesticas
1885 1577 1930 1620 in

307 1652 509 1697 meliore
535 1662 667 1697 statu
687 1653 966 1709 collocauit‚
989 1654 1200 1698 accessit
1221 1653 1368 1697 ctiam
1391 1653 1714 1698 concionator
1738 1663 1786 1698 et
1809 1653 1928 1710 ipse.

305 1728 448 1786 cujus
482 1730 723 1785 oratione,
762 1739 812 1775 ut
845 1730 1017 1786 spiritu
1054 1732 1197 1786 plena
1231 1739 1321 1786 est,
1356 1730 1548 1786 plurimi
1583 1730 1643 1775 ad
1679 1730 1931 1775 meliorem

307 1806 459 1851 vitam
494 1806 721 1852 conuersi
760 1808 1028 1852 creduntur
1067 1807 1098 1863 ‘²3
1136 1822 1195 1851 ne
1235 1807 1293 1851 de
1332 1806 1438 1851 aliis
1479 1806 1928 1862 concionatoribus,

304 1884 385 1940 qui
414 1899 504 1928 sex
534 1886 739 1928 n'umero
773 1894 900 1940 sunt,
928 1883 1187 1940 quicquam
1223 1884 1399 1940 dicam,
1427 1899 1600 1928 eorum
1633 1899 1759 1940 quae
1784 1884 1862 1929 uel
1885 1884 1931 1929 in

282 1959 495 2006 ‘vicinos
530 1961 923 2017 placentinorum
958 1961 1134 2017 socios,
1164 1962 1239 2006 uel
1274 1961 1318 2006 in
1353 1960 1459 2017 ipsa
1494 1962 1614 2006 urbe
1648 1970 1928 2019 gesserunt,

306 2038 419 2083 licet
463 2037 653 2094 insigne
703 2037 818 2082 nihil
853 2052 911 2082 ac
961 2037 1334 2081 memorandum
1379 2037 1631 2082 acciderit.
1686 2037 1764 2081 Ad
1809 2038 1931 2083 haec

305 2115 357 2159 P.
387 2115 641 2160 Francisci
668 2129 821 2170 opera
846 2115 912 2159 ita
936 2114 1155 2159 surrexit
1179 2114 1353 2159 domus
1377 2130 1538 2159 nouae
1573 2130 1711 2170 opus,
1741 2124 1791 2159 ut
1817 2130 1932 2171 pars

306 2191 432 2236 illius
454 2190 555 2248 jam
580 2207 609 2236 a
633 2191 773 2236 nobis
798 2191 997 2246 incipiat
1028 2190 1257 2235 habitari.
1291 2190 1343 2234 In
1379 2191 1588 2247 hospitio
1622 2192 1823 2247 antiquo
1858 2206 1929 2236 re-

306 2278 594 2313 manserunt
613 2267 810 2324 aegroti
835 2267 1021 2323 aliquot
1055 2277 1102 2311 et
1128 2267 1223 2311 duo
1259 2279 1610 2322 praeceptores
1644 2268 1929 2324 grammati-

304 2359 410 2397 cae„
434 2344 695 2400 migraturi
720 2344 868 2389 etiarn
893 2344 980 2400 ipsi
1005 2345 1265 2390 natiuitate
1290 2345 1487 2389 Domini
1512 2345 1802 2390 seruatoris.

363 2421 404 2466 4.
473 2419 646 2466 Studia
680 2421 1014 2477 grammatica
1048 2420 1259 2466 feliciter
1294 2420 1698 2477 progrediuntur;
1726 2436 1820 2465 non
1861 2430 1929 2465 ta-

306 2513 416 2542 men
441 2497 729 2542 discentium
754 2512 959 2541 numero
985 2497 1091 2553 pari
1116 2497 1327 2542 aliorum
1361 2512 1621 2542 annorum:
1649 2498 1780 2553 quod
1804 2513 1928 2542 mor-

306 2574 352 2619 bi
377 2583 423 2618 et
446 2573 604 2619 fames
638 2574 811 2629 procul
845 2573 990 2618 dubio
1024 2573 1315 2619 effecerunt.
1344 2573 1423 2619 Fit
1454 2573 1632 2618 cotidie
1656 2589 1929 2619 concursus

304 2649 618 2706 antiquorum
642 2649 1010 2706 discipulorum,
1038 2650 1117 2706 qui
1154 2651 1286 2695 uelut
1310 2660 1419 2706 post
1444 2651 1619 2707 longos
1652 2666 1853 2696 errores
1882 2660 1930 2696 et

304 2727 525 2782 pericula
550 2726 777 2782 proprias
801 2727 943 2771 sedes
963 2736 1206 2782 repetunt,
1229 2742 1438 2783 spesque
1462 2736 1536 2772 est
1559 2726 1727 2771 futura
1746 2727 1928 2773 nobilia

303 2802 567 2858 gymnasia
603 2812 772 2847 nostra
807 2812 860 2847 ut
894 2802 1085 2848 ratione
1120 2802 1410 2858 studiorum,
1438 2803 1507 2848 ita
1531 2812 1578 2848 et
1601 2818 1806 2848 numero
1830 2813 1926 2848 stu-

355 3011 362 3028 ¹
416 3008 460 3044 Ρ.
483 3008 664 3054 Baptista
684 3009 878 3045 Sanchez
902 3009 1137 3051 Pomanus,
1163 3009 1330 3052 Clzron„
1352 3009 1415 3053 VI,
1437 3008 1521 3045 609.

352 3069 364 3087 ²
415 3068 521 3103 Vide
542 3068 654 3104 binas
674 3069 843 3111 litteras,
865 3081 965 3115 quas
983 3068 1196 3104 Placentia
1214 3067 1256 3105 S.
1279 3067 1519 3104 Franciscus
1533 3068 1685 3114 Borgia
1702 3068 1846 3105 Lainio
1862 3069 1928 3105 de-

304 3127 360 3162 dit
380 3127 452 3162 hoc
472 3132 665 3173 tempore,
687 3128 727 3163 in
748 3128 787 3164 S.
810 3128 1072 3164 Franciscns
1091 3127 1269 3172 Borgicl,
1290 3127 1357 3171 III,
1379 3126 1548 3164 313-322.
