2051 3516
347 272 417 306 Sit)
814 270 1033 306 LITTERAE
1060 270 1416 315 QUADRIMESTRES

304 370 686 416 monefacerent..
710 369 882 426 Itaque
902 385 997 415 non
1017 371 1174 415 solum
1194 370 1387 426 Patres,
1407 370 1491 414 sed
1507 378 1555 415 et
1574 369 1757 416 fratres
1776 371 1924 416 etiam

283 434 490 492 vsumme
514 446 558 491 in
584 447 716 492 hisce
741 447 973 502 operibus
996 446 1193 492 fuerunt
1229 446 1474 503 occupati,
1501 461 1592 491 nec
1614 446 1717 491 sine
1742 463 1922 504 magno

302 524 578 568 animarum
603 523 877 580 commodo,
904 532 956 568 ut
980 539 1250 579 speramus.
1278 523 1329 568 Id
1355 539 1475 568 uero
1510 531 1650 568 tanto
1685 524 1922 569 maiorem

303 601 489 646 exteris
513 600 760 646 afferebat
783 600 1176 657 admirationem,
1207 609 1387 656 quanto
1412 599 1656 645 lubentius
1680 616 1709 645 a
1743 601 1925 645 nostris

302 677 422 731 fieri,
460 677 587 734 quod
621 677 701 722 alii
735 692 859 722 cane
892 676 1029 733 peius
1068 686 1116 722 et
1155 692 1319 733 angue
1357 676 1605 733 fugerent,
1648 676 1925 721 uidebatur.

304 753 485 810 Ecquis
509 754 598 799 sibi
622 769 718 798 non
748 753 991 798 timuisset
1025 753 1136 798 dum
1171 753 1517 798 adolescentes
1536 753 1821 810 formosos,
1849 768 1924 797 ro-

302 832 472 877 bustos
496 832 712 887 iuuenes,
740 831 873 876 uiros
897 840 1122 887 potentes
1147 842 1195 875 et
1219 830 1391 887 opibus
1425 830 1680 885 affluentes,
1707 829 1786 886 qui
1810 845 1925 886 pau-

302 908 370 953 cis
395 917 508 954 ante
534 908 705 953 diebus
737 907 988 964 splendide
1021 904 1239 964 agebant
1272 918 1474 964 repente
1505 907 1757 963 nonullos,
1794 906 1926 951 intra

257 1032 263 1039 ,
302 995 515 1042 quatuor
539 986 662 1030 alios
693 986 770 1030 uel
804 994 917 1030 octo
951 985 1054 1030 dies
1078 985 1180 1030 uita
1214 984 1488 1040 defunctos,
1527 984 1707 1029 misere
1742 983 1925 1029 deferri

301 1063 611 1119 conspiceret
635 1062 696 1107 ad
721 1063 979 1108 tumulum?
997 1061 1140 1118 Quid!
1164 1077 1278 1106 num
1298 1069 1565 1117 propterea
1583 1075 1740 1105 uanus
1760 1060 1922 1116 timor,

303 1139 582 1184 animarum
605 1139 753 1184 saluti
777 1139 920 1184 nobis
938 1139 1102 1183 fuerat
1121 1137 1520 1194 praeponendus?
1545 1137 1688 1194 Quid
1707 1137 1859 1191 dices,
1880 1138 1929 1182 sz‘

305 1229 395 1260 nec
418 1230 480 1260 ea
504 1230 557 1260 re
575 1215 880 1272 perterritos
905 1215 987 1260 nel
1008 1217 1027 1235 η
1050 1231 1079 1260 a
1099 1213 1356 1261 charitatis
1375 1228 1527 1270 opere
1547 1213 1789 1258 tantillum
1810 1228 1924 1258 auo-

305 1302 443 1338 catos
468 1292 776 1348 affirmarim,
804 1292 932 1349 quod
957 1292 1044 1348 ipsi
1069 1306 1343 1348 pauperum
1363 1290 1617 1335 cadauera
1641 1290 1686 1334 in
1722 1290 1802 1335 uia
1825 1290 1923 1335 foe-

304 1370 362 1414 de
386 1378 640 1426 prostrata
665 1385 760 1414 non
784 1368 872 1414 nisi
898 1368 1214 1425 (horrendum
1238 1367 1387 1422 dictu)
1413 1366 1616 1412 canibus
1652 1366 1921 1411 dilaceran-

302 1448 364 1492 da
388 1447 670 1492 uiderimus.
707 1447 837 1492 Proh
873 1447 1104 1491 miseram
1140 1445 1388 1490 hominum
1422 1444 1766 1498 conditionem,
1803 1453 1921 1500 quot

303 1533 511 1580 peccata
536 1539 629 1568 non
654 1523 866 1568 confessi
890 1539 915 1568 e
942 1522 1064 1567 uiuis
1094 1521 1431 1567 excesserunt!
1465 1520 1550 1565 sed
1585 1520 1732 1576 longe
1755 1520 1922 1576 plures

301 1601 431 1646 haud
457 1601 599 1646 dubie
623 1601 967 1655 excessissent,
995 1600 1039 1645 ni
1065 1608 1266 1656 praesto
1286 1597 1440 1643 nostri
1461 1597 1638 1642 Patres
1657 1608 1924 1653 aegrotan-

301 1679 428 1723 tibus
452 1678 727 1723 affuissent.
755 1678 926 1734 Neque
951 1677 1078 1722 enim
1102 1676 1247 1721 facile
1272 1674 1609 1721 confessarios
1640 1674 1923 1730 reperiebat

302 1770 574 1811 pauperum
599 1755 762 1811 turba,
789 1755 912 1799 dum
938 1754 1076 1799 lncro
1101 1753 1237 1797 alins
1264 1751 1448 1807 studet,
1477 1750 1613 1796 alins
1634 1751 1720 1795 sni
1751 1755 1922 1806 corpo·

303 1833 374 1877 ris
397 1831 572 1888 magis
594 1845 750 1889 qnam
776 1832 1075 1876 (zninzczrznn
1099 1829 1258 1874 saluti
1281 1827 1511 1873 consulit.
1540 1826 1687 1871 Vnde
1707 1840 1807 1871 non
1832 1825 1922 1870 abs

303 1923 356 1952 re
380 1919 575 1953 nostros
601 1923 716 1952 uere
740 1907 832 1952 Dei
856 1922 1029 1952 seruos
1054 1906 1257 1963 (utinam
1284 1920 1371 1949 nos
1404 1904 1483 1949 ille
1518 1912 1655 1948 tanto
1690 1902 1922 1959 dignetur

302 1986 508 2042 bonore)
534 1985 671 2042 plebs
696 1985 918 2030 clamitat
942 1984 960 2010 ¹³
985 1987 1032 2028 et
1053 1988 1321 2040 tamqnam
1346 1981 1465 2037 Xp2·.
1495 1980 1752 2037 apostolos
1776 1993 1923 2023 nene-

304 2067 467 2108 ratnr.
1213 2054 1215 2056 ’

360 2140 400 2184 2.
464 2139 570 2184 Sed
591 2153 752 2196 neone
775 2142 946 2183 nostro
971 2139 1022 2183 in
1046 2137 1233 2193 templo
1259 2135 1609 2194 confessiones
1627 2134 1922 2192 dcfnernnt,

302 2220 448 2260 santa
472 2216 607 2260 enini
633 2215 912 2272 aliqnando
936 2215 1274 2270 penitentium
1295 2212 1566 2258 nntltitndo
1586 2211 1848 2267 confluxit,
1872 2214 1927 2255 nt

302 2294 406 2349 ipsi
428 2293 741 2350 confessarii
761 2291 998 2337 omnibns
1019 2291 1150 2336 satis
1173 2305 1283 2335 esse
1307 2304 1407 2334 non
1438 2293 1665 2345 possent.
1703 2287 1767 2332 At
1801 2301 1922 2332 nero

302 2370 391 2426 qni
426 2371 654 2427 singulis
691 2369 963 2414 dominicis
1005 2367 1183 2412 diebus
1222 2367 1547 2412 conscientiis
1580 2371 1679 2422 per
1713 2369 1925 2409 sanctae

303 2447 644 2504 confessionis
666 2449 1051 2490 sacranzentmn
1077 2458 1108 2488 (z
1133 2444 1274 2488 in'tiis
1299 2433 1588 2488 emundatis
1621 2441 1693 2486 ad
1711 2441 1921 2486 sancn's-

301 2524 490 2568 silnanz
526 2523 896 2568 enclzaristiam
928 2520 1291 2567 snnnnendanz
1333 2519 1595 2574 accedunt]
1640 2521 1762 2562 snnt
1796 2531 1923 2561 sane

303 2615 403 2645 non
442 2600 613 2656 ponci,
652 2597 964 2655 cr’orunffqne]
988 2604 1003 2624 ⁶
1033 2611 1306 2642 nnnzernne
1338 2609 1537 2652 inagna
1570 2594 1801 2639 omniunt
1825 2593 1921 2637 lae-

302 2678 414 2722 titia
440 2677 628 2734 angeri
651 2676 903 2721 uidemus.
931 2675 1014 2719 Ad
1042 2687 1224 2718 sacras
1259 2686 1379 2717 nero
1404 2672 1685 2726 conciones,
1722 2674 1922 2714 ircznsa-

304 2754 396 2798 elis
419 2754 525 2798 icnn
550 2753 820 2807 caloribus)
848 2751 1135 2807 complures
1164 2749 1492 2803 conneninnt,
1527 2752 1572 2793 et
1595 2761 1658 2792 ex
1676 2747 1756 2792 ln's
1779 2746 1927 2790 nznlli

304 2830 494 2875 nobiles
516 2843 642 2886 qnos
674 2830 791 2874 ln'nc
821 2829 872 2873 in
905 2827 1094 2883 spiritu
1125 2826 1385 2883 proficere
1421 2824 1758 2879 intelligimus
1791 2821 1927 2879 qnod

304 2909 465 2951 multa
485 2905 697 2961 pietatis
720 2910 880 2960 opera
914 2905 1202 2951 exerceant,
1239 2911 1350 2945 sunt
1385 2901 1521 2945 enini
1556 2912 1731 2944 eornm
1755 2898 1921 2942 nonul-

350 3090 369 3107 ἃ
419 3089 502 3125 Imo
521 3101 607 3125 nec.
661 3088 726 3114 *b
747 3086 993 3123 clamitabat.
1050 3077 1108 3110 ἐς
1135 3084 1401 3128 Consllnlpm
1423 3083 1589 3118 charta.
