2051 3516
464 282 782 321 93.—PAN0RMo
810 282 853 319 12
879 281 1140 319 SEPTEMssms
1169 281 1258 318 1557
1555 281 1625 319 360

830 509 906 560 93

387 614 697 674 JOANNES
731 615 887 660 BTA.
925 613 1335 659 CARMINATA

502 721 699 746 PANORMO
728 710 771 746 12
795 719 1049 746 SEPTEMBRIS
1078 709 1168 745 1557
1196 710 1220 745 ¹.

48 795 79 830 1.
110 793 176 830 De
192 793 314 830 verbi
330 793 476 829 divini
491 793 822 838 praedicatione
840 796 876 829 et
903 794 1288 828 sacramentormn
1305 792 1674 838 fi‘eqztentatz'one.

119 853 154 890 2.
187 853 299 890 Odia
322 855 545 895 restincta:
563 853 793 889 clmm'latzs
811 852 956 898 officia
977 852 1293 897 praestita—3.
1323 851 1391 888 De
1407 852 1677 888 scholastico-

121 924 220 950 rum
241 912 724 949 exercitationibus.--lr
756 912 821 950 De
832 912 1013 958 somme
1030 922 1056 948 a
1079 911 1228 955 Cerda,
1247 916 1438 957 prorege.

113 998 151 1042 1.
217 1001 242 1047 ἢ
276 996 383 1041 Pax
418 996 532 1053 Xpi.
571 996 935 1054 [Diffunditur
966 996 1017 1040 in
1062 995 1384 1051 exponendis
1424 995 1684 1040 scribendi

52 1074 229 1119 causis
261 1088 394 1131 quae
432 1073 608 1118 onmia
647 1073 831 1118 delevit
868 1072 1132 1118 Polanczts
1169 1086 1388 1130 quornm
1423 1072 1527 1117 loco
1566 1073 1676 1117 titat-

51 1152 159 1196 lnm
190 1151 391 1207 posuit:
419 1150 680 1207 Quaedam
717 1166 779 1195 ex
802 1150 977 1195 litteris
1002 1150 1447 1207 quadrimestribus
1471 1149 1678 1206 panhor-

53 1228 225 1274 mitani
250 1228 461 1285 collegii,
489 1226 767 1284 Septembri
791 1242 960 1272 mense
994 1227 1105 1273 1557
1139 1226 1374 1284 scriptis]
1410 1226 1531 1272 Illud
1561 1242 1682 1283 prae

52 1305 235 1351 ceteris
269 1305 527 1350 dicendum
563 1304 798 1361 occurrit,
837 1304 966 1361 quod
1000 1319 1095 1349 non
1128 1305 1274 1350 modo
1308 1305 1435 1350 Rda.
1463 1304 1550 1349 Pa.
1578 1314 1680 1359 tua,

53 1383 138 1428 sed
167 1383 330 1440 (qnod
360 1382 535 1427 mains
568 1382 664 1439 est)
698 1383 905 1439 ipsemet
938 1382 1076 1428 Deus
1110 1398 1139 1427 a
1172 1382 1312 1427 nobis
1343 1381 1558 1439 quotidie
1582 1396 1682 1426 nou

54 1461 310 1516 postulare
354 1460 504 1505 modo
547 1460 642 1505 Sed
681 1464 702 1485 a
743 1459 1027 1516 efflagitare
1067 1460 1278 1512 uidetur,
1322 1476 1418 1516 quo
1458 1459 1684 1504 nimirum

56 1538 217 1583 studio
254 1538 298 1582 in
333 1537 506 1582 animis
543 1537 605 1582 ad
639 1553 813 1582 uerum
846 1546 1099 1593 pastorem
1134 1537 1430 1582 reducendis
1464 1547 1682 1582 utamur.

56 1615 167 1660 Hoc
206 1630 330 1670 ergo
370 1614 510 1670 scito,
553 1630 647 1659 non
684 1614 829 1659 modo
863 1614 926 1659 ad
960 1614 1225 1659 conciones
1261 1615 1432 1659 diebus
1465 1613 1603 1658 festis
1638 1613 1684 1658 in

57 1701 229 1737 nostro
253 1692 435 1748 templo
465 1692 661 1737 habitas
694 1692 875 1737 multos
910 1691 1180 1749 confluere,
1207 1692 1293 1737 sed
1329 1692 1389 1736 ad
1425 1691 1684 1736 lectionem

57 1785 250 1826 quoque
288 1769 348 1814 D.
387 1769 542 1821 Pauli,
581 1785 708 1826 quae
747 1769 953 1827 singulis
984 1770 1155 1815 diebus
1190 1769 1387 1814 ueneris
1422 1769 1615 1825 publice
1656 1783 1687 1813 (l

56 1851 229 1892 nostro
264 1847 622 1892 concionatore
657 1847 937 1903 exponitur,
976 1847 1140 1897 immo,
1178 1847 1272 1892 hoc
1307 1847 1456 1891 etiam
1489 1846 1685 1896 addam,

56 1939 316 1969 numerum
335 1939 524 1978 eorum,
545 1924 623 1980 qui
644 1924 803 1970 solent
820 1935 1045 1969 nostram
1064 1923 1385 1980 frequentare
1405 1924 1685 1972 ecclesiam.

58 2002 100 2046 in
128 2002 231 2047 dies
255 2002 481 2059 quotidie
504 2002 667 2059 magis
691 2002 884 2059 augeri.
909 2002 1019 2047 Non
1039 2002 1164 2046 enim
1192 2002 1367 2047 desunt
1391 2001 1580 2047 nobiles
1604 2001 1687 2046 ali-

52 2088 194 2141 quot,
221 2088 323 2124 tum
348 2079 441 2124 uiri
465 2089 569 2124 tum
591 2079 839 2135 mulieres,
867 2079 946 2136 qui
982 2095 1077 2124 non
1112 2078 1350 2124 mediocri
1375 2078 1523 2123 diuini
1548 2078 1690 2123 uerbi

58 2156 287 2202 audiendi
331 2156 577 2201 desiderio
623 2156 857 2212 flagrant,
901 2157 1059 2213 plebei
1104 2172 1298 2214 quoque
1343 2156 1692 2212 quamplurimi

59 2234 376 2279 conueniunt.
404 2233 578 2290 Neque
601 2233 694 2279 hoc
718 2235 875 2279 solum
902 2234 974 2291 (ut
998 2234 1195 2290 saepius
1229 2234 1441 2279 diximus
1466 2244 1513 2278 ct
1539 2233 1692 2278 literis

61 2310 470 2367 significavimus)
497 2311 541 2356 in
567 2320 740 2356 nostra
765 2312 1027 2357 dmztaxat
1060 2311 1111 2357 fit
1146 2312 1375 2365 ecclesia,
1403 2312 1488 2356 sed
1514 2312 1556 2356 in
1584 2311 1693 2356 aliis

60 2389 209 2434 etiam
245 2389 530 2434 monialium
566 2389 1061 2447 congregationibus,
1098 2406 1194 2446 quo
1230 2406 1293 2435 ex
1326 2390 1510 2435 nostris
1544 2390 1692 2445 aliqui

61 2481 413 2522 nonnunquam
439 2466 779 2512 confessiones
813 2467 1046 2516 audituri.
1075 2467 1341 2524 aliquando
1376 2466 1692 2511 concionatu-

61 2544 119 2599 ri,
147 2544 311 2589 multis
335 2545 564 2600 precibus
588 2545 817 2590 accersiti
853 2560 906 2589 se
941 2544 1220 2597 conferunt;
1249 2556 1294 2590 et
1321 2544 1449 2600 quod
1476 2560 1551 2588 me
1576 2559 1698 2599 prae

61 2621 275 2666 caeteris
298 2622 344 2666 in
369 2622 638 2667 maximam
666 2623 864 2667 adducit
889 2622 1286 2677 admirationem,
1315 2622 1391 2678 qui
1419 2622 1559 2666 liuius
1584 2622 1696 2666 ciui-

110 2785 128 2805 ἃ
195 2791 258 2814 ac.

33 2973 35 2977 ι
114 2923 122 2941 ¹
175 2920 237 2957 Ex
255 2921 444 2968 originali
464 2921 504 2958 in
523 2921 658 2959 codice
680 2922 761 2959 Sic.
785 2922 873 2963 181,
893 2922 916 2959 ‘2
934 2922 994 2964 ff..
1016 2935 1083 2958 nn.
1101 2922 1157 2960 4⁴2.
1176 2922 1222 2957 43
1236 2922 1376 2968 (prius,
1394 2921 1485 2967 186).
1504 2921 1608 2959 Sunt
1624 2923 1702 2960 duo

64 2982 144 3018 alia
164 2982 351 3028 exempla
369 2981 409 3017 in
428 2981 469 3018 ff.
491 2982 549 3025 44,
570 2983 627 3027 45;
650 2988 689 3019 et
709 2983 887 3025 tertium,
905 2990 992 3030 post
1009 2981 1176 3018 Polanci
1192 2982 1479 3023 correctiones,
1498 2982 1536 3018 in
1553 2982 1619 3019 fol.
1641 2983 1698 3019 46.

65 3041 279 3088 Castigata
299 3054 322 3077 a
340 3041 531 3087 Polanco,
552 3042 593 3078 in
619 3048 733 3078 textu
760 3043 908 3079 litteris
936 3042 1094 3082 italicis,
1126 3041 1261 3077 addita
1290 3054 1387 3078 vero
1415 3042 1464 3078 ab
1493 3043 1632 3078 eodem
1663 3044 1702 3079 in

66 3101 393 3137 annotationibus
407 3102 563 3138 damus.

174 3185 339 3212 LITTERAE
360 3185 658 3217 QUADRIMESTRES.
682 3186 770 3212 TOM.
796 3185 830 3213 V.
