2051 3516
370 278 440 317 960
835 285 1058 322 LITTERAE
1085 285 1389 332 QUADRIMESTR
1396 298 1439 325 ΕΞ

326 386 430 421 stra
474 379 602 424 scire
641 380 848 437 intersit,
889 390 937 427 te
970 381 1235 428 certiorem
1270 383 1465 429 faciam.
1508 383 1724 430 Primum
1762 385 1943 443 itaque,

326 453 451 508 quod
485 455 548 499 ad
572 456 903 502 valetudinem
927 458 1118 511 attinet,
1145 468 1404 516 postquam
1428 460 1713 516 superiores
1741 461 1804 506 ad
1826 470 1874 507 te
1896 461 1946 506 li-

325 536 460 574 teras
484 531 609 588 dedi,
647 547 818 578 omnes
851 533 956 579 fere
979 533 1025 578 in
1056 534 1148 579 hoc
1171 535 1382 591 collegio
1407 537 1660 581 commode
1684 537 1944 590 valuimus,

324 615 526 659 praeter
548 607 746 654 Patrem
769 609 1003 656 Iacobum
1027 611 1238 668 Bayros,
1266 612 1345 668 qui
1375 612 1536 658 subita
1569 624 1615 658 et
1647 613 1946 669 grauissima

324 680 451 726 febri
477 695 753 742 correptus,
785 685 979 732 infirma
1013 687 1294 733 valetudine
1328 697 1376 733 et
1413 688 1519 735 fere
1553 690 1832 746 periculosa
1863 690 1946 735 ali-

323 759 536 813 quandiu
570 761 659 806 fuit
693 762 969 820 impeditus.
1006 763 1115 809 Hoc
1153 773 1315 810 tamen
1354 774 1574 822 tempore
1613 782 1673 811 ea
1710 766 1947 812 liberatus

322 834 420 882 2³⁰¹
444 837 654 883 classem
680 839 982 897 moderatur,
1004 832 1081 886 cui
1101 841 1180 897 qui
1204 851 1352 887 antea
1375 852 1623 899 praeerat,
1651 843 1733 888 Pr.
1760 843 1946 888 Nonius

322 913 555 970 Aluarez,
582 915 627 959 in
652 914 943 961 febriculam
967 916 1132 963 incidit
1150 917 1503 973 aliquantulum
1524 920 1799 964 molestam.
1823 918 1945 964 Cae-

324 990 418 1035 teri
442 990 548 1036 fere
583 1007 753 1037 omnes
785 1008 978 1050 semper
1011 995 1135 1040 belle
1167 995 1460 1054 habuerunt,
1488 1012 1584 1041 vno
1615 1005 1824 1053 excepto
1848 996 1944 1041 fra-

322 1076 398 1112 tre
432 1067 511 1123 qui
545 1068 715 1124 paucis
754 1069 902 1114 etiam
942 1081 1055 1115 ante
1093 1071 1263 1116 diebus
1295 1071 1453 1117 minus
1487 1072 1742 1117 commode
1775 1073 1946 1117 valens

321 1144 717 1201 purgationibus,
754 1155 802 1191 et
841 1146 1147 1203 potissimum
1187 1148 1278 1194 Dei
1313 1147 1427 1204 Opt.
1465 1149 1599 1194 Max.
1637 1150 1835 1205 auxilio,
1871 1158 1944 1194 est

322 1220 555 1276 pristinae
580 1222 845 1268 valetudini
869 1224 1142 1270 restitutus.
1170 1224 1356 1271 Omnes
1379 1225 1544 1282 itaque
1577 1226 1623 1271 in
1659 1226 1944 1271 muneribus

319 1297 408 1342 sibi
433 1313 462 1342 a
480 1308 656 1344 sancta
680 1300 954 1346 obedientia
982 1302 1300 1359 praescriptis
1331 1305 1643 1358 exercentur,
1681 1314 1728 1347 et
1761 1302 1945 1348 fratres

320 1383 368 1419 et
392 1374 583 1421 Patres.
610 1375 704 1421 Hic
728 1376 852 1421 enim
879 1386 1069 1422 tantum
1093 1378 1157 1423 illi
1183 1387 1294 1424 sunt
1313 1378 1391 1436 qui
1410 1394 1491 1423 res
1516 1379 1815 1424 domesticas
1838 1394 1943 1435 pos-

319 1460 432 1496 sunt
455 1451 804 1498 administrare
823 1462 871 1498 et
888 1454 1044 1499 solitis
1063 1455 1503 1501 exercitationibus
1522 1455 1832 1512 satisfacere,
1854 1454 1943 1500 Pa-

318 1536 420 1572 tres
445 1527 523 1584 qui
547 1527 592 1572 in
617 1529 868 1574 audiendis
892 1530 1282 1576 confessionibus
1307 1541 1625 1588 occupentur,
1652 1541 1942 1588 praecepto-

319 1618 400 1649 res
423 1604 502 1660 qui
526 1605 712 1650 classes
735 1605 1070 1663 moderentur,
1098 1607 1178 1652 alii
1202 1607 1281 1663 qui
1315 1608 1585 1654 domestica
1624 1617 1812 1654 curent.
1849 1607 1942 1653 Re-

317 1681 466 1736 gulae
489 1690 590 1726 tam
615 1682 840 1738 priuatae
865 1698 1009 1739 quam
1033 1686 1310 1740 generales,
1338 1684 1550 1730 Domino
1573 1684 1790 1741 fauente,
1812 1701 1941 1731 com-

318 1758 460 1803 mode
483 1768 763 1804 seruantur.
791 1759 935 1816 Quod
959 1761 997 1806 si
1022 1761 1128 1818 quis
1151 1762 1214 1807 ab
1238 1762 1307 1807 eis
1331 1762 1594 1818 aliquando
1620 1763 1836 1815 aberret,
1860 1762 1942 1807 im-

317 1835 486 1890 positis
509 1835 819 1892 poenitentiis
843 1838 906 1882 ad
935 1853 1022 1883 eas
1055 1839 1285 1884 continuo
1325 1839 1570 1896 dirigitur.
1607 1839 1748 1885 Haec
1780 1850 1942 1885 tamen

317 1912 531 1957 omnium
557 1929 654 1958 vna
680 1915 855 1970 regula
879 1924 969 1971 est,
996 1931 1141 1973 quam
1167 1916 1252 1961 tibi
1277 1916 1378 1961 scio
1402 1932 1511 1962 esse
1534 1916 1858 1974 notissimam,
1889 1928 1937 1961 vt

319 2005 487 2035 omnes
532 1991 827 2047 praepositis
864 1992 933 2037 ita
977 2002 1185 2049 pareant
1224 2002 1271 2038 et
1310 1994 1665 2050 obsequantur,
1708 2003 1760 2039 vt
1800 1993 1939 2050 quasi

318 2187 481 2233 quidem
508 2187 614 2225 inter
640 2189 803 2235 collegii
830 2189 995 2227 incolas.
1021 2189 1105 2226 Imo
1130 2195 1190 2227 est
1209 2191 1289 2227 alia
1308 2192 1410 2227 ratio
1429 2203 1533 2238 quae
1553 2204 1624 2228 nos
1643 2191 1773 2238 magis
1792 2196 1939 2228 movet.

317 2246 362 2282 In
381 2248 568 2293 catalogo
588 2249 694 2285 enim
714 2249 877 2295 collegii
896 2249 1102 2286 eborensis
1122 2250 1221 2295 (cod.
1246 2251 1349 2287 Lus.
1373 2250 1439 2294 43,
1461 2251 1502 2287 ff.
1531 2251 1577 2288 96
1603 2252 1720 2298 sqq),
1750 2251 1818 2297 qui
1846 2251 1941 2287 lieet

321 2306 416 2342 anni
443 2308 650 2345 notatione
677 2313 828 2353 careat,
858 2321 907 2345 ex
933 2309 1071 2345 multis
1095 2309 1250 2345 indiciis
1274 2323 1380 2346 anno
1401 2310 1491 2346 1559
1508 2310 1680 2357 scriptus
1700 2310 1871 2356 videtur,
1892 2311 1940 2347 de

318 2365 362 2402 P.
386 2365 540 2403 Didaco
559 2366 724 2403 Bairros
744 2369 809 2414 qui
830 2367 935 2404 inter
953 2368 1116 2414 collegii
1135 2368 1288 2406 incolas
1306 2375 1508 2415 censetur,
1529 2370 1629 2406 haec
1648 2370 1754 2406 inter
1778 2369 1860 2406 alia
1886 2369 1939 2406 di-

315 2430 474 2462 cuntur:
498 2426 562 2463 «P.
584 2426 719 2472 Diego
735 2427 783 2463 de
803 2426 1013 2466 Bairros...
1034 2428 1085 2464 ha
1102 2428 1125 2464 8
1143 2432 1165 2464 ό
1179 2428 1201 2464 9
1217 2441 1347 2465 meses
1362 2441 1440 2475 que
1456 2442 1531 2476 oye
1546 2442 1658 2466 casos
1674 2429 1721 2465 de
1738 2429 1938 2465 conscien-

316 2484 391 2529 cia,
412 2498 437 2531 y
454 2485 707 2532 juntamente
726 2499 799 2522 con
820 2492 906 2523 esto
925 2499 1000 2534 oye
1028 2488 1066 2524 el
1094 2488 1258 2524 cursillo
1284 2500 1362 2534 que
1389 2500 1432 2525 se
1459 2489 1523 2525 lee
1555 2501 1605 2525 en
1635 2501 1795 2526 casa...»
1823 2488 1938 2533 Quae

318 2544 480 2591 quidem
499 2558 577 2581 non
592 2545 781 2582 videntur
799 2559 914 2593 posse
934 2547 1010 2584 dici
1029 2547 1062 2584 si
1089 2560 1228 2584 mense
1251 2547 1371 2594 Junio
1401 2548 1491 2584 1559
1517 2553 1690 2585 exeunte
1718 2548 1758 2584 in
1785 2547 1940 2594 olisipo-

316 2604 431 2640 nensi
458 2604 632 2650 collegio
660 2604 814 2642 fuisset.
844 2605 930 2642 Nec
957 2619 1028 2643 nos
1046 2606 1087 2642 in
1105 2607 1188 2642 ullo
1207 2608 1406 2653 catalogo,
1428 2620 1518 2643 cum
1537 2608 1684 2644 multos
1704 2607 1935 2652 viderimus,

317 2663 582 2709 collegiorum
598 2663 835 2701 Lusitaniae
852 2665 960 2702 illius
975 2666 1179 2712 temporis,
1200 2665 1323 2702 alium
1343 2666 1387 2703 P.
1410 2666 1609 2703 Didacum
1628 2666 1791 2703 Bairros
1810 2666 1938 2703 adhuc

316 2722 553 2768 reperimus.
575 2722 785 2760 Postremo
803 2724 903 2760 illud
922 2724 1044 2760 etiam
1064 2724 1235 2761 suadere
1251 2730 1381 2771 potest
1397 2726 1607 2772 epistolam
1623 2738 1727 2762 anno
1745 2725 1835 2761 1558
1849 2737 1937 2762 esse

315 2781 518 2828 scriptam,
535 2782 641 2828 quod
654 2782 695 2818 in
713 2783 970 2829 inscriptione
985 2795 1131 2820 nomen
1146 2783 1364 2830 praepositi
1382 2784 1588 2830 generalis
1603 2784 1823 2825 omittatur;
1843 2789 1937 2821 tunc

318 2840 425 2876 enim
444 2842 708 2888 congregatio
727 2842 777 2878 ad
795 2842 909 2879 illum
929 2842 1162 2889 eligendum
1181 2842 1422 2879 habebatur.
1449 2843 1511 2880 Ex
1529 2844 1610 2880 alia
1629 2849 1756 2890 parte,
1778 2843 1810 2880 si
1829 2843 1936 2891 poni-

316 2912 402 2936 mus
422 2900 632 2946 epistolam
652 2902 842 2947 scriptam
869 2914 974 2938 anno
1003 2901 1105 2947 1558,
1135 2902 1268 2938 omnia
1294 2914 1398 2948 quae
1425 2903 1466 2939 in
1492 2903 1564 2940 illa
1590 2907 1820 2947 narrantur,
1849 2903 1935 2939 sine

315 2959 432 3004 gravi
461 2959 546 2996 ulla
572 2959 808 2997 difficultate
834 2960 1010 3007 intelligi
1028 2966 1209 3007 possunt.
1235 2960 1329 2997 Ideo
1347 2961 1459 2998 illam
1480 2964 1517 2998 in
1537 2963 1611 2999 hac
1630 2962 1851 3010 appendice
1870 2962 1935 2998 da—

316 3028 416 3062 mus;
437 3030 485 3054 eo
503 3019 570 3055 vel
589 3019 720 3065 magis
738 3019 843 3066 quod
862 3019 1013 3056 nullam
1032 3020 1153 3056 aliam
1173 3019 1383 3066 epistolam
1410 3021 1747 3067 quadrimestrem
1772 3021 1934 3066 collegii

315 3076 593 3123 olisiponensis
611 3078 706 3115 anni
727 3078 817 3115 1558
835 3079 1019 3116 invenire
1037 3079 1252 3126 potuimus.
