2051 3516
339 310 408 347 334
800 309 1017 346 LITTERAE
1045 308 1399 354 QUADRIMESTRES

291 405 487 451 rosaria
520 409 775 450 testantur
806 405 1039 461 eandem,
1075 417 1206 460 qnae
1229 408 1245 428 ³
1277 402 1378 446 sine
1412 401 1600 456 pudore
1633 409 1832 456 gestant
1866 400 1928 445 in,v

293 480 517 526 manibus
543 480 689 538 (quod
725 481 847 526 alias
881 481 953 525 his
978 480 1022 524 in
1048 478 1284 535 partibus,
1314 486 1365 521 vt
1399 476 1677 533 plurimum,
1705 476 1912 521 ludibrio

292 556 539 614 habetur);
566 560 823 601 testantur
843 565 891 601 et
914 570 1087 611 preces
1107 567 1237 610 quas
1260 552 1323 596 ad
1347 552 1508 596 Deum
1527 566 1721 608 semper
1745 566 1913 597 omnes

292 632 501 678 fundunt
527 633 824 678 vnanimiter
858 632 1276 688 quotienscunque
1311 629 1434 683 illos,
1462 644 1524 673 ex
1549 644 1687 673 more
1710 638 1913 674 nostrae

293 710 482 767 domUS,
522 709 679 754 sacris
718 725 861 754 mane
900 709 1111 766 quotidie
1155 723 1184 752 a
1228 707 1387 763 prima
1426 705 1634 750 lectione
1673 705 1912 750 interesse

293 787 548 843 contingit.
592 784 723 830 Sane
757 786 803 830 in
837 785 1227 830 aedificationem
1267 782 1481 827 omnium
1517 782 1562 827 in
1598 782 1771 827 libellis
1805 797 1910 838 pre-

293 863 497 908 catoriis
522 871 667 907 orant
689 862 1046 917 modestissimi,
1074 861 1214 905 flexis
1247 859 1471 915 genibus,
1499 867 1806 914 reuerenter‚
1833 858 1910 902 de-

293 950 422 984 uote.
444 938 552 983 Non
578 938 745 983 dubito
770 938 880 994 quin
906 946 953 982 et
977 947 1207 993 parentes
1231 951 1347 980 suos
1367 935 1411 979 in
1432 935 1809 980 admirationem
1834 949 1910 979 ra-

292 1014 427 1071 piant
450 1014 549 1071 filii,
575 1014 686 1058 dum
710 1014 777 1059 ita
802 1024 1002 1069 praeter
1027 1014 1300 1069 opinionem
1327 1011 1371 1056 in
1398 1011 1593 1068 pictatis
1616 1011 1775 1056 studio
1800 1026 1910 1066 pro-

292 1091 474 1136 ficiunt.
501 1090 610 1135 Hoc
635 1091 729 1135 iam
754 1091 1028 1135 comuniter
1061 1091 1195 1134 ciues
1229 1088 1457 1144 sentiunt,
1483 1092 1537 1132 vt
1557 1088 1595 1132 si
1622 1088 1772 1132 velint
1796 1102 1910 1132 suos

292 1166 416 1212 filios
440 1167 515 1223 pie
539 1182 599 1211 ac
622 1166 840 1211 modeste
865 1166 1082 1221 educari,
1111 1165 1289 1210 nostris
1323 1164 1502 1208 scholis
1536 1163 1910 1208 committendos

295 1259 418 1289 esse.
447 1243 661 1298 Quidam
687 1247 934 1299 parentes
956 1243 975 1269 ¹³
1001 1243 1199 1298 cupiunt
1233 1257 1346 1286 suos
1371 1248 1385 1267 C
1408 1241 1623 1285 animum
1658 1240 1909 1296 applicare

293 1321 356 1365 ad
386 1329 585 1365 nostrae
620 1317 884 1364 Societatis
917 1320 1206 1374 institutum,
1233 1319 1279 1362 δι’
1301 1317 1319 1343 ‘¹
1343 1333 1500 1362 annos
1532 1317 1713 1362 maturi
1747 1316 1910 1362 iudicii

294 1393 566 1452 attigerint.
591 1395 802 1450 Quidam
827 1395 972 1439 etiam
998 1394 1079 1439 filii
1103 1394 1318 1439 sentiunt
1342 1394 1532 1438 animos
1556 1409 1671 1438 suos
1697 1393 1907 1438 inclina-

292 1476 369 1517 tos
391 1479 409 1499 Β
431 1472 493 1516 ad
518 1471 782 1516 Societatis
815 1471 934 1530 Jesv
970 1470 1342 1527 professionem,
1370 1480 1417 1514 et
1441 1481 1574 1514 certe
1610 1478 1774 1514 essent
1806 1470 1909 1514 sine

294 1563 436 1592 mora
470 1548 631 1603 parati
665 1547 918 1592 nobiscum
953 1547 1138 1601 viuere,
1166 1546 1205 1591 si
1236 1556 1321 1591 aut
1354 1547 1524 1591 vitrici
1558 1547 1710 1591 saeui
1737 1545 1747 1572 f
1780 1547 1909 1590 bono

293 1624 544 1680 proposito
571 1616 817 1667 remoram
852 1639 947 1667 non
982 1623 1251 1674 iniicerent,
1280 1631 1365 1667 aut
1395 1623 1603 1667 aliorum
1634 1623 1908 1667 amicorum

293 1699 694 1744 comminationes
728 1699 840 1743 viae
875 1697 1086 1754 Spiritus
1116 1698 1285 1743 Sancti
1310 1698 1499 1743 obicem
1524 1714 1619 1743 non
1651 1710 1905 1755 ponerent.

291 1776 366 1821 Ita
388 1776 438 1820 fit
462 1775 681 1831 proinde,
710 1784 761 1819 vt
786 1776 921 1819 multi
957 1791 1049 1819 non
1085 1775 1181 1819 alia
1217 1776 1475 1820 obstacula
1506 1775 1734 1831 sentiant,
1762 1790 1907 1830 quam

293 1853 421 1908 quod
454 1852 614 1896 adhuc
647 1852 741 1896 sint
779 1853 870 1896 sub
905 1852 1008 1896 iure
1044 1861 1322 1907 parentum,
1360 1862 1443 1895 aut
1478 1853 1632 1896 tutela
1670 1856 1906 1907 patrono-

292 1942 408 1973 rum
426 1935 459 1972 g.
486 1927 687 1972 Interim
722 1928 995 1972 huiusmodi
1032 1928 1190 1973 bonae
1226 1928 1418 1972 animae
1454 1943 1549 1972 non
1583 1938 1778 1973 cessant
1813 1928 1907 1973 fre

291 2004 516 2061 quentius
540 2020 685 2060 quam
710 2005 789 2049 alii
815 2004 1056 2060 (quamuis
1093 2004 1173 2048 alii
1209 2005 1405 2049 statutis
1429 2004 1733 2060 temporibus
1758 2003 1900 2049 confi-

291 2081 506 2137 teantur)
532 2090 738 2136 peccata
772 2096 861 2125 sua
895 2080 1132 2134 confiteri,
1160 2080 1388 2136 accipere
1427 2096 1624 2125 sacram
1659 2081 1903 2137 synaxim,

293 2166 503 2202 mentem
528 2157 589 2201 ad
613 2157 772 2201 Deum
799 2157 1028 2213 dirigere.

354 2234 421 2280 12.
487 2233 539 2278 In
563 2234 894 2290 praedicando
915 2235 1173 2290 euangelio
1198 2250 1366 2279 omnes
1385 2250 1522 2278 more
1541 2243 1778 2279 consueto
1802 2250 1907 2290 per-

293 2311 471 2366 gimus:
496 2325 640 2366 spero
664 2311 709 2355 id
734 2326 826 2354 non
847 2310 949 2355 sine
973 2310 1276 2368 fructufie‘l'z'
1304 2310 1338 2355 ᾗ.
1366 2310 1600 2355 Fratrum
1625 2319 1908 2355 nostrorum

292 2402 525 2432 numerus
565 2387 656 2432 hoc
694 2388 722 2431 4
759 2388 993 2431 mensium
1034 2396 1257 2443 tempore
1297 2398 1471 2432 auctus
1510 2397 1584 2432 est
1623 2386 1908 2432 accessione

293 2461 439 2508 trium
473 2464 633 2509 bonae
667 2464 769 2520 spei
803 2463 1186 2519 adolescentum,
1224 2464 1464 2509 Michaele
1496 2464 1680 2517 sclauo‚
1716 2463 1908 2522 Joanne

294 2540 519 2596 Baptista
563 2540 696 2597 italo,
740 2540 939 2584 Matheo
982 2539 1214 2585 Stiborio.
1257 2540 1401 2585 Hunc
1444 2541 1658 2597 tertium,
1705 2549 1908 2596 propter

294 2625 458 2661 certas
483 2617 719 2672 quasdam
746 2616 964 2661 rationes
990 2616 1035 2660 in
1060 2618 1254 2661 domum
1290 2632 1349 2662 ac
1383 2618 1662 2662 conuictum
1686 2626 1908 2662 nostrum

294 2707 390 2736 non
425 2693 725 2748 admisimus,
758 2693 817 2737 de
851 2708 946 2748 quo
981 2709 1164 2749 magna
1198 2702 1464 2749 expectare
1499 2709 1773 2750 possumus,
1799 2685 1923 2750 pro-7

295 2777 404 2823 pter
427 2769 643 2824 insignes
666 2779 767 2814 tam
791 2769 938 2814 animi
963 2779 1010 2814 et
1035 2769 1277 2826 corporis,
1309 2785 1450 2825 quam
1474 2770 1716 2815 naturalis
1739 2770 1907 2815 facun-

295 2844 403 2889 diae
427 2845 581 2899 dotes,
610 2846 784 2900 quibus
808 2846 971 2890 multis
1006 2847 1166 2906 longe
1187 2846 1382 2901 lateque
1418 2847 1685 2901 praelucet.
1714 2846 1821 2891 Deo
1846 2846 1907 2891 sit

339 3027 357 3048 ἃ
390 3021 481 3057 iam.
541 3022 600 3047 -ῠ
634 3022 767 3058 etiam.
815 3030 875 3049 vc
908 3022 1056 3059 liberos
1070 3023 1175 3059 add.
1198 3023 1291 3059 Pol.
1348 3022 1411 3049 —d
1443 3035 1545 3061 cum.
1592 3031 1655 3051 -e
1675 3036 1925 3070 propensos„

294 3079 350 3106 —f
391 3080 457 3126 qui
478 3092 615 3116 eorum
637 3093 773 3116 curam
793 3087 953 3127 gerunt.
1007 3089 1071 3116 -g
1097 3081 1281 3118 aliorum.
1336 3081 1399 3108 -h
1432 3080 1529 3118 fore.
