2051 3516
348 295 419 332 214
813 295 1031 331 LITTERAE
1059 295 1410 340 QUADfflMEsrRES

306 390 444 435 metsi
470 406 644 447 parum
670 390 803 435 hisce
837 391 939 435 4012
970 389 1215 434 mensibus
1250 387 1428 443 elapsis
1462 387 1507 431 in
1543 387 1690 432 vinea
1724 387 1939 450 Domini

305 466 618 522 profecerim,
661 466 983 520 nihilominus,
1022 474 1074 509 vt
1108 463 1417 509 obedientiae
1452 463 1775 519 satisfaciam,
1814 464 1918 509 bre-

304 542 501 587 uissime
525 542 638 598 quid
673 551 836 587 actum
862 542 883 562 a
906 542 973 586 sit
994 542 1074 586 lais
1108 540 1368 585 mensibus
1402 539 1751 595 perstringam.
1779 539 1923 584 Sciat

304 632 427 676 ergo
472 619 535 663 R.
587 621 629 664 V.
673 633 782 663 cum
816 619 968 663 solitis
1003 632 1194 672 semper
1229 615 1478 660 exercitiis
1513 615 1834 660 confessionis
1873 626 1920 660 et

305 694 684 751 praedicationis
708 694 883 738 fuerim
908 694 1112 743 deditus,
1151 692 1296 737 etiam
1333 691 1505 736 diebus
1538 691 1734 737 veneris
1757 691 1919 737 lectio-

303 786 412 816 nem
448 770 704 817 doctrinae
738 771 933 815 xianae.
970 770 1377 826 lzaudqnaqnmn
1411 767 1430 794 b
1453 768 1746 823 pretermisi.
1779 767 1922 813 Unde

297 847 502 903 factum
527 847 759 903 estquod
778 853 793 873 C
820 847 900 900 illi,
939 846 1017 902 qui
1051 861 1226 901 parum
1262 853 1409 889 antea
1443 844 1502 889 de
1536 845 1775 901 religione
1798 844 1920 889 chri-

303 923 463 968 stiana
488 932 828 979 perceperant,
858 922 1030 967 melius
1054 921 1071 948 ‘¹
1107 921 1453 976 intelligerent3
1491 929 1638 977 atque
1674 922 1736 965 ob
1770 921 1863 966 hoc
1904 928 1920 947 ὃ

300 998 629 1043 feruentiores
652 999 697 1043 in
723 999 814 1043 Dei
841 999 1042 1043 seruitio
1077 1013 1186 1042 sese
1220 997 1523 1042 exhiberent.
1561 996 1662 1041 Imo
1704 1012 1919 1053 euange-

302 1074 415 1118 lium
440 1090 694 1131 graecum,
721 1083 774 1118 vt
798 1074 1014 1130 petitioni
1050 1074 1404 1118 monachorum
1438 1071 1799 1130 satisfacerem,
1836 1089 1916 1130 po-

301 1151 414 1205 pulo
450 1150 558 1194 huic
592 1149 698 1194 rudi
734 1165 1000 1206 exponens,
1037 1150 1209 1194 melius
1244 1149 1301 1193 de
1335 1148 1592 1194 sacrificiis
1615 1161 1919 1204 graecorum

300 1227 481 1271 sentire
505 1236 786 1282 coeperunt.
816 1226 980 1270 Antea
1004 1226 1148 1281 enim,
1176 1234 1229 1270 vt
1262 1226 1374 1270 mihi
1409 1235 1583 1281 postea
1618 1226 1912 1283 retulerunt,

299 1301 479 1346 friuola
503 1312 550 1346 et
575 1318 705 1347 vana
729 1318 853 1358 quae
878 1318 1176 1358 graecorum
1196 1311 1355 1359 erant,
1378 1302 1743 1348 existimabant.
1767 1302 1916 1348 Modo

300 1393 420 1423 vero
439 1393 549 1423 cum
575 1379 698 1423 idem
730 1378 1042 1435 sacrificium,
1070 1378 1338 1435 eademque
1373 1378 1591 1424 misteria
1625 1394 1916 1435 repraesen-

298 1454 395 1498 tari
419 1464 740 1510 cognoscunt,
768 1459 815 1499 et
838 1455 1173 1511 diligentiores
1197 1455 1259 1499 ad
1284 1455 1446 1500 diuina
1470 1455 1728 1512 magisque
1753 1455 1919 1501 deuoti

299 1539 410 1574 sunt
434 1529 613 1575 effecti.
643 1531 812 1586 Quare
838 1540 884 1575 et
910 1531 954 1574 in
989 1532 1171 1587 templo
1211 1531 1590 1588 frequentiores,
1629 1541 1676 1577 et
1710 1532 1773 1577 ad
1807 1548 1912 1577 ver-

299 1606 413 1651 bum
439 1606 529 1651 Dei
555 1607 800 1651 auidiores
831 1607 1156 1652 inueniuntur.
1195 1607 1268 1653 Ita
1304 1617 1356 1652 vt
1391 1624 1483 1653 non
1519 1617 1709 1653 tantum
1745 1609 1917 1654 diebus

299 1681 550 1727 dominicis
590 1693 637 1728 et
676 1683 829 1736 festis,
868 1685 919 1728 in
956 1684 1214 1729 audiendo
1246 1699 1457 1730 sacram
1491 1689 1539 1729 et
1569 1685 1780 1730 verbum
1815 1686 1918 1731 Dez·

298 1759 502 1803 assidui
520 1759 638 1815 sint,
664 1760 749 1803 sed
773 1769 820 1804 et
843 1760 1020 1804 diebus
1042 1760 1290 1817 profestis,
1317 1762 1355 1805 si
1381 1761 1577 1816 quando
1597 1777 1671 1806 me
1691 1762 1910 1807 celebra-

297 1843 477 1887 turum,
516 1843 600 1878 aut
637 1836 838 1880 verbum
875 1836 1085 1892 aliquod
1115 1836 1407 1882 de'ctzmmzf
1438 1836 1728 1894 percipiant,
1756 1838 1912 1882 etiam

294 1915 511 1966 propter
547 1918 566 1944 g
604 1926 841 1966 agrorum
886 1912 1133 1957 culturam
1175 1913 1321 1968 (quae
1361 1913 1438 1959 isti
1479 1914 1735 1971 exercent)
1769 1915 1918 1959 lwud

294 1986 525 2040 faciliter
546 1987 563 2012 n
584 2002 636 2032 se
669 1988 978 2033 subtrahant.

356 2062 396 2106 2.
466 2061 813 2108 Confessiones
856 2065 1067 2119 plurium
1112 2065 1259 2110 etiam
1304 2070 1670 2112 artrcmeorum
1724 2066 1731 2093 ¹
1781 2067 1915 2112 hisce

296 2138 545 2183 mensibus
568 2139 749 2196 audiui3
777 2140 903 2185 inter
928 2157 1048 2196 quos
1073 2142 1219 2198 aliqui
1245 2158 1427 2198 magno
1453 2154 1772 2199 peccatorum
1799 2159 1912 2199 pon-

294 2213 411 2258 dere
434 2215 633 2270 grauati
658 2216 798 2260 citius
823 2232 874 2261 se
899 2233 993 2261 non
1020 2233 1127 2262 esse
1152 2218 1415 2263 mundatos
1439 2218 1771 2277 affirmabant,
1799 2220 1912 2276 quia

294 2289 368 2334 cui
408 2305 459 2334 se
498 2299 604 2335 tuto
638 2292 968 2349 ostenderent,
1007 2310 1100 2337 non
1137 2293 1466 2340 inueniebant.
1503 2294 1611 2340 Sed
1641 2296 1763 2352 quia
1797 2309 1913 2340 cum

293 2365 504 2410 verbum
536 2366 638 2411 Dee·
670 2382 701 2411 (z
736 2382 814 2412 me
848 2369 1229 2427 intellexi-issent,
1266 2370 1412 2415 Dens
1445 2371 1651 2416 illorum
1685 2385 1770 2416 cor
1794 2377 1911 2428 ape-

293 2447 485 2498 ruerat,
528 2443 683 2488 etiam
721 2458 775 2488 se
813 2445 941 2489 szfazz'lm'
977 2447 1242 2490 ostendere
1279 2447 1566 2492 volnermzt.
1613 2447 1747 2492 Inter
1790 2463 1911 2503 quos

293 2518 487 2573 quidam
510 2534 561 2563 se
586 2534 615 2563 a
639 2519 812 2576 viginti
837 2520 974 2565 annis
1000 2537 1095 2565 non
1121 2538 1228 2567 esse
1252 2523 1535 2568 confessum
1571 2524 1764 2579 publice
1799 2539 1908 2580 pro-

294 2593 419 2638 fiteri
443 2610 536 2639 non
564 2597 1021 2641 verecundabatur.

383 2669 572 2726 [Aliam
597 2673 977 2718 conversz'onenz
1010 2674 1314 2732 subjungit]

350 2746 392 2790 3.
459 2746 629 2791 Plures
653 2748 799 2793 etiam
825 2749 903 2804 qui
926 2749 1024 2794 sz‘ln·
1046 2754 1199 2795 antea
1212 2751 1441 2808 fuerant
1463 2753 1661 2797 inimici
1689 2752 1713 2809 1',
1740 2768 1908 2797 recon-

340 2885 359 2903 a
408 2886 501 2931 quid
526 2886 576 2921 sit
602 2892 747 2924 actum.
800 2887 867 2916 —b
910 2901 1002 2924 non.
1068 2896 1127 2915 —C
1172 2890 1209 2925 id
1233 2897 1491 2927 consecutum
1518 2897 1590 2933 est,
1618 2897 1672 2929 vt.
1726 2892 1790 2919 —d
1829 2904 1909 2929 me-

289 2943 370 2981 lius
389 2956 492 2989 quae
513 2950 729 2991 oporteret.
780 2954 843 2973 —e
887 2947 993 2983 Hoc.
1014 2958 1051 2983 v.
1070 2953 1207 2994 snpra
1226 2960 1334 2985 vers.
1358 2950 1509 2986 eadem
1529 2960 1669 2987 mann
1685 2951 1905 2988 additum.

293 3000 349 3027 -f
398 3002 477 3038 Dei
496 3004 801 3049 explicaturum.
853 3014 918 3041 —g
962 3007 1040 3042 sint
1059 3008 1220 3050 assidui,
1254 3009 1451 3054 quamuis.
1504 3010 1570 3036 —h
1614 3023 1692 3046 non
1722 3010 1807 3046 sine
1838 3010 1908 3047 ali-

292 3072 369 3106 quo
387 3062 646 3099 incommodo
700 3064 753 3090 —i
807 3072 1080 3102 externorum.
1139 3065 1194 3100 -J'
1243 3068 1472 3104 inimicitias
1491 3074 1770 3105 exercuerant.
