2051 3516
343 298 413 334 330
803 297 1024 334 LITTERAE
1051 297 1407 343 QUADfflMEs'rREs

296 402 516 438 nostrum
554 394 800 448 templum,
836 393 964 449 quod
999 393 1142 437 amici
1177 392 1455 446 singulares
1494 390 1700 435 subinde
1739 405 1917 435 ornant

297 469 611 518 munusculis,
642 479 690 513 vt
725 469 919 525 tapetis,
947 467 1307 524 corporalibus,
1347 465 1520 522 pannis
1553 465 1807 521 preciosis,
1831 470 1918 521 pe*

299 546 465 590 czmz'is
489 555 537 590 et
561 546 842 601 strophiolis
867 546 1042 590 afabre
1067 543 1325 590 contextis.

357 622 399 668 2.
465 621 792 667 Serenissima
816 622 1050 667 Boemiae
1087 621 1261 677 regina
1288 621 1295 644 ¹
1323 627 1526 675 praeter
1560 627 1787 662 caeteros
1812 617 1917 662 fau-

297 707 432 744 tores
456 698 694 754 singulari
729 713 817 743 nos
851 713 1021 743 amore
1055 706 1203 753 atque
1238 695 1420 740 auxilio
1456 695 1788 751 prosequitur,
1815 694 1918 739 mit-

297 784 406 820 tens
439 775 701 831 aliquando
726 774 788 819 ad
813 790 902 819 nos
925 789 985 819 ac
1010 788 1252 830 quaerens
1276 772 1450 829 quibus
1474 771 1799 827 indigeamus.
1827 770 1917 816 Pa-

297 861 459 897 ratam
494 867 602 896 sese
635 851 786 896 offert
819 866 1109 907 quacunque
1144 850 1189 894 in
1224 865 1278 894 re
1313 848 1466 905 possit
1499 848 1638 893 nobis
1667 848 1919 904 suppetias

299 928 502 972 ferendi
524 935 558 972 ³.

355 1004 397 1049 3.
466 1004 698 1049 Eiusdem
723 1004 870 1049 animi
894 1019 1003 1049 esse
1027 1002 1313 1058 experimur
1338 1017 1510 1058 regem
1530 1001 1916 1046 Ferdinandum.

299 1079 392 1124 Hic
416 1091 649 1136 tanquam
675 1080 886 1135 optimus
921 1079 1073 1124 nostri
1109 1078 1302 1134 collegii
1338 1088 1577 1134 patronus
1600 1093 1660 1122 ac
1683 1087 1841 1133 pater,
1868 1078 1920 1123 in

298 1157 473 1201 causis
496 1158 685 1201 nostris
707 1156 804 1200 sihi
822 1156 1178 1215 proponendis
1202 1155 1408 1199 libenter
1432 1169 1521 1199 nos
1545 1155 1608 1198 ad
1627 1154 1921 1210 colloquium

298 1233 509 1277 admittit
539 1233 804 1289 priuatum,
831 1232 1067 1277 auxilium
1102 1247 1242 1276 suum
1277 1231 1418 1276 nobis
1452 1231 1688 1276 beneuole
1722 1231 1919 1286 promit-

297 1309 370 1365 tit,
396 1309 493 1353 imo
517 1310 578 1353 ad
602 1309 765 1353 omnia
800 1308 951 1364 petita
975 1309 1243 1352 clementer
1267 1307 1450 1363 annuit,
1478 1307 1543 1352 ita
1568 1307 1704 1364 qnod
1723 1306 1742 1333 b
1769 1307 1815 1352 in
1839 1307 1920 1352 illo

298 1386 412 1430 nihil
437 1385 737 1430 difficultatis
760 1393 774 1412 ς
809 1385 1142 1441 experiamur:
1176 1385 1262 1429 sed
1286 1400 1397 1429 cum
1423 1384 1478 1429 iis
1502 1384 1582 1440 qui
1605 1384 1769 1429 munia
1794 1384 1919 1429 dele-

298 1470 418 1518 gata
452 1462 679 1518 subeunt,
706 1463 904 1507 labores
939 1462 1202 1517 aliquando
1236 1461 1366 1505 haud
1396 1461 1604 1517 exiguos
1628 1460 1763 1505 ferre
1787 1460 1919 1516 cogi·
1982 1514 1984 1516 Ι

299 1553 424 1582 mur.
454 1538 698 1582 Proximis
722 1538 794 1582 his
820 1538 990 1583 diebus
1024 1553 1133 1582 cum
1164 1538 1222 1582 R.
1262 1537 1343 1582 Pr.
1382 1537 1606 1582 dominus
1639 1537 1856 1596 Joannes
1891 1553 1919 1582 a

300 1613 531 1659 Victoria
557 1625 603 1658 et
635 1629 730 1670 ego
766 1614 898 1658 illum
933 1615 1314 1658 accessissemus
1349 1623 1551 1669 propter
1585 1614 1738 1658 multa
1772 1607 1931 1669 nego-¹

300 1690 394 1746 cia,
423 1705 549 1746 quae
582 1689 759 1745 partim
796 1690 856 1734 ad
894 1690 1245 1745 rempublicam
1282 1690 1619 1743 christianam,
1645 1689 1823 1746 partim
1857 1689 1920 1734 ad

299 1766 561 1822 collegium
596 1775 818 1810 nostrum
858 1776 1103 1822 spectant,
1146 1766 1351 1811 miratus
1391 1771 1461 1811 est
1500 1766 1762 1821 plurimum
1802 1766 1920 1822 opti-

299 1858 406 1887 mus
442 1859 530 1887 rex
563 1843 677 1887 nihil
711 1842 945 1887 effectum
979 1858 1087 1887 esse
1122 1843 1167 1887 in
1203 1843 1310 1896 illis,
1339 1858 1464 1898 quae
1488 1858 1637 1887 sacra
1661 1858 1750 1888 sua
1775 1842 1920 1888 maie-

299 1927 401 1962 stas
426 1919 523 1962 iam
546 1918 734 1974 pridem
761 1919 980 1974 expediri
1006 1919 1134 1963 serio
1160 1919 1502 1964 mandauerat.
1526 1918 1779 1975 Quantum
1798 1934 1921 1975 ergo

299 1994 361 2038 ad
386 1995 542 2050 ipsam
566 1995 759 2051 regiam
783 1995 1090 2040 maiestatem
1114 1995 1303 2048 attinet,
1331 1995 1479 2040 fateri
1504 2011 1765 2051 possumus
1789 1995 1922 2040 illam

301 2070 344 2113 in
366 2070 590 2115 omnibus
610 2086 718 2115 esse
744 2070 1194 2115 clemzentl'ssl'nmm
1214 2071 1357 2116 nobis
1381 2070 1413 2115 d1
1442 2071 1497 2115 id
1517 2071 1588 2116 ita
1608 2085 1717 2116 esse
1734 2071 1808 2115 his
1827 2070 1922 2116 die-

301 2146 389 2190 bus
415 2147 609 2202 elapsis,
638 2147 839 2202 experti
869 2160 1074 2201 snmus:
1098 2161 1220 2191 nam
1252 2154 1268 2173 Ε
1299 2163 1393 2203 quo
1428 2148 1614 2203 aliquot
1646 2162 1800 2192 annos
1823 2162 1921 2191 mo—

300 2223 461 2266 lestati
496 2221 691 2278 fuimus,
720 2222 950 2267 liberauit
982 2238 1068 2267 nos
1104 2237 1135 2267 a
1169 2223 1353 2268 tributo
1389 2237 1578 2277 (mmm,
1607 2223 1734 2280 quod
1757 2239 1921 2268 mona-

299 2300 502 2343 sterium
542 2307 766 2343 nostrum
806 2309 1009 2355 propter
1044 2309 1312 2355 prouentus
1352 2316 1557 2355 annuos,
1586 2316 1707 2357 quos
1745 2316 1834 2345 nos
1872 2304 1924 2345 vt

300 2375 422 2419 hene
437 2391 685 2431 nunquam
704 2376 1025 2431 possedimus,
1042 2377 1329 2431 persoluere
1348 2378 1610 2422 tenebatur
1627 2378 1657 2422 ².
1675 2377 1787 2434 Qua
1803 2377 1849 2421 in
1868 2392 1922 2422 re

302 2467 537 2508 magnum
561 2467 681 2496 sane
706 2453 1087 2497 emolumentum
1110 2453 1322 2509 collegio
1350 2454 1600 2498 viennensi
1640 2454 1851 2499 accessit
1882 2452 1920 2498 f.

349 2654 366 2674 a
398 2648 517 2685 ferre.
570 2648 637 2675 ——b
671 2654 724 2684 vt.
784 2656 839 2675 -WC
875 2649 1305 2686 x'llai1]1⁴e(1(1⁷d.P0l.
1352 2649 1416 2676 -d
1451 2650 1561 2686 nobis
1577 2650 1920 2696 benignissimam.

306 2713 364 2732 me
400 2720 421 2741 a
441 2707 600 2744 tributo,
656 2707 712 2734 —f
756 2708 809 2743 In
831 2718 968 2753 marg.
991 2708 1095 2744 add.
1118 2708 1213 2744 Pol.
1234 2708 1282 2743 ad
1303 2708 1595 2745 extructionem
1621 2711 1741 2745 etiam
1768 2709 1924 2745 schola-

302 2777 387 2800 rum
408 2766 511 2810 quod
532 2767 824 2812 expetebamus
842 2767 1059 2802 constituit.

352 2952 359 2969 ¹
416 2950 545 2986 Maria
565 2952 779 2995 austriaca,
804 2952 1070 2988 Maximiliani
1089 2964 1200 2988 uxor.

350 3007 363 3026 ²
414 3007 539 3044 Sociis
561 3009 844 3046 viennensibus
870 3010 1091 3046 tradiderat
1118 3022 1190 3046 rex
1217 3010 1498 3046 Ferdinandus
1526 3011 1814 3047 monasterium
1840 3023 1924 3048 car-

304 3067 600 3107 melitanorum,
622 3067 706 3104 fere
727 3069 945 3106 desertum.
967 3067 1029 3105 Cf.
1052 3068 1297 3111 POLANCUM,
1323 3069 1489 3113 Chiron„
1511 3069 1565 3111 V,
1587 3069 1670 3107 233.
