2051 3516
336 265 405 301 208
803 265 1021 302 Li'ri‘Ei-mE
1048 266 1403 311 QUADRIMESTRES

288 359 533 405 senatoris
558 359 699 413 filius,
734 360 816 405 sed
854 360 1098 416 corruptis
1134 359 1385 415 praeditus
1418 358 1654 414 moribus,
1690 367 1744 403 ut
1777 357 1903 414 patri

287 451 380 481 non
407 451 522 480 raro
548 435 759 492 ingentis
785 436 1015 482 tristitiae
1041 451 1193 481 causa
1217 442 1363 479 esset.
1401 432 1498 478 Sed
1532 433 1669 479 Deus
1703 449 1813 478 cum
1847 449 1905 478 eo

288 512 404 557 fecit
428 512 835 565 misericordiam,
863 523 909 557 et
934 513 1063 557 intra
1087 512 1190 556 dies
1214 525 1400 566 paucos
1423 510 1489 555 ita
1509 510 1733 566 mutauit,
1755 519 1806 555 ut
1824 525 1904 566 pa-

288 598 362 634 ter
387 589 704 634 mutationem
730 590 873 634 istam
898 590 1135 634 dexterae
1169 587 1367 633 Excelsi
1401 587 1723 644 conspiciens,
1760 587 1904 643 pluri-

288 681 416 711 mum
452 666 663 710 doluerit
697 667 823 721 quod
858 682 950 710 non
992 665 1228 710 maturius
1268 663 1416 708 filium
1456 663 1637 707 nostris
1677 663 1906 709 Patribus

289 742 635 787 instituendum
665 742 963 794 tradidisset,
993 746 1317 797 paratusque
1336 740 1511 797 fuerit
1538 739 1660 795 plus
1693 739 1907 784 caeteris

287 805 382 875 7³70
406 820 517 864 eius
541 819 677 863 nictu
702 832 992 863 mtmel‘at‘e.

346 897 388 941 ζ).
457 895 543 940 Est
568 896 680 940 item
708 895 972 961 discipulus
996 895 1119 938 alius
1144 892 1384 943 undecim,
1412 902 1464 937 ut
1488 902 1621 947 puto,
1644 907 1902 937 annorum:

290 972 364 1017 hic
388 981 594 1016 matrem
622 963 986 1027 quidemhabet
1011 970 1322 1021 catholicam,
1350 978 1543 1024 patrem
1575 983 1695 1013 uero
1730 977 1778 1013 et
1810 968 1906 1013 fra-

289 1058 390 1094 tres
414 1048 707 1093 haereticos:
732 1048 833 1103 ipse
858 1060 1022 1092 autem
1046 1057 1145 1092 tam
1172 1048 1328 1091 bonus
1352 1055 1441 1102 est,
1468 1055 1521 1090 ut
1545 1045 1906 1101 decimoquinto

290 1141 481 1181 quoque
506 1125 581 1169 die
606 1134 925 1180 peccatorum
953 1124 1323 1180 exomologesin
1347 1122 1516 1177 faciat,
1544 1123 1783 1167 coronula
1803 1133 1906 1167 uta-

289 1211 383 1254 tur,
411 1217 679 1257 coramque
704 1201 999 1257 imaginibus
1025 1200 1205 1245 Christi
1227 1210 1273 1244 et
1293 1208 1577 1244 sanctorum
1601 1214 1773 1254 preces
1792 1214 1908 1244 suas

291 1278 480 1333 recitet;
507 1278 592 1322 sed
617 1278 706 1322 hoc
735 1293 828 1322 non
854 1277 1130 1322 uidentibus
1155 1276 1450 1331 domesticis,
1484 1291 1543 1320 ne
1577 1275 1706 1320 forte
1740 1276 1804 1320 ab
1838 1275 1907 1320 eis

292 1364 600 1411 rumpantur,
629 1370 783 1411 quare
808 1364 855 1399 et
880 1354 1105 1398 oratione
1130 1355 1373 1409 absoluta,
1401 1353 1565 1398 statim
1591 1353 1828 1398 recondit.

348 1432 390 1476 7.
458 1431 697 1475 Parentes
721 1431 937 1475 nonnulli
961 1440 1091 1475 totos
1115 1431 1217 1475 dies
1239 1445 1354 1474 suos
1378 1429 1501 1474 filios
1531 1429 1658 1485 apud
1693 1444 1782 1474 nos
1808 1445 1907 1474 ma-

291 1523 408 1552 nere
433 1516 685 1563 exoptant,
713 1507 918 1562 prandio
943 1517 1151 1562 excepto
1176 1516 1324 1562 atque
1354 1521 1525 1551 coena.
1564 1505 1909 1551 Commisimus

293 1584 443 1640 igitur
467 1600 551 1629 eos
576 1584 705 1640 (sunt
729 1594 893 1629 autem
919 1599 1124 1628 numero
1150 1583 1253 1628 fere
1272 1582 1465 1639 uiginti)
1485 1582 1676 1627 duobus
1695 1597 1907 1638 magnae

294 1661 394 1716 spei
419 1660 830 1710 adolescentibus,
870 1660 949 1715 qui
984 1660 1132 1715 longo
1166 1669 1404 1715 tempore,
1442 1670 1492 1703 ut
1526 1659 1570 1703 in
1606 1658 1908 1704 Societatem

292 1737 685 1789 admitterentur,
716 1747 976 1793 rogarunt.
1017 1736 1209 1781 Curant
1242 1737 1319 1781 isti
1354 1737 1523 1781 sedulo
1557 1752 1616 1781 ne
1651 1736 1761 1793 quid
1796 1737 1911 1781 mali

223 1843 228 1848 -
292 1815 429 1870 pueri
455 1815 732 1870 admittant,
760 1814 1116 1871 diligenterque
1148 1814 1383 1859 lectiones
1418 1823 1659 1870 repetant.
1696 1813 1805 1858 Hoc
1829 1829 1910 1869 pa-

293 1900 373 1936 cto
414 1906 681 1947 puerorum
721 1900 1078 1946 parentumque
1113 1891 1301 1935 animos
1335 1890 1473 1935 nobis
1507 1889 1825 1945 deuincimus,
1863 1900 1911 1934 et

292 1968 378 2012 hos
403 1967 743 2012 adolescentes
767 1967 870 2012 sine
904 1976 1074 2012 nostro
1107 1976 1301 2023 sumptu
1336 1967 1397 2012 ad
1432 1965 1737 2012 Societatem
1771 1982 1909 2022 prae-

294 2060 543 2100 paramus.
581 2044 627 2089 A
660 2044 799 2090 nobis
834 2044 959 2089 enim
1001 2045 1294 2100 cubiculum,
1338 2045 1533 2090 aliunde
1573 2060 1694 2089 uero
1733 2045 1912 2089 uictum

292 2121 396 2166 fere
420 2122 617 2166 habent:
645 2121 851 2166 subsunt
874 2130 1036 2166 tamen
1061 2122 1217 2177 nobis,
1245 2136 1306 2166 ac
1335 2121 1373 2165 si
1399 2120 1582 2166 fratres
1617 2130 1794 2176 essent,
1822 2136 1912 2165 nec

293 2198 552 2254 quicquam
577 2198 679 2243 sine
705 2197 907 2242 Patrum
932 2199 1171 2253 permissu
1195 2198 1397 2243 faciunt.

348 2278 391 2319 8.
458 2275 521 2319 M.
551 2274 849 2319 Franciscus
875 2277 885 2298 ¹
913 2275 1083 2319 diebus
1107 2276 1179 2319 his
1204 2275 1580 2330 disputationem
1616 2291 1704 2331 pro
1738 2290 1905 2319 secun-

291 2351 352 2395 do
378 2351 655 2407 theologico
681 2351 841 2407 gradu
867 2351 924 2394 de
951 2351 1262 2407 indulgentiis
1288 2351 1509 2406 instituit,
1537 2352 1599 2396 ad
1634 2366 1777 2408 quam
1813 2352 1911 2407 plu-

296 2443 374 2472 res
409 2428 552 2472 solito
587 2437 942 2471 conuenerunt.
981 2428 1209 2472 Nonnulli
1246 2429 1398 2472 multa
1432 2438 1796 2484 proposuerunt
1830 2428 1911 2473 du-

295 2504 390 2555 bia,
429 2504 567 2559 quasi
602 2504 641 2549 is
676 2513 821 2557 esset,
862 2520 889 2548 a
931 2520 1025 2559 quo
1065 2520 1235 2549 eorum
1276 2505 1513 2550 sumenda
1553 2514 1684 2550 esset
1717 2505 1910 2561 solutio,

295 2581 590 2636 praesertim
614 2596 734 2625 uero
768 2580 814 2625 id
848 2580 1073 2625 fecerunt
1107 2582 1428 2627 concionator
1461 2582 1634 2627 summi
1668 2581 1833 2638 templi
1867 2591 1915 2641 et

296 2657 549 2712 professor
573 2657 855 2714 theologiae
880 2658 1009 2713 apud
1029 2658 1327 2702 carmelitas
1355 2657 1636 2714 Disputatio
1657 2658 1785 2702 ultra
1804 2673 1913 2703 con-

298 2744 488 2777 suetum
513 2745 703 2790 tempus
722 2733 782 2779 ad
803 2734 1015 2779 medium
1037 2735 1354 2780 duodecimae
1378 2744 1451 2780 est
1469 2744 1743 2791 protracta,
1766 2735 1913 2780 omni-

298 2810 714 2872 busque'abunde
754 2810 1080 2855 satisfactum.
1123 2809 1356 2855 Genesim
1391 2812 1620 2865 absoluit,
1658 2812 1913 2868 epistolam

302 2885 360 2929 D.
389 2885 555 2930 Iacobi
580 2901 708 2931 nunc
730 2886 1102 2942 interpretatur.

347 3052 353 3068 ¹
410 3049 610 3095 Magister
629 3049 870 3087 Franciscus
891 3050 1097 3088 Costerus.
