2051 3516
380 313 450 349 350
852 312 902 350 L1
912 324 1070 349 r‘rERAE
1097 313 1448 357 QUADRIMESTRES

335 406 515 451 eadem
540 407 808 452 charitalis
832 411 879 451 et
896 406 1109 463 pietatis
1131 405 1308 462 officia
1331 404 1516 448 vinctis
1533 408 1825 460 praestant,
1861 404 1969 448 eis—-

334 497 429 539 qne
455 483 651 540 (insonte
674 483 895 539 publico)
930 484 978 527 si
1009 488 1139 538 opus
1172 485 1260 533 est,
1299 494 1491 536 czqncznz
1525 484 1751 535 portant.
1789 479 1954 535 Atque

334 559 483 604 etiam
517 574 865 615 nonnunquam
900 575 983 604 eos
1021 558 1249 613 inuisunt,
1288 556 1366 612 qui
1402 556 1681 611 elephantia
1715 555 1953 600 afflictan-

333 643 429 691 tur,
471 650 741 690 eorumque
780 646 987 690 peccata
1027 634 1245 679 audiunt:
1289 647 1410 688 quos
1445 643 1493 676 et
1526 633 1825 677 consolando
1858 647 1963 677 nonv

333 711 647 756 mediocriter
672 711 733 755 ad
758 711 1039 766 patientiam
1064 709 1377 764 confirmant,
1405 718 1453 753 et
1483 708 1789 753 cohortando
1823 723 1953 753 men-

332 795 406 831 tes
441 787 656 843 ipsorum
690 787 751 831 ad
786 787 1111 831 certissimam
1147 800 1283 840 spem
1318 783 1701 828 immortalitatis
1736 784 1952 840 erigunt.

332 863 410 908 Ex
434 879 528 919 quo
554 863 604 908 fit
630 873 680 907 vt
703 879 812 908 cum
837 863 949 908 nihil
981 863 1109 919 quod
1144 862 1205 906 ad
1240 861 1461 905 homines
1494 861 1736 905 iuuandos
1770 861 1953 905 animo-

331 955 537 996 rumque
561 941 770 984 salutem
794 949 999 995 spectet,
1028 955 1056 983 a
1081 938 1262 983 nostris
1293 937 1735 994 praetermittatur,
1767 938 1954 982 nullum

331 1017 394 1060 ab
412 1016 683 1060 huiusmodi
704 1015 1110 1071 occupationibus
1131 1013 1483 1062 honestissimis
1502 1013 1708 1069 Deoque
1732 1014 1952 1069 gratissi-

331 1093 421 1137 mis
454 1104 645 1148 tempus
679 1108 890 1137 vacuum
914 1093 990 1136 sit.
1024 1091 1113 1136 His
1139 1100 1304 1135 autem
1338 1089 1384 1134 in
1409 1090 1620 1146 negotiis
1655 1105 1765 1136 cum
1800 1090 1956 1136 multa

330 1168 436 1213 fere
479 1168 655 1213 cotidie
700 1184 882 1223 magna
916 1179 964 1213 et
996 1183 1125 1212 noua
1159 1166 1359 1211 euenire
1393 1163 1601 1223 soleant,
1638 1177 1802 1211 tamen
1837 1167 1951 1223 quia

332 1245 493 1289 onmia
518 1245 766 1301 sigillatim
791 1245 1103 1300 perscribere
1128 1259 1222 1288 non
1248 1258 1523 1299 possumus,
1556 1258 1615 1288 ea
1649 1243 1824 1288 iudicio
1847 1254 1958 1300 tuo,x

332 1321 603 1366 cuiusmodi
628 1322 737 1375 sint,
765 1321 1073 1366 aestimanda
1098 1320 1431 1377 relinquimus.

391 1398 430 1444 8.
495 1398 574 1442 Ad
610 1398 871 1442 conciones
906 1413 1043 1453 vero,
1081 1413 1207 1452 quae
1242 1397 1299 1441 de
1339 1396 1565 1441 doctrina
1604 1396 1872 1441 christiana
1905 1397 1952 1441 in

330 1476 509 1530 templo
535 1484 719 1529 nostro,
747 1475 869 1519 'nora
894 1484 1003 1530 post
1032 1473 1283 1518 meridiem
1319 1482 1515 1528 quarta,
1552 1473 1813 1527 habentur,
1852 1489 1949 1517 ma-

330 1566 430 1607 gna
481 1551 701 1595 virorum
752 1566 811 1595 ac
855 1551 1111 1595 mulierum
1156 1550 1435 1606 frequentia
1480 1549 1722 1603 conuenit,
1770 1564 1953 1605 easque
2014 1600 2017 1604 ⁵

330 1627 478 1672 etiam
514 1627 776 1683 diligenter
811 1627 1012 1671 audiunt
1047 1626 1075 1671 ii
1110 1641 1218 1670 cum
1254 1626 1495 1681 singulari
1530 1626 1803 1671 animorum
1843 1641 1952 1671 suo-

329 1719 437 1747 rum
462 1703 625 1748 fructu
662 1714 707 1748 et
731 1704 957 1760 militate,
997 1704 1074 1759 qui
1109 1703 1154 1747 in
1188 1714 1359 1747 nostro
1395 1703 1605 1759 collegio
1640 1703 1946 1747 erudiuntur.

329 1780 430 1824 His
463 1794 585 1837 ergo
620 1780 842 1824 breuiter
874 1781 1077 1835 notatis,
1116 1780 1264 1823 venio
1300 1779 1371 1823 (nl
1402 1793 1462 1823 ecc
1497 1793 1628 1835 qnae
1662 1780 1836 1835 magis
1869 1779 1950 1823 do-

330 1857 542 1900 <messim
567 1860 615 1900 et
637 1857 885 1900 interiora
908 1860 1044 1900 sunt.

388 1932 429 1977 9.
499 1931 683 1977 Omnes
708 1945 872 1977 autem
899 1933 1029 1976 domi
1054 1948 1105 1977 se
1130 1942 1331 1977 strenue
1365 1933 1409 1976 in
1446 1947 1534 1976 suo
1561 1931 1764 1987 quisque
1788 1947 1953 1977 mune-

330 2023 384 2052 re
410 2019 661 2060 exercent,
700 2010 997 2064 regulasque
1032 2021 1228 2053 nostras
1262 2009 1535 2053 obseruare
1571 2023 1715 2064 quam
1751 2007 1950 2064 diligen-

330 2085 514 2130 tissime
539 2085 839 2142 adnituntur3
867 2099 1023 2142 coque
1048 2086 1221 2142 magis
1252 2085 1388 2142 qnod
1417 2086 1597 2141 siqua
1632 2085 1952 2141 negligentia

332 2162 413 2205 vel
434 2162 653 2206 nn'nl'nnz
683 2162 957 2206 commissa
988 2166 1075 2217 est,
1104 2162 1232 2206 nillil
1259 2162 1480 2206 l'nnlllnn
1514 2161 1734 2218 relinqui
1763 2161 1949 2206 vident.

330 2237 398 2282 Et
420 2238 663 2295 qnannn's
687 2239 758 2282 ita
781 2239 861 2294 sit,
898 2243 1070 2282 {canen
1105 2254 1199 2282 non
1235 2250 1334 2282 tam
1373 2254 1561 2294 poenae
1595 2238 1772 2282 timore
1807 2253 1950 2294 quam

332 2313 649 2370 professionis
674 2329 792 2358 suae
817 2330 988 2358 amore
1013 2315 1308 2358 incitantur.

393 2390 459 2435 10.
526 2390 755 2434 Nonnulli
781 2406 901 2434 vero
931 2391 1024 2434 hac
1059 2401 1249 2434 aestate
1283 2390 1508 2446 grauiter
1532 2399 1875 2446 aegrotarunt,
1904 2390 1949 2434 in

332 2467 504 2522 quibus
538 2466 627 2510 fuit
661 2466 902 2522 magister
936 2466 1159 2522 Ignatius
1184 2468 1214 2520 ¹,
1243 2466 1320 2521 qui
1356 2466 1713 2521 philosophiam
1737 2481 1948 2521 expone-

331 2545 428 2588 bat.
475 2544 669 2588 Verum
713 2559 881 2588 omnes
924 2545 1300 2597 conualuerunt‚
1349 2560 1444 2588 vno
1495 2554 1661 2588 tamen
1706 2543 1947 2599 magistro

330 2620 521 2675 ,ignatio
548 2630 772 2675 excepto,
800 2619 879 2675 qui
903 2619 1115 2663 nondum
1141 2620 1283 2674 plane
1308 2635 1332 2663 e
1362 2621 1535 2664 morbo
1559 2629 1633 2664 est
1668 2628 1942 2683 recreatus.

329 2694 498 2750 Quare
523 2696 646 2739 alius
670 2696 862 2740 interim
886 2694 1045 2739 frater
1070 2696 1113 2739 in
1140 2697 1299 2740 locum
1326 2695 1450 2740 illius
1475 2695 1728 2751 successit,
1767 2695 1846 2750 qui
1882 2694 1947 2739 di-

331 2771 528 2825 scipulis
553 2787 743 2827 quoque
768 2771 912 2815 valde
936 2772 1114 2826 placet.

393 2847 458 2890 ll.
522 2846 712 2902 Reliqui
738 2856 902 2892 autem
927 2847 1153 2903 magistri
1178 2848 1350 2891 eadem
1376 2856 1423 2891 et
1447 2847 1698 2903 diligentia
1728 2855 1776 2891 et
1811 2846 1947 2891 disci-

330 2923 557 2978 pulorum
592 2923 950 2978 appr‹1›batione
984 2939 1044 2968 ac
1076 2924 1419 2968 beneuolentia
1454 2939 1626 2968 munus
1660 2939 1800 2968 suum
1835 2938 1950 2968 exe-

377 3100 387 3117 ¹
441 3097 498 3134 M.
521 3098 700 3144 Ignatius
720 3098 920 3135 Martincz
941 3098 1158 3141 (Martius).
1182 3098 1288 3134 Vide
1309 3110 1442 3144 supra,
1464 3110 1557 3144 pag.
1579 3097 1660 3135 323.
