2051 3516
370 295 440 332 666
858 295 1075 332 LITTERAE
1102 295 1455 340 QUADRIMESTRES

321 392 536 447 prebuit.
566 391 673 435 Non
700 390 766 435 ita
790 391 942 435 multo
967 399 1076 446 post
1100 391 1273 435 eodem
1299 390 1459 435 adhuc
1482 406 1628 446 anno,
1655 400 1940 437 senatorum

322 468 512 513 animos
536 468 597 512 ad
622 467 714 512 hoc
738 468 996 523 permonit,
1026 476 1129 512 uta
1162 482 1214 512 se
1249 476 1469 512 erectum
1503 468 1767 524 collegium
1803 459 1942 514 nobis

321 540 589 585 traderent.
627 538 678 582 In
714 554 809 595 quo
843 539 910 583 ita
944 547 1226 583 nostrorum
1261 539 1457 583 labores
1492 540 1804 595 prosperauit
1827 542 1862 595 a,
1889 549 1940 584 ut

321 617 449 661 intra
473 632 654 661 annum
679 616 776 672 illa,
804 616 1030 672 quamuis
1054 616 1218 671 ampla
1252 615 1439 671 domus,
1477 615 1714 661 fratribus
1748 625 1795 661 et
1829 632 1941 662 con-

321 693 592 739 uictoribus
616 692 917 749 impleretur.

378 770 420 815 3.
488 769 628 814 Nunc
652 769 817 827 itaque
842 770 968 814 idem
994 769 1073 814 ille
1099 769 1250 825 Deus,
1277 768 1355 825 qui
1380 785 1464 814 eos
1488 770 1550 814 ad
1575 770 1834 825 collegium
1859 787 1939 815 no-

320 848 392 893 bis
430 848 644 892 dandum
685 846 946 903 permouit‚
988 846 1190 902 impellit
1229 861 1423 902 quoque
1462 847 1524 891 ad
1563 846 1709 892 aliam
1744 847 1938 892 domum

319 933 485 980 aptam
529 924 791 968 admodum
831 922 1042 978 collegio
1081 922 1492 978 coniungendam.
1534 922 1593 967 In
1637 937 1793 980 quam
1832 938 1939 969 rem

317 1006 425 1047 tam
460 1001 610 1046 multi
638 1005 938 1046 senatorum
975 1004 1098 1044 smzt
1128 1000 1396 1056 propensi,
1438 1004 1494 1045 ut
1525 1001 1678 1057 qnasi
1714 1002 1941 1058 amplius

318 1092 418 1123 non
453 1077 737 1134 ambigam,
773 1077 895 1134 quin
930 1076 1075 1121 breui
1092 1076 1346 1133 futurum
1378 1076 1458 1121 sit.
1496 1075 1593 1121 Sed
1628 1086 1829 1133 repente
1862 1078 1937 1123 hic

316 1154 431 1200 nihil
455 1154 560 1199 fieri
584 1164 760 1210 potest,
787 1162 1052 1210 propterea
1076 1153 1204 1209 quod
1228 1169 1324 1198 non
1347 1153 1425 1198 hic
1449 1169 1574 1198 unus
1604 1153 1779 1210 aliquis
1812 1155 1939 1210 prin-

316 1247 431 1288 ceps
456 1240 529 1276 est
547 1231 618 1287 (ut
641 1230 775 1287 alibi)
795 1246 823 1275 a
848 1246 942 1287 quo
968 1230 1129 1274 omnia
1149 1229 1474 1287 dependeant;
1502 1230 1587 1275 sed
1611 1231 1747 1276 multi
1772 1232 1936 1276 admo-

316 1309 447 1365 dum,
474 1308 601 1352 inter
624 1322 746 1363 quos
769 1306 914 1352 facile
939 1306 1086 1363 aliqui
1111 1306 1190 1363 qui
1215 1306 1558 1363 aduersentur‚
1593 1308 1799 1364 reperiri
1831 1324 1936 1365 pos-

316 1394 441 1431 sunt.
469 1385 729 1430 Discemus
753 1384 903 1440 igitur
927 1384 1003 1428 hic
1028 1399 1123 1440 qua
1148 1383 1339 1428 ratione
1374 1383 1419 1428 in
1455 1383 1790 1440 imperialibus
1824 1386 1935 1431 ciui-

315 1462 500 1508 tatibus
534 1461 745 1518 collegia
779 1460 1017 1517 erigenda
1052 1469 1178 1515 sunt,
1216 1475 1311 1516 quo
1344 1469 1455 1516 post
1488 1469 1625 1506 tanto
1658 1461 1851 1507 facilius
1891 1463 1936 1507 in

313 1539 645 1585 consimilibus
678 1538 881 1584 urbibus
914 1546 1228 1582 extruantur.
1265 1537 1375 1582 Non
1409 1538 1486 1582 hic
1519 1537 1762 1594 dependet
1795 1555 1873 1584 res
1908 1555 1937 1585 a

313 1616 452 1672 duce,
480 1615 730 1672 episcopo,
757 1630 878 1670 rege
902 1623 987 1659 aut
1020 1614 1341 1670 imperatore;
1379 1614 1463 1659 sed
1498 1630 1526 1659 a
1560 1615 1755 1671 populo,
1792 1631 1935 1672 quem
1990 1646 1992 1649 ·

313 1694 403 1739 nisi
423 1694 558 1750 prius
577 1692 740 1738 multis
760 1692 980 1750 egregiis
998 1692 1144 1737 factis
1162 1691 1303 1737 nobis
1322 1691 1655 1749 conciliemus,
1677 1708 1772 1737 non
1793 1693 1935 1738 uideo

314 1771 427 1828 quid
451 1770 660 1816 obtineri
684 1770 851 1826 possit.
879 1769 1096 1815 Crassus
1120 1778 1209 1825 est,
1237 1785 1411 1815 crassa
1434 1769 1646 1826 placent:
1680 1770 1805 1816 uisui
1836 1787 1933 1816 ma-

312 1850 388 1906 gis
422 1864 568 1905 quam
599 1848 786 1893 auditui
810 1847 981 1903 credit;
1009 1863 1103 1892 non
1129 1846 1319 1903 quidem
1347 1847 1518 1892 deesse
1542 1847 1680 1892 nobis
1704 1848 1821 1901 uult,
1849 1849 1933 1893 sed

312 1926 409 1971 cito
433 1925 664 1971 credulus
688 1940 796 1970 esse
819 1940 915 1969 non
940 1925 1059 1981 uult;
1087 1923 1370 1969 necessaria
1394 1923 1545 1981 dabit,
1573 1924 1657 1969 sed
1676 1940 1764 1981 per
1783 1924 1930 1980 uices,

312 2019 423 2059 non,
450 2012 501 2047 ut
525 2011 752 2059 apparet,
781 2017 876 2046 uno
901 2017 1045 2046 anno.
1074 2000 1245 2057 Quare
1270 2001 1505 2057 patientia
1529 2016 1651 2057 opus
1670 2010 1743 2046 est
1762 2010 1810 2046 et
1833 2002 1932 2046 lon-

310 2079 617 2136 ganimitate.
646 2077 749 2123 Sua
773 2078 897 2123 enim
923 2077 1165 2134 quaedam
1192 2078 1340 2123 rebus
1364 2078 1587 2123 omnibus
1611 2087 1685 2123 est
1707 2078 1929 2133 infantia,

310 2172 436 2214 quae
461 2165 645 2213 quanto
671 2155 900 2200 meliores
930 2164 1057 2207 sunt,
1091 2163 1228 2200 tanto
1263 2155 1551 2200 lentioribus
1586 2164 1834 2212 augentur
1869 2156 1933 2200 in·

309 2233 588 2289 crementiS,
610 2243 657 2278 et
680 2241 848 2277 tantae
873 2232 1011 2277 molis
1032 2240 1141 2277 erat
1162 2247 1419 2277 romanam
1439 2231 1654 2277 condere
1673 2241 1871 2288 gentem
1898 2235 1927 2277 ¹.

310 2311 381 2356 Vt
400 2310 560 2355 Roma
584 2310 629 2355 in
655 2310 814 2365 Italia,
841 2310 910 2355 sic
934 2308 1190 2354 Coloniam
1215 2309 1261 2354 in
1285 2307 1559 2354 Germania
1582 2308 1800 2354 futuram
1826 2325 1929 2366 spe-

310 2403 381 2432 ro.
410 2387 519 2432 Hoc
543 2387 669 2432 enim
693 2386 890 2432 foelicia
913 2385 1006 2431 ista
1030 2386 1353 2442 praesagiunt
1377 2386 1612 2442 auspicia.

365 2466 407 2509 4.
475 2464 714 2509 Redditus
739 2463 852 2508 nulli
877 2472 1004 2519 sunt,
1032 2474 1079 2507 et
1102 2462 1259 2519 pascit
1282 2462 1361 2508 hic
1384 2462 1599 2519 quotidie
1623 2462 1760 2508 Deus
1789 2479 1928 2508 sexa-

306 2542 460 2597 ginta,
488 2550 535 2586 et
560 2541 752 2597 quidem
776 2540 843 2586 ita
869 2550 919 2585 vt
943 2539 1058 2584 nihil
1081 2540 1278 2584 omnino
1303 2540 1432 2585 aeris
1457 2539 1602 2584 alieni
1626 2540 1786 2585 adhuc
1816 2556 1927 2585 con-

307 2627 522 2663 tractum
563 2618 638 2663 sit.
678 2617 944 2674 Coepimus
983 2618 1026 2662 in
1067 2617 1245 2662 scholis
1283 2617 1455 2673 tribus;
1492 2616 1843 2673 progredimur
1881 2617 1927 2661 in

306 2696 547 2741 classibus
571 2710 675 2740 sex.
704 2695 855 2748 Deus,
883 2694 960 2751 qui
986 2710 1076 2739 sua
1098 2694 1319 2739 bonitate
1343 2703 1391 2739 et
1424 2693 1641 2750 potentia
1675 2693 1842 2739 effecit
1876 2704 1927 2739 ut

350 2873 369 2891 ²²
419 2874 513 2910 Hoc
531 2885 569 2910 v.
591 2874 872 2911 desideratur
888 2877 933 2912 in
953 2875 1204 2921 apographo
1224 2876 1471 2918 coloniensi,
1494 2880 1574 2921 pro
1599 2885 1681 2921 quo
1707 2875 1927 2920 supplevit

291 2938 585 2971 ‚successerunt
603 2933 792 2976 HANSEN‚
815 2935 1078 2971 Rlzeim'sche
1095 2934 1293 2991 Aleten-....
1314 2934 1395 2971 301.

353 3095 359 3113 ¹
416 3094 654 3140 VIRGILIUS,
676 3096 870 3139 Amaci„
892 3096 920 3140 I,
941 3096 999 3133 33.
