2051 3516
512 266 822 302 ils-Pmusns
850 266 870 301 4
898 266 1142 301 DECEMBRIS
1171 265 1260 300 1:337
1583 264 1653 300 449

68 362 233 413 addat;
262 362 341 417 qui
365 361 403 406 si
430 377 551 417 quos
576 361 620 405 in
647 361 750 405 vita
773 361 986 405 maxime
1017 361 1308 415 tranquillos
1331 361 1586 415 dimiscrit,
1613 376 1699 405 eos

68 439 112 484 in
138 449 365 484 extremo
389 438 562 494 spiritu
589 438 655 482 ita
689 438 899 482 munitus
924 437 1142 491 inuadat,
1170 449 1222 482 vt
1256 454 1427 483 corum
1453 438 1700 483 mentibus

68 515 333 560 maximam
360 515 622 569 caliginem
642 514 884 565 offundat,
912 514 1003 558 Dei
1035 514 1367 569 cognitionem
1396 516 1596 571 eiusque
1622 531 1697 560 sa-

66 602 435 637 cramentorum
480 592 942 647 consequendorum
986 606 1208 634 amorem
1254 607 1447 636 omnem
1496 592 1696 636 adimat.

66 668 259 734 Verum
287 679 337 712 vt
364 668 539 712 nemini
566 668 719 720 Deus,
742 667 1004 724 presertim
1026 667 1092 712 ita
1114 667 1376 721 laboranti,
1400 668 1572 712 deesse
1595 679 1696 724 pot-

65 754 155 793 est.
178 760 272 789 non
297 744 422 789 adeo
448 760 603 800 Vsque
628 745 703 789 vis
729 744 854 789 illius
878 753 1052 800 potens
1076 753 1150 788 est
1175 744 1286 799 quin
1315 744 1504 799 piorum
1540 745 1695 800 preci-

64 823 155 866 bus
187 821 397 874 retundi,
425 821 469 865 in
497 821 744 877 ipsiusque
779 822 1015 865 maiorem
1053 820 1319 876 perniciem
1359 830 1407 865 et
1442 821 1691 866 miseriam

65 899 305 949 conuerti,
348 908 495 954 atque
535 898 602 942 ita
643 897 887 943 foeliciter
922 898 1173 953 egrotanti
1213 898 1483 942 succedere
1524 898 1692 953 possit.

64 976 196 1021 ldem
220 975 367 1020 etiam
393 985 466 1020 est
491 975 945 1031 promouendorum
970 974 1033 1019 ad
1058 974 1294 1030 pietatem
1313 975 1564 1019 hominum
1587 975 1694 1020 reli-

63 1069 272 1109 quorum
308 1053 538 1104 studium,
577 1052 954 1109 perseuerantia
988 1051 1163 1096 eadem
1197 1051 1453 1096 audiendis
1487 1052 1695 1096 diuersis

63 1131 107 1175 in
134 1130 253 1176 locis
288 1129 693 1179 confessionibus;
722 1137 1066 1174 verumtamen
1104 1138 1155 1172 vt
1190 1128 1445 1173 dominicis
1479 1144 1539 1173 ac
1573 1130 1694 1174 sole-

63 1208 253 1252 mnibus
273 1207 445 1251 diebus
465 1206 676 1251 adeundi
702 1206 763 1250 D.
786 1204 1024 1251 Germani
1050 1205 1200 1250 aedes
1224 1205 1420 1250 solitum
1446 1221 1695 1261 nunquam

62 1285 448 1329 intermittamus
473 1299 663 1328 morem
689 1285 717 1327 1.
756 1283 809 1327 In
840 1283 1016 1339 quibus
1039 1282 1146 1338 pari
1181 1281 1438 1339 diligentia
1463 1292 1695 1327 externo-

62 1378 171 1407 rum
196 1361 309 1406 illuc
334 1360 671 1405 aduentatium
697 1360 1029 1405 conscientiae
1062 1359 1398 1415 excutiuntur,
1438 1368 1548 1415 post
1572 1376 1696 1404 vero

62 1455 261 1484 sacrum
287 1439 543 1483 nobiscum
568 1438 633 1483 illi
658 1438 851 1494 quidem
877 1438 939 1482 ad
973 1453 1171 1482 sacram
1208 1437 1433 1493 synaxim
1469 1452 1694 1482 accessu-

61 1516 116 1562 ri.
153 1517 319 1573 Atque
359 1516 449 1561 hec
493 1531 620 1572 quae
659 1531 688 1559 a
728 1514 879 1560 Patre
922 1524 1094 1559 nostro
1140 1523 1443 1559 exercentur
1487 1514 1697 1559 dicenda

60 1594 275 1639 fuerunt.

120 1671 161 1716 2.
228 1671 305 1716 De
330 1671 470 1715 nobis
497 1685 618 1715 vero
650 1670 881 1726 quoniam
914 1670 1129 1714 nondum
1164 1669 1255 1714 iste
1289 1678 1401 1713 sunt
1435 1669 1697 1725 impositae

60 1759 230 1805 partes
255 1750 459 1805 (magna
484 1748 721 1805 siquidem
747 1748 907 1793 adhuc
932 1763 1040 1793 cum
1066 1748 1314 1798 libertate,
1337 1746 1510 1791 alienis
1529 1756 1697 1792 tamen

61 1826 323 1878 beneficiis,
342 1827 620 1871 litterarum
636 1825 797 1870 studia
815 1825 1139 1882 capessimus)
1152 1826 1294 1881 plura
1311 1823 1505 1869 referre
1520 1825 1696 1869 habeo.

62 1903 277 1960 Quidam
308 1904 534 1949 nimirum
565 1914 789 1947 nostrum
825 1902 1047 1959 publicas
1081 1902 1170 1947 sibi
1207 1901 1444 1947 lectiones
1477 1918 1697 1958 sumpse-

61 1993 189 2029 runt.
216 1981 295 2038 qui
321 1992 501 2026 exacta
521 1982 833 2037 decursaque
858 1980 1143 2026 Aristotelis
1168 1980 1495 2037 philosophia,
1533 1995 1585 2025 se
1619 1996 1695 2025 sa-

61 2059 163 2104 cius
189 2058 471 2114 theologiae
496 2058 744 2114 mysteriis
769 2058 1069 2103 excolendos
1094 2067 1141 2102 et
1167 2057 1458 2102 imbuendos
1482 2058 1694 2103 tradide-

61 2152 131 2181 re.
170 2135 372 2181 Caeteri
397 2135 771 2181 humanioribus
798 2135 958 2180 adhuc
991 2135 1166 2180 litteris
1201 2150 1406 2191 operam
1431 2144 1691 2189 nauantes‚

60 2214 240 2269 partim
271 2213 558 2258 Aristotelis
597 2213 823 2258 doctrina
858 2213 1182 2264 instruuntur,
1220 2213 1400 2268 partim
1437 2211 1697 2257 Ciceronis

60 2291 295 2336 facundia
319 2290 673 2347 perpoliuntur.
702 2290 845 2347 Quae
869 2290 939 2335 sic
974 2299 1301 2346 exequuntur,
1331 2299 1382 2335 vt
1416 2289 1695 2335 obedientie

61 2378 227 2413 tamen
250 2368 334 2413 illa
358 2368 550 2424 quidem
575 2368 739 2413 omnia
763 2367 957 2421 cedant,
985 2383 1046 2412 ac
1071 2368 1174 2413 eius
1200 2367 1518 2424 praestande‚
1546 2376 1694 2423 prout

60 2446 234 2502 cuique
258 2445 538 2502 impositum
562 2454 652 2499 est,
676 2444 930 2501 potissima
949 2444 1194 2490 habeatur
1217 2444 1360 2489 ratio.
1382 2444 1420 2487 A
1432 2452 1546 2499 tque
1566 2443 1690 2488 haec

60 2522 173 2568 dum
204 2522 340 2579 fiunt,
367 2521 804 2568 exercitationibus
838 2522 901 2566 ad
938 2521 1091 2566 vitam
1127 2521 1358 2577 religiose
1394 2535 1688 2576 componen-

62 2601 173 2646 dam
210 2615 398 2656 nosque
436 2609 568 2644 totos
607 2599 916 2644 obedientiae
957 2598 1285 2644 subiiciendos
1325 2608 1373 2642 et
1407 2597 1469 2642 ad
1508 2597 1694 2653 optime

60 2678 352 2734 cuiusquam
377 2677 663 2733 disciplinae
697 2677 913 2721 fructum
939 2676 1080 2721 nobis
1104 2674 1514 2731 comparandum,
1541 2673 1693 2719 neuti-

61 2770 208 2812 quam
243 2756 489 2800 desumus.
517 2754 606 2799 Illa
630 2764 796 2799 tamen
831 2753 1028 2809 exigue,
1056 2752 1153 2796 imo
1187 2752 1365 2796 nullius
1390 2766 1544 2807 prope
1571 2751 1694 2796 vtili-

110 2967 118 2985 ¹
171 2965 215 3001 In
235 2965 335 3001 aede
356 2963 431 3000 Sti.
453 2962 650 3000 Germani
670 2963 866 2999 sacellum
894 2962 1041 2998 nostris
1068 2961 1118 2996 ad
1145 2972 1304 2996 sacrum
1335 2959 1626 2996 celebrandum
1654 2964 1695 2996 et

60 3028 315 3062 sacramenta
347 3023 611 3059 ministranda
646 3036 669 3058 a
699 3021 744 3059 Ρ.
778 3021 919 3058 Priore
954 3019 1302 3057 benedictinorum
1339 3024 1399 3055 est
1432 3018 1691 3056 destinatum.

60 3084 337 3127 FOUQUERAY,
359 3082 554 3119 Histoire
571 3081 626 3118 de
644 3082 686 3118 la
710 3081 973 3127 Compagm‘e
991 3078 1193 3125 desesus
1209 3089 1259 3115 en
1276 3077 1457 3123 France,
1474 3077 1504 3122 Ι,
1524 3077 1690 3114 158-159.

205 3165 372 3192 LITTERAE
393 3164 689 3197 QUADRlMESTRES.
713 3163 802 3190 ΤΟΜ.
825 3162 861 3190 V.
1516 3161 1551 3188 29
