2051 3516
420 333 489 371 516
883 334 1101 372 LITTERAE
1128 336 1484 381 QUADRIMESTRES

376 439 550 475 auctus
575 439 649 475 est
674 432 703 474 ¹.
732 430 973 487 Aspirant
992 442 1255 488 praeterea
1279 432 1341 476 ad
1365 431 1667 477 Societatem
1686 432 1898 488 plurimi.
1926 431 1990 478 Et

377 507 415 551 si
440 522 609 551 omnes
633 507 1026 564 admitterentur,
1055 509 1149 553 iam
1175 508 1326 553 solius
1349 507 1613 553 Societatis
1638 509 1803 564 plures
1828 518 1991 554 essent

378 584 454 628 hic
479 599 623 639 quam
649 584 868 640 triginta.
897 584 1081 630 Omnes
1107 585 1236 630 docti
1271 594 1382 629 sunt
1416 594 1464 630 et
1498 586 1660 630 multis
1692 585 1830 630 donis
1855 595 1990 630 natu-

377 660 562 704 ralibus
587 661 815 705 exornati
839 676 869 705 a
892 661 1016 707 Deo.
1044 662 1247 718 Augeat
1283 662 1327 706 in
1363 662 1433 707 eis
1456 662 1592 706 Deus
1625 663 1802 706 bonam
1830 663 1992 706 uolun-

376 746 530 781 tatem
556 747 601 781 et
627 753 714 793 per
738 753 823 782 eos
848 752 985 783 nona
1009 739 1304 795 ‘'³aliquando
1330 739 1375 783 in
1399 737 1672 784 Germania
1694 738 1712 765 b
1733 739 1993 795 erigantur

377 813 607 869 collegia.

435 890 478 934 5.
545 891 707 947 Atque
735 897 750 917 ⁰
781 907 866 936 eos
901 892 1067 937 iuuant
1102 892 1279 936 Patres
1313 892 1392 949 qui
1425 907 1554 937 nunc
1593 901 1703 937 sunt
1738 892 1990 937 Coloniae.

378 967 504 1011 Nam
530 968 575 1012 hi
612 970 1095 1026 praeterquamquod
1129 970 1175 1013 in
1210 970 1420 1026 collegio
1456 969 1633 1014 docent
1659 954 1715 1013 ‘et
1749 969 1994 1014 conuicto-

379 1060 486 1089 rum
515 1059 687 1089 curam
722 1045 918 1103 habent,
945 1047 991 1091 in
1016 1047 1108 1091 hoc
1133 1047 1280 1091 etiam
1315 1055 1469 1102 agunt
1503 1056 1556 1091 ut
1589 1045 1809 1102 discipuli
1836 1045 1880 1090 in
1905 1046 1996 1102 spi-

378 1121 471 1165 ritu
503 1120 777 1178 proficiant,
803 1123 1138 1168 confessiones
1163 1123 1379 1179 audiunt,
1407 1123 1469 1168 ad
1494 1139 1615 1180 quas
1640 1138 1834 1179 quoque
1860 1123 1996 1168 multi

378 1198 570 1243 externi
606 1199 918 1245 conueniunt.
948 1199 1285 1245 Concionandi
1311 1215 1430 1245 uero
1455 1200 1653 1245 occasio
1676 1209 1816 1244 tanta
1850 1199 1995 1244 offer-

378 1285 473 1332 tur,
501 1290 611 1320 cum
636 1292 723 1332 per
746 1276 887 1334 alios,
913 1286 1016 1322 tum
1049 1293 1138 1334 per
1171 1277 1239 1321 Ill.
1265 1277 1491 1322 comitem
1518 1277 1576 1321 de
1600 1277 1851 1331 Mansfelt,
1879 1277 1996 1321 Res—

379 1352 434 1396 si.
462 1352 821 1409 archiepiscopi
847 1355 1001 1399 nostri
1027 1354 1163 1411 quasi
1192 1354 1447 1410 vicarium,
1469 1363 1521 1398 ut
1547 1354 1586 1398 si
1610 1369 1697 1398 sex
1721 1353 1798 1398 hic
1821 1353 1996 1398 Patres

379 1439 558 1485 essent,
593 1430 671 1486 qui
703 1431 835 1475 nulla
859 1447 912 1476 re
937 1431 1026 1475 nisi
1051 1432 1368 1477 concionibus
1393 1439 1778 1494 occuparentur,
1805 1446 1900 1475 non
1925 1431 1996 1475 eis

379 1506 513 1551 locus
552 1506 749 1551 deesset
773 1506 806 1552 (¹.
854 1507 1115 1564 Paulatim,
1159 1523 1321 1565 spero,
1368 1508 1504 1554 Deus
1543 1508 1677 1553 dabit
1721 1508 1993 1564 operarios:

381 1584 552 1628 messis
591 1593 727 1629 certe
762 1586 916 1630 multa
950 1597 1023 1630 est
1056 1595 1101 1630 et
1137 1586 1310 1642 ingens
1349 1587 1427 1631 hic
1467 1588 1647 1631 bonum
1682 1585 1786 1630 fieri
1821 1594 1996 1641 potest,

380 1661 508 1716 quod
531 1671 642 1716 post
666 1661 711 1706 in
736 1671 891 1707 totam
916 1663 1166 1707 emanabit
1190 1661 1526 1708 Germaniam.
2013 1652 2016 1656 ’

436 1738 476 1782 ὁ.
540 1738 688 1794 Apud
711 1739 866 1795 ipsum
892 1756 1084 1796 quoque
1108 1749 1334 1785 senatum
1359 1756 1455 1785 non
1479 1756 1654 1796 parum
1679 1741 1859 1785 bonum
1895 1738 2000 1784 fieri

379 1824 556 1871 potest.
583 1816 710 1860 Nam
734 1817 928 1872 plurimi
954 1817 998 1861 in
1023 1833 1082 1862 eo
1107 1816 1412 1863 Societatem
1432 1818 1631 1862 multum
1652 1817 1874 1874 diligunt3
1897 1816 2001 1861 eius

380 1892 635 1937 consilium
659 1903 829 1949 petunt
853 1903 900 1939 et
923 1894 1132 1940 libenter
1161 1904 1488 1951 exequuntur.
1526 1894 1738 1951 Quidam
1772 1894 2003 1939 instinctu

380 1968 646 2015 Societatis
670 1980 718 2015 et
741 1971 996 2016 cuiusdam
1019 1972 1175 2017 nostri
1200 1972 1420 2028 discipuli
1443 1972 1489 2016 in
1513 1981 1688 2017 senatu
1707 1987 1862 2027 nuper
1885 1970 2001 2016 effe-

381 2046 459 2103 cit,
489 2051 542 2091 ut
566 2054 581 2073 e
621 2047 815 2103 quidam
840 2048 1057 2093 uendens
1078 2049 1228 2094 libros
1252 2049 1532 2094 haereticos
1550 2059 1830 2105 caperetur,
1856 2057 2003 2105 utque

382 2123 657 2169 uisitandae
701 2125 795 2170 sint
840 2125 1066 2170 officinae
1111 2126 1345 2171 librariae
1390 2136 1438 2171 et
1481 2127 1723 2171 malorum
1764 2125 2003 2170 librorum

382 2201 712 2247 conficiendus
736 2203 796 2248 sit
820 2203 1099 2259 catalogus.
1133 2204 1496 2249 Animaduertit
1519 2212 1785 2259 praeterea
1803 2214 2003 2248 senatus

382 2287 551 2324 noster
576 2279 619 2323 in
646 2279 927 2325 haereticos
951 2296 1035 2325 eos
1060 2281 1364 2336 expellendo.
1392 2280 1541 2325 Faxit
1565 2280 1701 2325 Deus
1731 2289 1781 2324 ut
1815 2280 1879 2324 ab
1911 2280 2004 2324 hac

382 2355 490 2400 fera
534 2366 778 2412 purgetur
822 2357 1012 2402 ciuitas.
1055 2357 1188 2402 Bene
1228 2358 1374 2402 etiam
1416 2357 1555 2403 nobis
1593 2357 1766 2402 fauere
1811 2357 2004 2402 uidetur

384 2432 494 2477 mihi
520 2433 565 2477 in
591 2433 762 2478 uicinis
784 2434 1061 2490 ditionibus,
1089 2444 1136 2479 et
1160 2435 1423 2491 collegium
1449 2445 1671 2480 nostrum
1692 2444 2000 2490 promouent.

383 2508 485 2554 Imo
524 2521 594 2554 tot
638 2511 786 2556 habet
825 2511 1011 2556 amicos
1049 2511 1140 2556 hoc
1180 2512 1440 2568 collegium
1480 2521 1581 2556 tum
1622 2511 1861 2557 Coloniae
1901 2521 2003 2556 tum

383 2596 527 2632 extra
551 2586 826 2643 Coloniam,
865 2598 914 2632 ut
949 2588 1043 2632 iam
1080 2589 1298 2644 catalogi
1329 2589 1593 2634 lectionum
1618 2589 1680 2633 ad
1703 2603 1872 2633 omnes
1896 2587 2003 2633 fere

431 2761 447 2780 ³
516 2755 641 2790 varia.
698 2755 763 2781 —b
804 2754 955 2791 Praec.
991 2765 1029 2790 v.
1071 2759 1209 2799 snpra
1238 2765 1414 2790 versum
1447 2756 1594 2801 script.
1630 2759 1702 2798 est,
1735 2755 1872 2792 deleto
1900 2755 2000 2797 alio,

384 2814 771 2860 quodlegilzeqm'l.
824 2822 886 2841 —c
937 2813 1125 2849 Multum.
1181 2814 1246 2839 —d
1286 2819 1392 2850 esset
1411 2813 1633 2850 defuturus.
1701 2821 1763 2840 &e
1808 2819 1860 2858 vt3
1896 2813 2003 2850 dele-

385 2877 424 2908 !0
444 2878 485 2908 ut
505 2873 681 2909 obscure
700 2878 888 2910 ararum.

431 3019 444 3035 ὅ
494 3016 538 3052 In
564 3018 749 3063 catalogo
779 3016 943 3062 collegii
974 3015 1213 3052 coloniensis
1245 3016 1392 3052 mensis
1423 3016 1636 3052 Februarii
1671 3016 1761 3052 1559
1792 3016 1846 3060 (in
1865 3015 1998 3051 codice

387 3076 526 3112 Germ.
547 3075 634 3118 131,
656 3076 723 3113 fol.
743 3076 831 3120 36v)
852 3080 1087 3112 recensetur
1106 3076 1211 3111 inter
1230 3075 1459 3111 sacerdotes
1486 3075 1538 3112 D.
1571 3075 1762 3112 Andreas
1782 3075 2002 3121 Aquensis,

386 3136 433 3171 de
454 3149 530 3181 quo
549 3136 616 3181 agi
638 3136 806 3172 videtur.
