2051 3516
519 259 810 296 196-BURG1S
835 259 881 296 22
908 258 1170 297 Ssspmmssms
1202 260 1290 296 1:358
1524 234 1527 235 γ
1598 259 1670 296 805

84 353 231 399 cedit.
258 352 506 399 Referunt
528 354 655 399 enim
679 354 857 400 Patres
884 356 1170 412 'aliquorum
1207 356 1545 402 confessiones
1568 370 1715 413 gene-

87 430 221 474 rales
244 429 459 475 audisse.
487 429 807 488 [Omz'ttz‘mzts
831 432 1081 478 nonnulla
1105 433 1382 489 exempla]

144 505 188 550 3.
255 505 478 551 Audiunt
518 516 566 552 et
604 507 946 554 confessiones
990 508 1035 553 in
1080 524 1306 554 carcere.
1349 507 1717 564 Nonnunquam

86 582 213 628 enim
240 598 303 627 ex
328 582 560 629 Patribus
594 585 771 640 aliquis
806 585 917 630 uisit
953 585 1160 631 miseros
1186 586 1264 642 qui
1291 586 1335 630 in
1365 585 1573 631 vinculis
1604 585 1716 631 reti-

85 669 278 713 nentur,
306 655 650 716 concionatur,
678 662 741 706 ad
773 662 1128 718 poenitentiam
1164 663 1499 718 pietatemque
1536 678 1713 719 prouo-

86 747 183 793 cat,
210 738 499 783 consolatur
533 738 761 794 afflictos,
789 755 1007 784 coronae
1043 739 1273 796 Virginis
1306 740 1497 785 Mariae
1532 740 1717 785 studio·

85 829 168 859 sos
192 814 369 868 reddit,
397 815 522 860 adeo
561 825 610 860 vt
646 832 722 860 me
757 817 1024 872 praesenti,
1053 817 1133 872 qui
1165 817 1273 861 illos
1302 815 1466 873 jussus
1498 816 1717 873 aliquan-

87 891 149 936 do
177 890 282 945 visi,
310 891 627 937 clamitarent
662 893 798 937 multi
834 908 1173 948 coronamque
1203 892 1428 948 Virginis
1452 892 1543 938 sibi
1568 909 1718 949 quan-

87 967 247 1023 doque
287 983 315 1011 a
355 969 538 1012 nostris
578 969 875 1024 promissam
914 968 1271 1025 efflagitarent.
1315 969 1463 1024 Apud
1505 970 1592 1014 hos
1629 969 1719 1014 etsi

88 1044 282 1101 quando
308 1045 603 1090 exoriantur
625 1044 808 1102 jurgia.
837 1054 885 1089 et
909 1045 1001 1089 hoc
1025 1045 1153 1090 enim
1179 1045 1393 1090 maxime
1428 1057 1604 1090 curant
1630 1045 1719 1091 Pa-

86 1132 205 1175 tres,
233 1133 285 1165 ut
309 1121 487 1166 ciuium
514 1122 721 1177 animos,
750 1121 786 1166 si
815 1121 942 1166 forte
978 1122 1183 1166 alternis
1220 1122 1505 1177 exasperati
1534 1121 1717 1175 verbis,

88 1209 172 1243 aut
192 1199 366 1254 quauis
386 1199 485 1243 alia
510 1199 569 1243 de
594 1215 775 1244 caussa
799 1199 997 1243 saeuire
1023 1199 1294 1255 coeperint,
1319 1199 1487 1244 verbis
1506 1199 1716 1251 blandis,

86 1275 416 1331 prudentique
441 1275 644 1320 consilio
671 1275 868 1331 leniant,
897 1275 1218 1331 disruptaque
1252 1276 1521 1320 resartiant
1553 1276 1719 1321 amici-

87 1352 185 1397 tiae
216 1351 436 1397 foedera.
467 1352 541 1396 Ex
578 1353 650 1397 liis
686 1362 852 1397 autem
887 1368 1013 1408 quae
1049 1352 1180 1407 noui,
1209 1351 1426 1397 referam
1458 1353 1719 1397 dumtaxat

87 1446 237 1474 vnum
264 1429 479 1474 maxime
506 1429 708 1486 dignum
733 1428 919 1474 auditu.
949 1428 1267 1485 Conceperat
1302 1429 1500 1485 quidam
1525 1429 1571 1473 in
1596 1429 1722 1474 alios
1756 1418 1763 1421 ¹

86 1522 182 1551 non
209 1522 417 1562 paruum
443 1506 605 1551 odium
631 1506 1025 1563 decreueratque
1050 1515 1227 1562 aperto
1252 1515 1414 1550 marte
1439 1521 1549 1550 cum
1576 1505 1722 1550 hosti-

89 1584 180 1629 bus
204 1583 460 1639 dimicare3
489 1583 704 1628 munitus
730 1583 900 1636 lorica,
928 1598 1045 1627 ense
1080 1592 1129 1627 et
1162 1583 1379 1638 pugione
1413 1581 1723 1638 satelliteque

89 1660 298 1716 stipatus
338 1675 425 1716 per
465 1660 641 1705 vrbem
682 1659 958 1715 incedebat,
997 1675 1208 1715 cumque
1243 1674 1362 1704 casu
1402 1659 1601 1704 domum
1641 1675 1722 1704 no-

88 1748 245 1781 stram
270 1751 381 1781 cum
403 1736 540 1781 socio
560 1736 925 1793 ingrederetur,
947 1736 1078 1781 haud
1100 1736 1202 1781 scio
1222 1735 1397 1792 quibus
1419 1735 1597 1780 inditiis
1618 1751 1722 1780 rem

89 1814 329 1860 sacerdos
360 1830 422 1859 ex
447 1814 627 1859 nostris
657 1813 975 1871 conjectauit.
1003 1814 1287 1871 Alloquitur
1320 1813 1585 1869 hominem,
1613 1813 1721 1858 hor-

89 1902 241 1944 tatur,
270 1893 451 1937 mulcet
479 1892 660 1948 verbis,
683 1902 840 1937 terret
863 1905 1234 1948 nonnunquam3
1258 1891 1337 1936 ille
1361 1900 1528 1936 autem
1553 1890 1632 1946 qui
1651 1900 1723 1936 tu-

91 1970 271 2015 multus
296 1978 445 2014 antea
470 1969 771 2025 minabatur,
798 1968 926 2014 redit
950 1968 1013 2013 ad
1038 1984 1164 2021 sese,
1194 1984 1297 2013 rem
1323 1968 1494 2012 ordine
1529 1977 1720 2022 narrat,

90 2047 315 2103 loricam,
343 2062 441 2103 qua
466 2056 576 2091 erat
601 2046 812 2100 indutus,
841 2047 993 2103 exuit,
1022 2047 1168 2102 paulo
1195 2055 1304 2102 post
1330 2045 1393 2089 ab
1425 2044 1621 2100 incepto
1646 2045 1724 2089 de-

89 2124 231 2181 sistit,
259 2124 522 2169 confitetur
547 2124 676 2169 domi
701 2133 909 2180 peccata
935 2125 1159 2180 supplex.

148 2203 190 2247 4.
258 2202 399 2247 Haec
424 2202 629 2247 Patrum
656 2201 912 2247 exercitia.
941 2200 1039 2247 Sed
1059 2202 1173 2257 quid
1198 2201 1406 2247 fratres?
1429 2202 1501 2247 Illi
1529 2202 1724 2258 quidem

91 2296 202 2325 cum
238 2280 301 2325 ob
335 2279 577 2337 juueniles
612 2294 768 2324 annos
792 2279 854 2323 ad
880 2279 1002 2324 haec
1039 2279 1233 2324 maiora
1263 2289 1375 2324 sunt
1411 2280 1568 2324 minus
1603 2278 1722 2334 apti,

91 2356 402 2402 «nationibus
427 2356 731 2408 incumbunt,
760 2356 965 2401 obedire
989 2356 1199 2406 discunt,
1228 2355 1326 2413 jam
1350 2355 1457 2401 fere
1491 2354 1724 2411 logicalia

92 2434 369 2486 audierant,
398 2432 599 2478 audient
623 2432 720 2478 cito
745 2433 1017 2489 physicam.

148 2511 190 2556 5.
260 2510 533 2556 Caeterum
568 2525 662 2554 non
699 2510 1096 2566 praetermittam
1133 2525 1221 2554 sex
1256 2509 1441 2553 fratres
1472 2508 1605 2553 hisce
1629 2507 1725 2552 die-

31 2624 34 2626 -
92 2590 181 2635 bus
216 2590 278 2634 ad
312 2604 402 2633 nos
437 2588 630 2639 miSSOS,
668 2588 1002 2645 burgensibus
1037 2587 1357 2632 xenodochiis
1391 2585 1530 2643 jussu
1562 2585 1726 2630 Patris

91 2667 350 2712 Francisci
375 2666 602 2722 aegrotis
626 2665 953 2720 ministrasse,
977 2665 1256 2710 doctrinam
1285 2664 1380 2709 illic
1404 2663 1727 2708 christianam

92 2744 338 2796 docuisse,
376 2742 632 2800 religionis
671 2752 720 2788 et
762 2743 958 2799 pietatis
997 2741 1244 2798 specimen
1277 2740 1471 2786 dedisse
1495 2755 1591 2784 non
1616 2755 1727 2796 par-

94 2836 223 2866 uum.
251 2821 394 2866 Licet
418 2820 545 2865 enim
571 2820 654 2865 uix
680 2835 766 2865 eos
799 2819 1225 2864 xenodochiorum
1262 2816 1505 2874 praefecti
1542 2816 1726 2872 recipe-

96 2915 148 2943 re
174 2897 424 2944 voluerint
443 2897 601 2954 prima
626 2897 807 2954 fronte,
831 2895 1275 2951 recusauerintque
1299 2894 1475 2940 deinde
1499 2908 1726 2940 necessa-

94 2977 219 3021 rium
255 2992 346 3032 pro
381 2975 473 3020 X.0
509 2975 853 3020 laborantibus
889 2974 1071 3019 uictum
1107 2974 1369 3030 praebere,
1397 2972 1628 3028 precibus
1657 2981 1727 3016 ta-

95 3070 206 3098 men
233 3053 493 3099 reuerendi
530 3052 694 3098 Patris
730 3051 1031 3097 Ferdinandi
1075 3050 1310 3099 Aluarez,
1351 3048 1496 3106 hujus
1531 3048 1728 3105 collegii
