2051 3516
345 291 416 328 204
814 290 1030 327 LITTERAE
1056 291 1405 336 QUADRIMESTRES

291 388 420 432 oltra
445 386 489 431 di
514 387 659 442 quelli
686 387 775 432 che
798 387 844 432 in
869 396 996 432 tutto
1021 387 1182 431 l'anno
1206 400 1302 429 non
1326 384 1586 429 haueuano
1612 384 1911 440 confessato;

290 472 338 508 et
367 462 524 519 questi
549 477 705 507 erano
731 463 883 507 molti.

347 538 391 584 3.
458 537 673 584 S’hanno
698 539 917 584 anchora
943 539 1226 583 confessato
1256 536 1419 582 alcuni
1452 537 1770 592 incarcerati,
1808 539 1913 581 cosi

291 615 487 669 homini,
515 630 655 660 come
687 615 861 671 donne3
899 624 947 659 et
979 615 1182 659 s’hanno
1213 613 1337 658 fatto
1372 612 1547 657 alcune
1581 612 1911 668 essortationi,

289 706 382 736 con
406 692 449 736 16
474 691 617 747 quale
642 706 756 735 cose
781 691 906 735 nelle
932 690 1093 735 anime
1117 691 1223 734 loro
1246 689 1285 733 si
1309 688 1361 732 fa
1384 688 1578 744 grande
1602 687 1772 733 frutto.

348 768 390 812 4.
456 766 572 812 S’ha
596 767 817 811 anchora
842 767 1025 811 andato
1048 766 1109 811 ad
1134 765 1356 822 agiuttar
1380 780 1409 809 a
1435 765 1526 810 ben
1549 765 1702 809 morir
1736 765 1912 810 alcune

289 859 498 900 persone
522 843 612 888 che
636 852 845 888 stauano
870 843 1197 887 nell'estremo
1218 842 1344 886 della
1365 841 1468 886 vita
1487 841 1609 895 loro;
1638 850 1685 886 et
1703 856 1795 886 con
1815 850 1912 886 tro-

292 921 423 965 uarsi
447 920 526 965 noi
550 920 765 975 presenti
789 920 886 965 alla
911 920 1017 964 loro
1044 928 1217 975 morte,
1244 919 1407 963 hanno
1432 928 1592 963 morto
1611 933 1704 963 con
1723 918 1914 974 grande

289 996 625 1041 consolatione
649 996 773 1040 delle
798 995 958 1040 anime
983 996 1106 1051 loro,
1133 1004 1180 1040 et
1204 994 1249 1038 di
1275 993 1421 1049 quelli
1441 994 1530 1038 che
1550 994 1580 1038 li
1599 1009 1914 1051 gouernaua-

291 1087 367 1117 no.
396 1072 489 1117 Del
513 1080 637 1116 tutto
662 1071 734 1116 sia
758 1071 1056 1126 ringratiato
1079 1070 1199 1129 Jessi
1224 1070 1313 1114 XJ)
1337 1079 1508 1114 nostro
1532 1071 1748 1126 signore.

346 1149 388 1192 5.
456 1148 594 1192 Nelle
618 1148 785 1192 schole
811 1147 914 1192 s'ha
938 1147 1063 1192 fatto
1088 1156 1135 1192 et
1158 1147 1209 1191 fa
1232 1147 1404 1203 frutto‚
1432 1149 1535 1192 cosi
1564 1148 1690 1193 nelle
1714 1149 1906 1207 lettere,

290 1240 429 1270 come
453 1225 578 1269 nelle
602 1225 763 1268 huone
787 1223 1012 1280 costumi3
1040 1224 1220 1279 perche
1245 1222 1359 1279 ogni
1384 1239 1517 1268 mese
1536 1223 1572 1268 si
1594 1224 1907 1282 confessam,

288 1309 336 1345 et
360 1300 494 1344 molti
518 1300 633 1355 ogni
662 1300 713 1345 15
736 1300 914 1356 giorni,
941 1309 989 1345 et
1012 1300 1124 1344 altri
1149 1300 1265 1356 ogni
1290 1308 1393 1344 otto
1417 1299 1596 1356 giorni;
1618 1312 1665 1345 et
1684 1303 1807 1347 nelle
1828 1303 1911 1348 let-

291 1387 394 1421 tere
418 1376 567 1420 fanno
602 1375 773 1426 frusto:
810 1385 858 1421 et
891 1376 923 1420 il
953 1391 1159 1420 numero
1194 1377 1299 1420 loro
1333 1375 1642 1432 s'augmenta
1676 1387 1723 1422 et
1757 1394 1911 1424 sonno

292 1452 370 1497 fra
395 1452 506 1497 tutti
534 1452 629 1497 120.

377 1530 472 1574 Per
496 1538 670 1585 questa
696 1545 789 1573 non
814 1530 959 1585 altr0‚
987 1545 1037 1574 se
1068 1545 1165 1573 non
1199 1530 1605 1575 raccomandarci
1641 1532 1752 1577 tutti
1786 1533 1911 1578 nelle

292 1616 431 1651 sante
455 1605 667 1650 orationi
692 1614 739 1650 et
763 1605 928 1650 deuoti
954 1605 1168 1651 sacrifitii
1189 1606 1246 1650 de
1270 1606 1337 1650 V.
1361 1605 1414 1650 P.
1438 1616 1485 1651 et
1505 1607 1563 1651 de
1582 1608 1691 1653 tutti
1710 1607 1776 1664 gli
1798 1609 1908 1655 Rdi.

292 1681 440 1727 Padri
456 1681 790 1726 etcharissimi
805 1681 1002 1726 fratelli.
1023 1682 1084 1726 Di
1102 1681 1343 1733 Monreal,
1362 1682 1531 1727 vltimo
1546 1683 1765 1739 d'Aprile
1786 1685 1911 1730 1557.

378 1756 475 1801 Per
500 1757 842 1802 commissione
867 1757 945 1802 del
968 1758 1093 1802 Rdo.
1122 1758 1282 1803 Padre
1306 1757 1561 1804 Eleuterio
1587 1761 1616 1815 ¹,
1645 1769 1805 1805 rettor
1830 1776 1911 1806 no-

293 1842 413 1889 stro,

380 1910 455 1954 De
480 1909 546 1954 V.
575 1909 628 1954 P.
656 1925 803 1955 seruo
828 1910 1162 1967 indignissimo
1188 1911 1233 1956 in
1252 1911 1373 1970 Jessi
1397 1914 1496 1963 X.⁰,

1347 2005 1519 2051 SANTA
1551 2006 1725 2052 CROOE
1756 2010 1788 2054 2.

373 2098 662 2154 Inscriptio.
686 2103 713 2149 †
733 2100 794 2142 Al
817 2101 964 2144 molto
986 2100 1109 2145 Rdo.
1134 2101 1179 2145 in
1200 2101 1284 2145 ΚΡ
1310 2101 1405 2150 Re,
1429 2101 1457 2145 il
1480 2101 1555 2146 Re
1571 2101 1695 2147 Mro.
1718 2101 1910 2159 Jacobo

284 2174 486 2230 Laynez
512 2174 700 2219 vicario
725 2176 959 2230 generale
984 2177 1110 2221 della
1130 2176 1441 2233 Compagnia
1460 2178 1518 2222 de
1536 2178 1655 2236 jesu
1673 2194 1702 2223 a
1728 2178 1905 2224 Roma.

372 2250 491 2295 Alia
515 2264 731 2296 manu...
760 2250 873 2296 Rta.
902 2267 931 2296 a
955 2251 1012 2296 24
1034 2252 1080 2296 di
1104 2253 1236 2298 7bre.

335 2416 343 2433 ¹
397 2414 657 2451 Eleutherius
677 2415 897 2453 Fontanus.

334 2474 346 2492 ⁹
397 2473 459 2510 Cf.
482 2474 727 2517 POLANCUM,
752 2475 920 2517 Clima„
942 2476 1014 2517 VI,
1035 2476 1113 2517 293,
1135 2482 1174 2513 et
1194 2478 1391 2523 superius,
1414 2491 1504 2525 pag.
1526 2477 1585 2521 85,
1607 2484 1740 2515 annot.
1762 2479 1797 2516 2.
