2051 3516
347 292 415 327 &66
811 292 1028 328 LITTERAE
1055 292 1405 336 QUADRIMESTRES

301 391 526 445 dialogus
566 391 927 437 inuocationem
968 392 1023 437 B.
1061 392 1303 449 Virginis,
1342 392 1477 437 cuius
1516 393 1917 448 personampul-

302 467 575 512 cherrimus
608 468 805 524 quidam
840 469 1128 513 adolescens
1164 468 1431 514 referebat.
1466 467 1608 523 Quae
1644 483 1723 512 res
1756 468 1915 513 mirifi-

302 560 410 587 cam
450 544 707 589 catholicis
740 545 903 590 attulit
938 545 1344 599 consolationem,
1382 556 1435 589 vt
1469 544 1614 589 etiam
1649 544 1805 600 ipsum
1839 560 1915 589 ar-

300 620 663 677 chiepiscopum
688 637 809 677 prae
834 623 1016 677 gaudio
1041 623 1317 678 lachymari
1342 636 1590 666 cerneres.

364 696 430 742 is.
498 697 661 742 Venio
684 713 812 743 nunc
835 699 897 743 ad
920 708 1172 753 externos,
1195 710 1242 743 et
1266 713 1360 754 quo
1385 698 1431 742 in
1455 699 1564 742 loco
1588 713 1678 742 nos
1703 697 1919 741 habeant

305 774 574 830 quibusque
618 774 875 819 fauoribus
914 790 1001 819 nos
1041 784 1406 831 prosequantur
1445 774 1641 830 aperire
1681 774 1914 818 conabor.

304 849 561 895 Caesarea
584 850 804 906 inprimis
828 851 1062 896 maiestas
1097 853 1109 875 ¹
1147 860 1337 896 tantam
1361 850 1500 895 nobis
1525 849 1919 894 beneuolentiam

300 927 514 983 exhibet,
542 937 738 984 tamque
762 944 815 973 se
838 929 1046 984 praebet
1070 928 1382 984 familiarem,
1411 938 1462 972 vt
1485 942 1594 971 cum
1619 925 1726 971 filiis
1750 942 1918 982 saepe-

301 1019 505 1048 numero
537 1019 692 1059 agere
726 1004 970 1062 videatur,
1007 1014 1055 1050 et
1090 1005 1174 1050 vix
1204 1005 1465 1061 quicquam
1500 1004 1564 1049 ab
1597 1019 1655 1048 eo
1692 1004 1916 1060 petimus,

301 1081 525 1136 quamuis
550 1092 595 1125 et
619 1096 801 1138 magna
834 1091 880 1127 et
914 1082 1201 1139 frequenter
1225 1092 1468 1138 petamus,
1496 1081 1625 1136 quod
1650 1096 1744 1125 non
1771 1080 1919 1125 liben*

300 1158 484 1202 tissime
509 1157 763 1203 concedat.
791 1157 891 1202 Imo
917 1159 1146 1203 hortatur
1171 1158 1375 1203 subinde
1400 1166 1453 1202 vt
1477 1157 1515 1202 si
1540 1157 1652 1212 quid
1687 1156 1914 1211 velimus,

301 1234 550 1279 liberrime
575 1249 926 1290 proponamus.
954 1234 1052 1280 Sed
1087 1246 1135 1280 et
1165 1236 1327 1279 aliena
1359 1234 1568 1291 negocia
1592 1249 1621 1278 a
1645 1233 1785 1278 nobis
1810 1248 1917 1289 pro-

301 1311 429 1368 poni,
456 1311 797 1367 gratissimum
832 1311 921 1357 sibi
957 1327 1064 1357 esse
1090 1312 1224 1367 dixit,
1253 1325 1299 1356 et
1324 1311 1463 1367 quasi
1497 1310 1797 1355 mediatores
1831 1325 1920 1354 nos

300 1388 568 1433 constituit.
610 1387 813 1433 Indulsit
852 1389 990 1433 nobis
1030 1389 1201 1434 diebus
1240 1388 1477 1444 proximis
1517 1387 1730 1443 diploma
1772 1388 1918 1442 quod-

302 1466 413 1509 dam
448 1480 541 1520 quo
577 1465 621 1508 in
655 1464 755 1509 suis
789 1466 938 1509 terris
973 1475 1019 1509 et
1054 1466 1223 1520 regnis
1258 1463 1595 1516 concionandi,
1632 1463 1838 1508 docendi
1873 1473 1920 1509 et

304 1542 492 1597 reliqua
526 1552 729 1586 nostrae
763 1541 1030 1586 Societatis
1064 1541 1228 1587 officia
1268 1540 1531 1586 exercendi
1565 1541 1771 1585 liberam
1805 1555 1917 1584 con-

302 1619 398 1663 fert
429 1627 742 1674 potestatem.
772 1616 925 1662 Cuius
959 1619 1149 1674 quidem
1187 1619 1345 1663 maior
1379 1628 1493 1663 tunc
1529 1616 1621 1661 erit
1656 1631 1773 1661 vsus
1807 1632 1918 1661 cum

302 1695 466 1750 plures
491 1695 536 1740 in
562 1711 770 1741 messem
795 1697 920 1740 hanc
944 1695 1296 1751 amplissimam
1322 1695 1650 1740 extrudentur
1683 1693 1914 1750 operarii.

306 1772 453 1817 Tanti
478 1783 642 1818 autem
666 1788 755 1818 nos
778 1772 897 1818 facit
916 1786 1164 1817 caesarea
1188 1773 1437 1817 maiestas
1459 1781 1749 1827 tantumque
1775 1770 1820 1815 in
1845 1785 1919 1815 re-

302 1851 391 1894 bus
415 1849 688 1895 dificillimis
711 1850 851 1895 nobis
877 1849 991 1905 fidit,
1018 1859 1067 1895 vt
1087 1861 1132 1894 et
1158 1849 1260 1905 ipse
1286 1849 1727 1894 vicecancellarius
1750 1848 1812 1893 D.
1839 1847 1919 1906 Jo-

303 1941 407 1981 nas,
435 1926 513 1982 qui
539 1926 733 1971 caesari
767 1941 796 1971 a
829 1926 1036 1971 secretis
1071 1935 1160 1979 est,
1189 1926 1233 1969 in
1265 1925 1555 1981 quibusdam
1589 1924 1803 1981 negotiis
1838 1939 1919 1968 no-

303 2012 460 2047 stram
506 2002 637 2058 apud
682 2017 938 2047 caesarem
982 2011 1194 2058 quaerat
1237 2001 1657 2046 intercessionem.
1707 1999 1920 2056 Quando

303 2089 469 2124 autem
509 2080 709 2124 maximi
749 2079 980 2124 momenti
1019 2094 1098 2123 res
1140 2078 1304 2135 aliqua
1338 2077 1601 2123 tractanda
1635 2086 1726 2131 est,
1765 2076 1921 2120 nostri

303 2157 493 2211 adesse,
516 2171 720 2200 causam
744 2170 1067 2211 cognoscere,
1089 2155 1482 2209 sententiamque
1507 2154 1654 2198 etiam
1680 2152 1814 2197 ferre
1839 2167 1920 2196 no-

304 2233 523 2277 minatim
548 2233 778 2277 iubentur
811 2248 841 2277 a
875 2247 1099 2277 caesare.
1128 2230 1444 2276 Occurrebat
1478 2230 1704 2286 proxime
1736 2228 1920 2274 diffieil-

304 2309 443 2353 limus
468 2319 516 2354 et
540 2311 699 2354 multis
733 2309 887 2354 modis
922 2308 1185 2364 perplexus
1219 2323 1381 2363 casuS,
1409 2307 1487 2363 qui
1512 2321 1621 2351 cum
1645 2305 1801 2351 tribus
1825 2305 1920 2361 epi-

303 2386 464 2442 scopis
488 2386 700 2430 traditus
724 2396 855 2430 esset
879 2384 1251 2435 examinandus,
1276 2384 1429 2428 voluit
1452 2398 1630 2428 caesar
1655 2381 1921 2438 praedictis

305 2463 462 2507 tribus
488 2478 636 2507 vnum
672 2478 733 2506 ex
768 2462 951 2506 nostris
985 2459 1202 2517 adjungi,
1227 2470 1275 2505 et
1300 2460 1391 2505 Dei
1426 2460 1607 2516 gratia,
1636 2459 1704 2504 ita
1735 2458 1921 2514 episco-

304 2539 375 2595 pis
408 2538 514 2583 istis
547 2548 719 2583 nostra
754 2539 830 2583 hic
864 2540 1098 2594 placuere
1123 2537 1344 2590 consilia,
1375 2546 1425 2581 vt
1449 2544 1713 2592 praeterea
1737 2535 1851 2579 nihil
1875 2534 1920 2578 in

304 2614 397 2659 hoc
431 2614 642 2671 negocio
677 2614 956 2659 faciendum
980 2628 1088 2658 esse
1113 2613 1457 2669 decernerent,
1485 2626 1694 2667 cumque
1718 2611 1921 2655 decreta

303 2691 409 2747 ipsa
434 2690 777 2746 episcoporum
813 2706 938 2736 vnus
972 2689 1166 2735 caesari
1202 2689 1429 2744 offerret,
1458 2688 1669 2744 primum
1705 2685 1921 2733 omnium

304 2768 585 2823 quaerebat
611 2782 790 2812 caesar
813 2783 927 2812 num
951 2766 1104 2811 Rdus.
1131 2765 1184 2810 P.
1212 2765 1446 2810 Victoria
1469 2764 1580 2809 huic
1611 2763 1921 2809 deliberatio-

302 2843 349 2887 ni
384 2843 700 2888 interfuisset.
737 2842 1025 2899 Respondit,
1062 2842 1107 2886 ni
1142 2842 1307 2897 fallor,
1347 2842 1620 2897 episcopus,
1657 2855 1709 2884 se
1743 2853 1921 2884 nomen

303 2918 556 2975 ignorare3
585 2929 636 2964 at
660 2919 865 2964 affuisse
890 2918 1150 2975 quemdam
1187 2933 1249 2962 ex
1281 2916 1464 2961 nostris
1489 2916 1785 2973 praeclarae
1809 2929 1918 2959 eru-

352 3068 361 3086 ²
413 3066 692 3103 Ferdinandus
711 3066 942 3112 imperator.
