2051 3516
385 272 454 307 9οῡ
849 270 1066 306 ΜΠΕΗΑΕ
1091 269 1444 315 QUADfflMEsrREs

339 370 564 427 loquitur,
596 370 687 413 huc
712 367 870 421 mittit,
898 376 946 411 et
969 380 1054 410 eos
1076 365 1382 422 potissimum
1406 363 1563 408 sacris
1588 363 1743 408 initiat
1768 363 1846 419 qui
1881 363 1957 407 hic

338 448 652 502 studuerunt3
698 460 794 489 non
832 444 989 488 solum
1029 443 1172 497 haec,
1214 441 1299 486 sed
1334 440 1624 496 quibusdam
1661 439 1958 495 pauperibus

339 534 584 580 sumptum
609 522 877 568 studiorum
902 520 1037 576 iacit,
1064 519 1170 563 aliis
1195 518 1345 563 libros
1368 517 1500 573 emit,
1522 527 1670 573 atque
1694 517 1957 572 collegium

342 601 586 657 quoddam
626 598 883 652 construit,
926 596 1007 640 vbi
1049 595 1102 640 10
1140 594 1418 639 scholastici
1457 603 1570 638 sunt
1607 592 1857 638 constituti
1896 593 1959 637 ad

338 677 649 723 dialecticam
672 674 984 729 audiendam,
1013 682 1060 717 et
1084 673 1151 717 ita
1176 671 1341 727 magni
1366 671 1513 715 habet
1538 679 1752 724 nostros,
1787 680 1838 714 vt
1867 670 1957 714 illis

340 754 574 800 librorum
597 751 957 797 correctionem
981 749 1270 803 committat,
1308 756 1356 792 et
1389 747 1503 791 nihil
1537 746 1656 791 facit
1690 762 1785 790 non
1825 746 1958 802 prius

339 829 573 876 consultis
608 828 854 878 Patribus;
893 826 1055 871 omnia
1082 824 1282 880 negotia
1306 824 1446 869 huius
1470 824 1731 868 comitatus
1758 823 1958 868 mandat

340 907 585 953 Patribus.
609 905 870 961 Quendam
894 903 1041 948 etiam
1067 901 1413 947 consobrinum
1437 916 1579 945 suum
1603 900 1804 944 tradidit
1823 899 1960 944 Patri

340 983 523 1029 rectori
548 992 600 1027 vt
624 982 717 1026 hac
741 979 996 1025 academia
1021 979 1241 1024 studeret
1265 993 1324 1023 eo
1348 977 1491 1021 modo
1516 991 1611 1032 quo
1647 976 1733 1032 ipsi
1771 975 1958 1020 videre-

340 1071 436 1107 tur.
466 1059 725 1116 Efflagitat
749 1072 939 1102 summa
963 1056 1195 1102 instantia
1219 1065 1272 1099 vt
1296 1055 1388 1099 hoc
1416 1054 1520 1110 [sic]
1545 1053 1722 1110 oppido
1746 1052 1960 1098 auriensi

340 1146 544 1183 nostrae
568 1134 832 1181 Societatis
856 1133 1118 1189 collegium
1143 1132 1383 1188 erigatur,
1411 1130 1541 1185 quod
1565 1139 1614 1174 et
1636 1129 1770 1174 ciues
1800 1144 1957 1174 sumo--

341 1229 458 1272 pere
482 1222 650 1270 petunt
674 1222 722 1257 et
746 1211 1048 1256 constituunt
1081 1209 1253 1254 aedem
1290 1207 1535 1264 quandam
1568 1221 1767 1251 sacram
1803 1206 1957 1261 nobis,

341 1302 390 1337 et
414 1292 575 1336 locum
601 1305 696 1346 quo
721 1288 1062 1333 inhabitemus.

398 1368 441 1413 3.
508 1366 684 1411 Adhuc
708 1374 897 1410 tantum
922 1373 1031 1408 sunt
1055 1373 1155 1408 tres
1180 1360 1533 1418 grammatices
1557 1360 1758 1412 classes,
1787 1360 1961 1415 quibus

341 1444 391 1490 fit
416 1459 626 1500 magnus
651 1441 920 1499 profectus,
948 1455 1043 1485 nan
1068 1437 1351 1484 scholastici
1386 1437 1498 1482 licet
1533 1436 1767 1481 indociles
1792 1446 1838 1482 et
1863 1449 1959 1481 tar-

341 1523 386 1567 di
426 1522 488 1566 ad
527 1519 908 1577 percipiendum,
947 1517 1122 1562 mirum
1156 1526 1230 1561 est
1264 1530 1408 1571 quam
1444 1515 1583 1560 breui
1618 1524 1785 1558 uotum
1820 1529 1961 1560 suum

340 1608 759 1655 consequuantur3
788 1608 833 1640 et
859 1611 969 1640 cum
995 1605 1141 1639 antea
1178 1592 1308 1637 vitiis
1333 1603 1380 1637 et
1404 1593 1552 1648 gulae
1578 1592 1723 1636 dediti
1748 1601 1891 1636 erant
1915 1602 1962 1636 et

341 1677 578 1731 rixantes,
607 1675 703 1719 iam
727 1673 875 1731 quieti
899 1682 947 1717 et
970 1671 1193 1725 modesti,
1222 1670 1350 1725 quod
1375 1669 1598 1714 omnibus
1620 1668 1845 1713 mirabile
1869 1678 1957 1713 est.

342 1753 718 1809 Fraequentant
742 1748 947 1805 singulis
978 1747 1224 1792 mensibus
1255 1745 1607 1797 confessiones,
1645 1745 1962 1789 instituuntur

343 1829 569 1874 doctrina
596 1827 880 1880 christiana,
909 1825 987 1881 qui
1013 1839 1121 1869 eam
1145 1824 1322 1868 docent
1361 1837 1475 1868 suos
1515 1822 1762 1877 conciues,
1790 1837 1961 1877 paren-

342 1919 415 1952 tes
439 1916 486 1951 et
510 1905 712 1960 fratres,
740 1913 787 1948 et
820 1903 889 1948 sic
924 1903 1016 1947 iam
1051 1910 1155 1945 tota
1190 1899 1394 1946 Galecia
1433 1900 1681 1954 (laudetur
1715 1898 1962 1954 Christus)

343 1993 725 2040 praeceptorum
759 1980 852 2025 Dei
887 1989 960 2024 est
993 1978 1157 2034 aliqua
1197 1977 1430 2033 cognitio.
1472 1975 1559 2020 Est
1595 1976 1624 2019 -l
1661 1975 1831 2020 classis
1867 1990 1963 2030 qua

344 2060 602 2106 dialectica
627 2058 889 2115 exponitur
913 2066 960 2101 et
985 2066 1276 2112 promouent
1300 2053 1596 2107 scholastici;
1619 2052 1702 2097 sed
1728 2052 1774 2096 in
1800 2052 1962 2097 lectio-

343 2154 403 2183 ne
426 2136 724 2193 theologica,
753 2149 897 2191 quam
934 2147 1106 2177 cassus
1139 2131 1321 2181 dicunt,
1348 2129 1644 2175 conueniunt
1679 2144 1847 2173 omnes
1881 2128 1962 2172 ini-

343 2215 449 2260 tiati
474 2213 647 2264 sacris,
675 2221 723 2257 et
747 2210 1035 2255 sacerdotes
1058 2207 1164 2252 fere
1200 2207 1255 2252 70
1287 2207 1367 2263 qui
1391 2222 1500 2251 cum
1526 2216 1689 2250 essent
1712 2205 1892 2249 indocti
1916 2214 1964 2249 et

343 2291 566 2338 ecclesiis
600 2287 858 2346 praefecti,
896 2287 991 2331 iam
1026 2285 1069 2329 in
1103 2285 1173 2329 eis
1205 2284 1586 2329 emolumentum
1613 2292 1686 2327 est
1709 2282 1963 2327 incredibi-

346 2370 405 2414 le.
434 2368 497 2413 Et
522 2368 655 2412 iussu
691 2365 905 2422 episcopi
941 2362 1182 2408 auriensis
1217 2360 1545 2417 explicabitur
1581 2359 1800 2415 sequenti
1835 2374 1963 2403 anno

345 2461 537 2492 summa
563 2442 791 2489 Caietani
819 2440 846 2486 ¹.

403 2524 445 2568 4.
512 2522 565 2567 In
590 2519 909 2566 concionibus
933 2516 1124 2573 quidem
1155 2524 1256 2559 tum
1294 2514 1338 2558 in
1373 2513 1619 2567 Patribus,
1647 2521 1747 2557 tum
1773 2527 1893 2556 vero
1918 2512 1963 2556 in

346 2600 461 2657 ipsis
495 2597 665 2643 incolis
699 2606 773 2641 est
806 2608 1017 2651 magnus
1051 2591 1219 2646 ardor,
1247 2590 1371 2635 adeo
1396 2598 1449 2634 vt
1474 2588 1636 2645 populi
1671 2588 1724 2633 10
1746 2597 1794 2632 et
1817 2587 1964 2632 vnde-

346 2678 441 2722 cim
465 2688 778 2732 parasangas
803 2672 1039 2716 distantes
1073 2669 1230 2713 solent
1261 2681 1474 2721 euocare
1506 2665 1698 2721 Patres;
1725 2673 1772 2709 et
1797 2664 1834 2708 si
1859 2664 1964 2720 quis

347 2763 570 2798 nostrum
600 2766 688 2806 per
719 2748 928 2804 aliquem
964 2746 1124 2791 vicum
1162 2743 1489 2799 proficiscitur
1514 2741 1550 2795 a,
1578 2741 1793 2786 detinent
1833 2755 1960 2794 eum,

394 2928 411 2948 ³
478 2917 749 2956 Profiscicitur
777 2926 853 2951 ms.

398 3084 405 3101 ¹
459 3079 567 3116 Vide
588 3076 786 3123 superius,
809 3086 900 3121 pag.
921 3073 1002 3116 901,
1024 3076 1157 3107 annot.
1180 3069 1215 3105 ¹2.
