2051 3516
522 267 760 303 Ss—Essoim
787 267 829 302 31
860 265 1106 301 DECEMBRls
1137 264 1226 298 1550
1622 262 1644 297 9

55 363 208 421 igitur
232 362 461 408 oratione
486 370 725 418 perorata
749 370 798 406 et
821 361 884 405 ab
908 358 1133 404 omnibus
1168 356 1497 401 attentissime
1520 355 1689 412 jucun-

56 441 353 496 dissimeque
378 439 548 485 audita
572 447 777 495 propter
801 436 905 482 eius
928 444 976 480 et
1000 434 1195 479 uariam
1216 448 1384 478 rerum
1404 432 1615 488 copiam,
1642 441 1691 478 et

57 517 363 574 splendidum
388 525 618 561 ornatum
644 515 929 569 uerborum,
956 511 1184 567 dialogus
1209 509 1407 566 quidam
1432 518 1574 554 actus
1598 519 1687 565 est,

57 594 265 640 festiuus
288 593 430 639 simul
455 601 502 637 et
527 591 737 637 mordax
756 590 812 647 (si
833 599 997 635 tamen
1018 588 1138 633 uitia
1158 587 1542 643 reprehendere,
1565 601 1692 631 mor-

59 673 174 717 dere
199 669 365 715 dicere
389 668 685 726 possumus).
714 667 767 711 In
791 666 872 711 illo
898 665 1025 710 enirn
1050 663 1298 709 hominum
1319 663 1456 718 uitia,
1480 663 1694 708 maxime

58 762 346 802 auarorum,
384 746 686 791 notabantur
719 759 831 788 cum
866 742 1032 798 aliqua
1055 740 1362 798 jucunditate
1387 749 1436 785 et
1465 741 1586 785 sale.
1617 739 1695 785 Ex

58 840 153 880 quo
187 823 374 869 factum
410 832 498 877 est,
536 831 588 867 ut
623 820 749 866 risus
784 819 966 875 fletum,
1001 828 1049 864 et
1072 818 1216 864 fletus
1241 818 1394 863 risum
1420 817 1692 873 exciperet.

58 901 251 958 Quibus
275 902 424 946 rebus
448 899 530 944 illo
553 898 630 944 die
654 898 774 943 satis
799 913 862 942 ex
896 896 1042 941 animi
1078 895 1234 941 nostri
1274 894 1519 940 sententia
1554 909 1693 950 pera-

59 978 167 1034 ctis,
189 976 422 1035 postridie
442 975 567 1021 illius
587 974 678 1019 diei
700 974 959 1019 literarum
977 972 1139 1018 studia
1159 971 1384 1017 exerceri
1405 980 1693 1028 coeperunt,

58 1055 131 1100 his
156 1052 565 1112 praeceptoribus
589 1051 651 1096 ad
677 1050 883 1096 docendi
908 1065 1082 1094 munus
1118 1048 1414 1094 constitutis:
1454 1048 1499 1093 in
1533 1047 1695 1104 prima

59 1132 228 1177 schola
251 1130 412 1175 fratre
437 1129 785 1185 Conspaeano,
820 1127 866 1172 in
896 1127 1115 1172 secunda
1140 1126 1292 1171 Patre
1317 1124 1564 1171 Cabreria
1590 1127 1620 1175 ¹,
1648 1125 1695 1170 in

61 1208 211 1254 tertia
234 1208 394 1252 fratre
428 1206 591 1262 Rego,
626 1206 671 1250 in
707 1214 919 1261 quoarta
954 1203 1112 1249 fratre
1136 1203 1394 1260 Rapha’ele
1419 1204 1450 1248 2.
1479 1202 1696 1248 Philoso-

63 1286 208 1344 phiae
233 1301 353 1331 uero
378 1274 555 1329 cursus
579 1292 784 1340 coeptus
807 1298 866 1328 eo
891 1282 995 1338 ipso
1027 1282 1103 1326 die
1129 1297 1225 1326 non
1251 1291 1341 1337 est,
1369 1280 1601 1337 quoniam
1626 1280 1695 1326 ita

60 1364 290 1420 princeps
314 1360 596 1415 cardinalis,
625 1360 703 1417 qui
728 1359 1015 1416 Olisippone
1041 1367 1402 1414 commoratur,
1430 1357 1697 1403 constitue-

62 1451 156 1486 rat.
198 1439 347 1484 Breui
387 1438 515 1484 enim
554 1453 607 1483 se
650 1437 745 1482 huc
789 1445 1052 1482 uenturum
1093 1436 1349 1492 sperabat:
1394 1444 1699 1491 quapropter

62 1517 244 1562 artium
269 1515 550 1561 liberalium
574 1514 867 1571 principium
893 1513 954 1558 ad
979 1528 1119 1558 suum
1145 1512 1413 1558 aduentum
1443 1512 1697 1557 reseruari

63 1596 280 1640 uolebat.
324 1593 568 1650 Cupiebat
607 1607 820 1648 namque
860 1591 1191 1636 fundamentis
1231 1590 1322 1635 illis
1361 1589 1700 1646 philosophiae

63 1671 298 1717 iaciendis
323 1671 579 1726 interesse,
604 1685 699 1726 quo
718 1669 959 1714 maiorem
980 1668 1127 1713 animi
1149 1668 1456 1723 uoluptatem
1477 1676 1696 1723 caperet.

65 1748 163 1795 Sed
188 1764 297 1793 cum
333 1748 378 1792 id
413 1747 542 1804 quod
578 1761 894 1804 summopere
929 1745 1176 1801 cupiebat,
1214 1754 1421 1801 propter
1456 1744 1699 1789 maximas

66 1825 421 1883 occupationes
455 1824 629 1882 quibus
670 1823 984 1880 Olissippone
1019 1822 1361 1876 distinebatur,
1404 1837 1457 1867 se
1496 1821 1701 1867 efficere

66 1920 162 1949 non
195 1918 340 1960 posse
375 1902 584 1956 uideret,
622 1901 714 1946 huc
750 1900 921 1945 literas
956 1899 1100 1951 misit,
1139 1898 1314 1955 quibus
1348 1914 1401 1944 se
1434 1913 1697 1954 excusans,

67 1996 267 2026 cursum
302 1979 445 2035 incipi
470 1978 686 2033 iubebat;
715 1977 987 2034 quibusque
1011 1976 1159 2021 etiam
1185 1976 1430 2032 prouisori
1455 1991 1701 2021 commen-

67 2058 234 2114 dabat,
262 2067 313 2102 ut
338 2057 440 2114 ipse
465 2072 575 2101 cum
600 2055 708 2100 aliis
734 2055 852 2100 uiris
877 2054 1034 2099 doctis
1059 2054 1272 2099 adesset.
1306 2053 1479 2110 Itaque
1513 2053 1700 2098 factum

68 2144 158 2182 est.
186 2134 365 2180 Paucis
389 2133 516 2178 enim
541 2148 570 2177 a
595 2131 812 2178 calendis
838 2130 1075 2177 Octobris
1099 2129 1369 2176 interiectis
1388 2130 1575 2186 diebus,
1602 2130 1700 2186 phi-

70 2212 321 2269 losophiae
345 2227 522 2257 cursus
545 2211 801 2267 incoeptus
835 2220 926 2261 est,
964 2218 1229 2265 praesente
1264 2224 1449 2265 magna
1483 2207 1701 2253 doctissi-

70 2306 263 2336 morum
296 2289 546 2334 hominum
586 2303 790 2338 corona,
830 2287 957 2331 inter
992 2301 1116 2342 quos
1150 2296 1260 2331 erat
1296 2285 1555 2341 episcopus
1579 2284 1702 2328 Tar-

70 2367 279 2425 genssis.
316 2366 410 2422 Qui
449 2365 642 2422 quidem
683 2379 870 2414 omnes,
912 2362 1151 2419 principio
1192 2362 1274 2407 illo
1313 2362 1499 2411 audito,
1541 2360 1705 2405 multis

70 2444 236 2490 uerbis
269 2442 613 2500 significarunt
647 2440 738 2486 sibi
773 2450 820 2485 et
854 2439 1207 2496 professorem.
1246 2449 1294 2484 et
1330 2438 1533 2483 docendi
1570 2438 1703 2482 illam

72 2521 315 2566 rationem
340 2520 659 2564 uehementer
682 2519 899 2573 placere,
929 2526 1078 2573 atque
1103 2517 1171 2562 ita
1196 2517 1340 2561 ualde
1375 2515 1606 2560 delectati
1632 2514 1704 2570 (ut

72 2597 354 2653 uidebatur)
380 2596 731 2641 discesserunt.
755 2594 898 2650 Quae
922 2594 1084 2650 opinio
1108 2594 1324 2651 quotidie
1345 2593 1506 2649 magis
1526 2592 1704 2648 magis-

73 2691 165 2732 que
203 2673 545 2725 confirmatur,
582 2688 678 2716 non
713 2672 869 2716 solum
904 2671 1255 2727 discipulorum
1290 2670 1585 2724 testimonio,
1620 2670 1705 2715 sed

123 2907 133 2926 ¹
184 2905 229 2942 P.
259 2904 450 2940 Andreas
477 2902 525 2938 de
559 2901 756 2944 Cabrera,
789 2903 903 2950 cujus
934 2913 1105 2937 examen
1138 2899 1261 2936 habes
1293 2899 1332 2935 in
1363 2900 1501 2946 Epist.
1536 2901 1587 2937 P.
1622 2901 1709 2938 Αἶα-

76 2965 167 3009 dal,
190 2964 238 3008 Π,
259 2963 340 3000 536.
1652 2950 1656 2954 ’

123 3025 136 3044 ²
165 3015 167 3018 ¹
186 3024 223 3061 Is
242 3024 401 3060 videtur
421 3022 543 3059 fuisse
564 3022 630 3058 Fr.
651 3021 838 3067 Raphael
860 3020 1038 3060 Texeda,
1061 3020 1176 3066 cujus
1196 3031 1367 3055 examen
1388 3022 1538 3065 (notae)
1555 3021 1709 3057 inveni-

77 3084 201 3120 turin
221 3083 358 3129 Epist.
382 3083 432 3119 P.
456 3082 620 3123 Nadal,
643 3081 821 3122 locffcit„
843 3080 923 3114 381).
