2051 3516
564 293 876 333 42.—Toamco
901 294 947 331 20
975 293 1148 332 Aemus
1177 295 1266 333 1:337
1616 298 1681 335 179

98 405 244 435 mam.
272 388 550 446 Singularis
575 390 711 436 ferus
734 397 750 418 ²³
772 390 816 436 in
845 391 947 436 dies
978 391 1138 447 magis
1162 391 1385 447 depascit
1420 407 1529 436 eam
1559 392 1585 449 ¹,
1613 394 1725 449 quia

101 467 208 512 veri
240 467 453 523 operarii
488 468 619 524 apud
654 484 741 514 nos
776 467 1020 513 deficiunt.
1059 467 1163 513 Vix
1198 468 1446 512 inuenitur
1483 469 1607 513 inter
1642 486 1728 514 nos

100 543 179 599 qui
215 544 383 589 ruinas
418 543 641 590 Ecclesie
676 545 805 591 serio
839 544 1033 590 defleat.
1072 543 1205 590 Sane
1239 545 1329 590 nisi
1364 545 1605 590 Dominus
1639 562 1728 591 sua

100 622 441 667 misericordia
464 638 553 667 nos
577 623 807 679 respiciat
832 623 1066 668 mittendo
1087 623 1346 680 operarios
1368 638 1532 679 veros,
1561 623 1727 668 timen-

100 699 212 744 dum
237 707 311 744 est
334 699 532 744 tandem
557 715 617 745 ne
641 700 659 726 b
684 699 887 745 heretici
914 699 1058 756 (sicut
1089 699 1341 745 Christum
1377 700 1538 746 Deum
1564 700 1729 745 viuum

99 785 147 822 et
182 792 353 822 verum
394 776 439 821 in
471 783 486 803 ς
521 786 693 823 nostra
727 777 939 823 ecclesia
978 777 1184 834 pedibus
1223 778 1646 823 conculcauerunt
1685 789 1731 822 et

101 853 393 899 abiecerunt
417 854 448 910 ²²,
476 854 546 899 sic
570 864 618 900 et
653 854 821 900 fideles
855 870 881 899 e
915 863 1087 899 nostro
1123 854 1359 900 Tornaco
1394 866 1509 900 ante
1546 869 1733 911 paucos

100 946 255 976 annos
279 931 546 988 expellant:
575 932 654 988 qui
679 931 738 977 de
762 932 900 977 nobis
931 932 1079 977 etiam
1110 933 1180 989 (vt
1216 932 1329 977 mihi
1365 933 1428 977 ab
1464 932 1571 977 aliis
1606 933 1730 977 rela-

100 1017 202 1054 tum
226 1008 319 1065 est)
345 1008 527 1053 dicunt:
556 1009 638 1054 vbi
669 1018 741 1054 est
766 1010 902 1054 Deus
937 1009 1132 1054 eorum?
1166 1009 1181 1033 3
1216 1025 1333 1055 ecce
1367 1010 1612 1067 quomodo
1650 1009 1731 1053 illa

100 1084 329 1131 Societas
356 1085 613 1131 ihesuitica
638 1087 906 1133 euanescit.
934 1086 984 1132 Si
1011 1102 1134 1144 opus
1159 1103 1187 1132 a
1213 1087 1321 1132 Deo
1346 1087 1534 1139 fuisset,
1567 1087 1730 1143 vtique

99 1163 389 1219 creuissent,
431 1172 477 1209 et
516 1165 920 1220 permansissent.
948 1164 1056 1209 lmo
1092 1165 1309 1221 ipsemet
1346 1164 1491 1209 Dens
1510 1164 1731 1221 flagello

99 1255 192 1286 sno
217 1241 417 1297 expulit
440 1255 539 1286 eos.
574 1241 758 1286 Malum
789 1241 930 1286 nobis
954 1240 972 1267 ‘¹
990 1242 1160 1287 volunt
1194 1241 1489 1299 aduersarii,
1526 1241 1611 1286 sed
1636 1241 1731 1286 Do-

99 1318 258 1364 minus
283 1318 448 1363 omnia
467 1328 632 1364 vertet
650 1319 696 1364 in
716 1319 912 1374 bonum,
937 1319 1072 1364 velut
1091 1319 1137 1364 in
1156 1320 1384 1365 omnibus
1404 1319 1564 1376 magis
1584 1334 1729 1376 quam

100 1405 248 1441 antea
272 1396 534 1454 perspicio3
563 1412 675 1441 nam
700 1412 809 1442 cum
838 1408 994 1442 morte
1029 1407 1312 1443 nostrorum
1343 1397 1548 1442 Patrum
1574 1397 1732 1442 creuit

101 1471 366 1519 Societatis
391 1473 704 1519 desiderium.

157 1550 197 1596 ζ).
262 1550 364 1596 Iam
388 1551 555 1607 plures
579 1551 927 1597 benefactores
952 1561 1000 1597 et
1024 1551 1247 1597 fautores
1271 1568 1414 1597 suum
1446 1563 1726 1608 promptum

100 1627 317 1672 animum
357 1628 621 1674 ostendunt
656 1644 802 1685 quam
838 1629 1119 1674 viuentibus
1159 1629 1274 1685 ipsis
1319 1630 1351 1685 4,
1398 1630 1531 1674 velut
1571 1629 1732 1675 littere

102 1705 517 1750 commendatz‘tie
549 1705 615 1751 V.
654 1705 714 1751 R.
753 1721 862 1751 cum
898 1706 1001 1751 istis
1036 1707 1182 1751 misse
1217 1710 1487 1751 testantur.
1529 1706 1732 1751 Obtz'nm

101 1782 258 1827 etiam
283 1782 480 1828 anxilio
505 1783 716 1827 Donn'tzz'
738 1783 936 1828 litteras
960 1784 1022 1828 ab
1047 1783 1150 1828 istis
1174 1783 1263 1840 piis
1287 1783 1494 1828 dominis
1524 1799 1613 1840 pro
1638 1784 1731 1829 col-

100 1859 231 1916 legio
266 1859 485 1905 Tornaci
520 1860 758 1916 erigendo
791 1867 822 1906 e.
850 1861 1045 1906 Primus
1070 1870 1143 1907 est
1167 1862 1391 1906 dominus
1416 1861 1732 1917 prothonota⁴

102 1937 204 1982 rius
227 1937 286 1983 de
310 1938 528 1984 Bredam
554 1938 783 1994 (vocatus
815 1953 846 1984 α
879 1939 1201 1997 Burgundio
1232 1940 1410 1985 Petrus
1444 1956 1473 1984 a
1508 1940 1733 1996 Burgun-

101 2015 216 2073 dia),
245 2016 513 2062 canonicus
538 2021 614 2062 est
634 2017 836 2062 maioris
861 2018 1102 2064 ecclesiae
1127 2019 1454 2073 tornacensis,
1485 2019 1597 2064 licet
1631 2018 1733 2075 ipse

102 2093 440 2150 episcopatum
475 2095 782 2150 contempsit.
822 2094 919 2139 Vir
956 2095 1148 2149 noloilis5
1192 2095 1299 2152 pius
1337 2107 1384 2141 et
1423 2095 1734 2141 doctissimus

101 2170 259 2215 simul.
287 2170 381 2216 Hic
405 2172 538 2216 solus
561 2171 571 2197 f
607 2181 775 2228 posset
800 2187 888 2216 nos
908 2188 1208 2229 promouere
1227 2184 1273 2218 et
1293 2173 1556 2229 collegium
1577 2172 1733 2228 erige-

102 2263 172 2293 re:
199 2256 389 2293 tantum
415 2249 546 2294 n‘zz‘lzz‘
566 2256 584 2282 g
607 2249 738 2306 cupit
762 2258 1009 2306 prestare,
1036 2261 1272 2306 quantum
1298 2267 1513 2307 vnquam
1540 2251 1615 2305 pie
1639 2265 1732 2294 me-

103 2325 259 2370 morie
284 2325 336 2371 P.
365 2325 645 2382 Quindnus,
673 2335 884 2383 excepto
911 2327 1040 2383 quod
1064 2328 1280 2384 seipsum
1304 2328 1519 2372 nundum
1542 2327 1730 2382 obtulit3
1781 2346 1783 2348 ·

103 2402 247 2448 video
271 2412 436 2449 tamen
463 2403 509 2448 in
539 2403 643 2460 ipso
678 2404 860 2450 bonam
896 2405 1204 2467 voluntatem
1239 2415 1287 2451 et
1321 2405 1614 2451 desiderium
1650 2405 1733 2449 ali-

150 2577 167 2598 a
199 2571 420 2618 singularis
439 2571 545 2608 enim
566 2570 687 2608 ferus.
744 2592 768 2595 -
789 2571 808 2597 b
840 2572 918 2609 lzoc
936 2583 974 2608 v.
997 2572 1102 2609 add.
1123 2577 1260 2619 supra
1283 2584 1388 2609 vers.
1412 2571 1564 2608 eadem
1581 2582 1733 2608 manu.

104 2637 166 2658 —c
198 2631 238 2667 in
253 2636 508 2668 sacramento
523 2631 575 2668 in.
631 2631 697 2658 —d
729 2631 840 2668 Male
856 2632 1018 2678 quidem
1035 2632 1161 2669 nobis.
1217 2653 1248 2657 —-
1263 2640 1278 2659 e
1312 2631 1505 2675 erigendo
1520 2636 1733 2668 testantur.

104 2689 161 2716 -f
202 2690 354 2737 (vtpote
382 2690 638 2738 imperatoris
670 2692 1027 2738 consanguineus).
1081 2700 1148 2727 -g
1183 2693 1308 2728 nobis.

156 2843 164 2861 ¹
217 2841 283 2879 ΡΞ,
304 2840 502 2885 LXXIX,
526 2841 582 2878 14.

153 2900 166 2920 ²
218 2899 282 2937 Cf.
303 2900 491 2938 POLANCI
515 2901 685 2945 Clzron„
706 2901 760 2946 V,
781 2902 863 2939 303.

152 2962 164 2980 ³
216 2959 280 2998 Cf.
302 2961 369 2997 ΡΞ..
390 2960 481 3007 XL,
503 2961 525 2997 4
544 2966 584 2998 et
605 2961 659 2998 11.

152 3021 166 3040 ⁴
219 3020 361 3057 «Multi
380 3021 575 3067 canonici,
597 3021 712 3058 multi
733 3027 929 3069 pastores,
952 3022 1065 3057 multi
1088 3020 1241 3056 nobiles
1269 3025 1308 3056 et
1334 3021 1472 3067 plures
1493 3026 1738 3059 mercatores

106 3079 201 3115 mihi
220 3092 333 3116 suam
352 3080 682 3117 beneuolentiam
701 3082 889 3117 continue
909 3081 1138 3124 ostendunt,
1160 3079 1261 3116 sicut
1279 3081 1400 3116 etiam
1418 3081 1553 3118 littere
1569 3082 1738 3118 duorum

106 3151 197 3175 cum
216 3139 362 3176 nostris
380 3140 499 3176 misse
520 3145 758 3177 testantur.»
782 3140 834 3177 Β.
