2051 3516
546 315 957 354 173.—SALMANT1CA
984 325 1119 352 MENSE
1144 314 1266 361 MAJo
1296 314 1385 351 1558
1668 313 1737 350 607

152 413 398 469 Imprimis
423 412 495 469 (vt
525 411 584 457 de
619 427 756 456 more
790 410 1051 467 habemus)
1088 426 1347 455 numerum
1382 410 1552 466 accipe
1591 425 1781 465 eorum,

150 491 229 548 qui
254 491 301 536 in
324 490 418 535 hoc
442 489 655 545 collegio
680 498 1071 534 commorantur:
1101 503 1268 533 sumus
1293 486 1419 532 enirn
1443 487 1649 543 triginta
1668 487 1781 543 duo,

150 569 278 614 inter
303 583 425 625 quos
449 575 561 612 sunt
585 581 763 611 nouem
784 566 980 617 Patres,
1004 565 1177 621 reliqui
1198 573 1365 610 autem
1385 565 1588 619 fratres,
1610 572 1658 609 et
1677 563 1784 609 fere

150 661 321 692 omnes
346 643 568 702 (Christo
593 643 806 700 gratias)
832 643 992 688 salute
1017 658 1260 699 prospera
1284 643 1623 698 perfruuntur,
1652 641 1785 697 quin-

151 738 244 781 que
268 720 613 768 tantummodo
637 721 875 777 exceptis,
903 735 1114 776 quorum
1139 729 1241 764 tres
1272 719 1487 764 tertiana
1511 718 1664 764 febris
1690 734 1787 763 non

151 800 314 845 multis
339 798 518 844 abhinc
542 797 730 851 diebus,
759 797 909 842 alium
936 812 1057 842 vero
1083 806 1331 853 quartana
1355 796 1535 842 iamdiu
1559 805 1633 841 est
1658 796 1787 854 quod

151 877 474 935 pertinaciter
513 884 728 931 torquet;
769 875 849 932 qui
894 885 1138 931 superest,
1180 875 1419 920 sacerdos
1459 883 1532 919 est
1571 873 1785 930 quidam,

151 956 232 1012 qui
256 964 400 1000 atrae
419 953 530 999 bilis
553 956 573 973 ³
590 952 857 1009 aliquando
877 952 1050 997 furore
1069 961 1329 1007 correptus
1349 952 1483 996 diras
1502 951 1688 1008 patitur
1707 967 1789 997 an-

152 1032 446 1085 xietudines3
490 1030 576 1075 sed
610 1030 654 1074 in
692 1029 889 1074 Domini
928 1028 1114 1085 pietate
1153 1027 1442 1073 confidimus
1483 1029 1638 1085 ipsum
1678 1043 1790 1073 cum

152 1110 366 1157 caeteris
390 1108 594 1154 infirmis
613 1108 753 1153 breui
773 1106 835 1151 ad
856 1106 1104 1161 integram
1129 1106 1393 1151 sanitatem
1415 1104 1788 1151 restituendum.

211 1188 253 1233 2.
321 1186 465 1244 Quod
492 1201 615 1231 vero
639 1184 816 1230 attinet
835 1184 898 1229 ad
916 1183 1227 1240 spiritualem
1251 1182 1531 1239 profectum
1555 1184 1790 1240 omnium,

155 1276 230 1313 est
253 1265 480 1323 profecto
517 1265 561 1309 in
597 1279 693 1320 quo
729 1261 931 1307 Christo
967 1259 1181 1306 Domino
1215 1276 1412 1318 semper
1447 1261 1640 1317 gratias
1674 1277 1793 1319 aga-

157 1360 282 1390 mus.
310 1343 539 1388 Habetur
564 1341 693 1386 enim
719 1349 901 1385 exacta
925 1354 1048 1384 cura
1073 1354 1198 1395 erga
1222 1338 1568 1394 obedientiam,
1598 1340 1794 1395 regula-

155 1438 264 1468 rum
289 1419 694 1467 obseruationem
719 1427 768 1463 et
792 1415 1241 1473 mortificationem,
1269 1416 1315 1461 in
1335 1432 1432 1473 qua
1452 1416 1577 1461 adeo
1597 1416 1795 1461 assidue

155 1514 324 1545 omnes
355 1506 675 1551 exercentur,
713 1503 767 1540 vt
801 1494 1028 1552 quamuis
1062 1493 1280 1549 alioquin
1314 1493 1469 1539 literis
1504 1503 1703 1550 vacent,
1745 1504 1795 1538 ut

154 1577 368 1633 collegio
402 1574 650 1629 conuenit,
688 1573 861 1618 forsan
897 1583 1081 1628 tamen,
1120 1572 1200 1629 qui
1230 1572 1276 1617 in
1311 1572 1458 1617 domo
1488 1572 1797 1628 probationis

156 1655 393 1711 existunt,
420 1652 465 1698 in
496 1653 590 1697 hac
614 1660 758 1708 parte
783 1650 876 1695 illis
899 1651 1116 1707 palmam
1142 1665 1237 1694 non
1263 1649 1491 1706 eripiant.
1514 1649 1707 1695 Placuit
1732 1650 1795 1695 di-

154 1733 301 1778 uinae
320 1730 629 1788 benignitati,
649 1738 700 1775 vt
724 1729 770 1773 in
795 1728 899 1773 dies
918 1728 964 1772 in
983 1727 1077 1772 hoc
1096 1728 1157 1772 sit
1178 1727 1383 1772 vberior
1403 1727 1675 1784 profectus.
1699 1727 1796 1784 Qui

157 1810 286 1856 domi
312 1824 521 1855 munera
545 1807 711 1864 aliqua
737 1807 937 1861 obeunt,
963 1805 1056 1851 illis
1082 1805 1344 1861 diligenter
1378 1821 1582 1862 operam
1617 1805 1796 1862 impen-

156 1890 292 1942 dunt,
320 1897 470 1944 atque
494 1886 563 1932 ita
588 1895 781 1942 tempus
807 1884 1106 1930 distribuunt
1124 1883 1348 1940 singulis,
1371 1894 1424 1929 vt
1444 1884 1622 1934 ocium,
1646 1884 1796 1928 indul-

157 1965 502 2024 gentissimum
528 1963 763 2008 vitiorum
790 1977 988 2018 parens,
1016 1962 1300 2007 nullatenus
1330 1962 1459 2018 apud
1494 1961 1602 2007 illos
1638 1962 1797 2007 locum

161 2043 382 2090 inuenire
407 2042 576 2100 possit.

219 2122 262 2167 3.
334 2118 630 2167 Scholastici
655 2133 796 2175 vero,
823 2133 1034 2175 quorum
1066 2117 1305 2163 tredecim
1340 2117 1661 2175 theologiam,
1699 2127 1801 2163 tres

161 2215 285 2246 vero
309 2198 623 2244 dialecticam
655 2206 703 2241 et
738 2195 1100 2252 philosophiam
1135 2193 1447 2251 profitentur,
1485 2211 1582 2240 non
1618 2195 1797 2240 medio-

161 2293 294 2323 crem
353 2276 588 2322 adhibent
647 2273 953 2330 diligentiam
1012 2282 1115 2317 tum
1166 2272 1445 2328 audiendis,
1498 2282 1599 2318 tum
1650 2273 1799 2318 etiam

163 2354 443 2412 relegendis
487 2351 797 2398 lectionibus.
844 2350 898 2395 In
938 2356 1239 2407 ‘vnaquaque
1278 2361 1442 2395 autem
1487 2350 1802 2396 hebdomada

160 2434 406 2479 habentur
439 2429 666 2488 publicae
701 2428 1063 2484 conclusiones,
1102 2438 1250 2484 atque
1285 2428 1331 2473 id
1366 2428 1561 2484 quidem
1596 2429 1802 2474 alternis

162 2511 369 2567 vicibus,
397 2524 526 2555 nunc
551 2508 596 2553 in
622 2507 947 2564 philosophia,
975 2522 1105 2551 nunc
1125 2523 1247 2551 vero
1269 2506 1312 2551 in
1335 2507 1604 2563 theologia,
1629 2507 1803 2564 quibus

162 2590 405 2635 intersunt
429 2585 728 2642 scholastici,
756 2585 836 2630 alii
862 2584 1105 2642 ingeniosi
1125 2585 1266 2629 huius
1286 2585 1593 2641 academiae,
1616 2585 1698 2630 alii
1717 2601 1800 2642 ge-

163 2666 329 2712 nerosi
355 2676 401 2710 et
433 2665 668 2720 illustres;
707 2662 934 2719 collegae
969 2662 1116 2707 etiam
1151 2677 1214 2707 ex
1248 2662 1355 2707 aliis
1390 2662 1614 2719 collegiis
1651 2662 1803 2707 variis

163 2745 258 2789 huc
283 2743 575 2800 frequenter
599 2741 758 2785 solent
782 2739 1076 2785 aduentare.
1111 2739 1206 2795 Qui
1243 2739 1440 2795 quidem
1476 2755 1648 2785 omnes
1681 2741 1803 2786 satis

165 2820 411 2867 aedificati
437 2820 660 2875 beneque
685 2817 910 2875 persuasi
934 2818 1189 2867 recedunt,
1218 2826 1319 2862 tum
1339 2817 1398 2862 de
1417 2817 1678 2873 modestia,
1700 2827 1804 2863 tum

168 2898 318 2944 etiam
359 2897 418 2942 de
454 2895 653 2952 ingenio
688 2895 942 2952 literisque
975 2903 1260 2940 nostrorum
1295 2894 1525 2952 fratrum,
1563 2905 1611 2940 et
1644 2895 1691 2940 in
1725 2912 1805 2941 ar-

166 2975 401 3032 gue[ndo]
429 2974 447 3001 b
471 2973 661 3030 pariter
681 2982 729 3018 et
748 2972 1109 3029 respondendo.
1132 2970 1305 3018 Solent
1325 2972 1472 3018 etiarn
1490 2973 1646 3019 nostri
1666 2974 1803 3019 scho-

212 3144 231 3162 a
282 3143 374 3179 vilis
395 3152 475 3179 ms.
531 3153 596 3180 —b
641 3141 845 3178 Abscissa
866 3141 1032 3177 charta.
