2051 3516
374 289 444 325 772
848 287 1067 323 LITTERAE
1093 286 1451 331 QUADRIMESTRES

326 399 415 429 nos
439 382 527 438 ipsi
552 380 776 436 uidimus)
802 390 850 425 et
873 380 996 426 duos
1019 381 1289 426 catholicos
1313 381 1694 426 concionatores
1714 380 1837 425 mitti
1857 380 1948 425 sibi

326 459 506 504 obnixe
531 457 695 502 orauit
719 458 750 501 ¹.
778 456 1038 513 Quaesiuit
1061 458 1245 514 consul,
1274 456 1614 513 quaesiuimus.
1635 471 1740 511 nos,
1778 457 1950 513 quibus

326 534 498 581 consul
522 532 855 590 commiserat;
882 549 973 578 nec
997 542 1165 578 rector
1198 533 1552 587 uniuersitatis,
1588 548 1679 577 nec
1712 533 1948 590 theologi,

328 626 417 656 nec
441 610 697 668 quisquam
721 610 1143 661 concionatorem,
1170 610 1249 666 qui
1273 609 1479 654 miseros
1502 609 1610 654 illos
1644 609 1819 654 iuuare
1853 610 1950 655 uel-

327 689 409 743 let,
442 687 787 732 demonstrare
820 686 993 744 potuit.
1031 685 1478 731 Concionatoribus
1513 694 1779 742 praeterea
1812 697 1952 731 caret

326 764 640 820 episcopatus
659 763 977 819 treuerensis;
1001 777 1157 819 quare
1177 763 1307 819 apud
1325 762 1751 819 archiepiscopum
1771 762 1833 807 D.
1856 761 1952 806 suf-

326 840 600 896 fraganeus
629 840 643 863 2
678 849 726 885 et
759 840 820 884 D.
858 839 1035 883 Petrus
1069 837 1272 895 Fagius,
1309 847 1481 895 pastor
1511 838 1868 895 popardiensis‚
1906 849 1955 883 et

327 915 544 962 nonnulli
568 915 649 960 alii
673 915 765 960 hoc
789 923 962 971 agunt,
990 925 1039 959 ut
1063 913 1292 959 Societas
1315 929 1374 959 eo
1404 925 1625 970 uocetur,
1662 924 1710 959 et
1743 913 1840 958 iam
1875 929 1953 958 ru-

325 1008 436 1038 mor
459 1001 532 1038 est
555 992 735 1037 nostris
760 993 960 1037 bursam
984 1003 1067 1036 aut
1092 991 1445 1036 monasterium
1480 992 1709 1036 dandum.
1746 989 1953 1035 Concio-

328 1078 531 1115 natores
555 1068 900 1113 desiderantur
923 1067 968 1112 in
993 1067 1171 1124 Frisia3
1200 1083 1356 1124 quare
1380 1076 1428 1112 et
1452 1067 1668 1112 nonnulli
1696 1082 1755 1112 eo
1789 1065 1953 1112 Socie-

326 1155 481 1192 tatem
503 1144 675 1190 uocari
699 1143 998 1200 desiderant,
1026 1152 1074 1189 et
1097 1144 1143 1188 in
1168 1143 1338 1200 primis
1367 1143 1429 1188 D.
1456 1143 1735 1188 Vilhelmus
1757 1142 1954 1199 Lynda-

325 1238 435 1278 nus,
462 1221 596 1278 regis
625 1220 1010 1266 commissarius.
1049 1220 1443 1266 Concionatores
1477 1220 1653 1265 desunt
1685 1220 1732 1265 in
1767 1219 1952 1265 ditioni-

324 1300 418 1345 bus
441 1298 672 1355 principis
697 1297 865 1351 Iuliae3
893 1312 1049 1353 quare
1074 1297 1249 1352 religio
1274 1296 1452 1342 ibidem
1476 1296 1605 1341 haud
1630 1312 1805 1353 parum
1831 1296 1953 1352 peri-

327 1377 542 1422 clitatur.
571 1373 846 1420 Succurrat
870 1374 1005 1419 Deus
1032 1383 1241 1430 mature,
1270 1389 1329 1418 ne
1354 1373 1545 1430 penitus
1568 1388 1751 1429 magno
1784 1383 1955 1418 nostro

326 1463 375 1499 et
409 1452 625 1498 omnium
661 1451 791 1496 malo
825 1459 1015 1506 pereat.
1053 1449 1307 1495 Haeretici
1343 1465 1439 1494 non
1473 1449 1737 1506 dormiunt3
1770 1449 1809 1494 si
1843 1448 1955 1506 quid

328 1529 587 1576 Ecclesiae
612 1527 807 1584 eripere
832 1537 1053 1583 possunt,
1080 1543 1177 1571 non
1202 1526 1444 1572 omittunt.
1473 1526 1678 1571 Vtinam
1708 1541 1860 1571 canes
1883 1541 1955 1571 es-

327 1616 436 1651 sent
459 1605 538 1661 qui
564 1606 822 1656 latrarent,
846 1613 894 1648 et
918 1603 1112 1648 uineam
1138 1603 1250 1648 Dni.
1278 1603 1490 1648 sabaoth
1511 1602 1848 1648 defenderent.

385 1683 428 1728 3.
496 1682 633 1726 Deus
657 1681 749 1733 hic,
777 1696 938 1736 spero,
968 1680 1129 1736 eriget
1162 1690 1210 1725 et
1241 1679 1455 1725 firmabit
1488 1679 1752 1735 collegium
1787 1679 1849 1724 ad
1883 1679 1955 1724 his

326 1758 559 1816 periculis
583 1757 962 1802 occurrendum.
991 1756 1139 1802 Mittit
1163 1757 1256 1801 huc
1285 1757 1613 1802 instrumenta
1647 1756 1846 1812 optima;
1875 1757 1955 1801 det

325 1835 468 1881 nobis
491 1834 709 1891 gratiam
734 1842 785 1878 ut
809 1834 877 1878 ita
902 1849 962 1878 ea
986 1842 1226 1889 aptemus,
1255 1848 1349 1890 quo
1373 1833 1639 1889 aliquando
1659 1848 1746 1888 per
1765 1848 1825 1877 ea
1843 1848 1954 1888 ger-

327 1912 523 1958 manica
562 1912 656 1956 heu
696 1911 878 1956 misera
912 1910 1109 1955 nimium
1144 1911 1340 1955 iuuetur
1373 1909 1600 1955 ecclesia.
1639 1910 1774 1955 Deus
1809 1909 1955 1955 dubio

325 1992 497 2046 procul
532 1987 836 2033 Societatem
872 1986 1111 2032 Coloniae
1146 2002 1255 2032 esse
1293 1986 1463 2043 uoluit,
1507 1997 1557 2031 ut
1596 1985 1829 2031 finitimae
1868 2001 1956 2042 per

327 2081 439 2112 eam
460 2064 694 2121 regiones
717 2074 1132 2119 sustentarentur,
1159 2079 1272 2109 nam
1291 2079 1320 2108 a
1340 2064 1482 2109 ruina
1501 2063 1630 2108 haud
1650 2064 1821 2119 procul
1841 2064 1954 2109 abe-

328 2153 455 2188 rant.
484 2141 637 2186 Dabit
660 2151 924 2197 propterea
948 2141 986 2185 is
1011 2156 1204 2197 quoque
1228 2140 1271 2186 ei
1295 2151 1550 2197 patronos,
1572 2140 1650 2196 qui
1670 2140 1956 2185 necessaria

328 2218 637 2275 suppeditent
660 2226 709 2262 et
733 2217 968 2262 redditus.
992 2215 1228 2262 Senatum
1248 2226 1512 2273 patronum
1532 2217 1787 2272 habemus;
1809 2216 1955 2261 habe-

327 2310 433 2340 mus
468 2304 517 2340 et
551 2293 852 2350 episcopum.
891 2292 1071 2338 Comes
1106 2293 1233 2338 enirn
1269 2309 1298 2338 a
1336 2293 1569 2338 Mansfelt
1609 2294 1623 2317 3
1659 2293 1705 2337 in
1739 2292 1954 2338 defuncti

328 2371 544 2429 episcopi
569 2371 729 2415 locum
755 2371 942 2415 electus
966 2379 1055 2424 est,
1084 2369 1163 2426 qui
1189 2379 1240 2414 ut
1273 2380 1388 2415 ante
1422 2379 1591 2415 noster
1624 2369 1792 2415 fautor
1827 2380 1952 2424 erat,

330 2449 398 2494 ita
422 2457 469 2494 et
493 2463 636 2503 nunc,
659 2457 807 2503 atque
830 2447 961 2492 forte
986 2447 1138 2491 multo
1164 2446 1341 2503 magis.
1369 2446 1478 2491 Non
1504 2446 1672 2503 paucis
1691 2447 1819 2492 enim
1838 2446 1954 2491 indi-

327 2525 406 2570 tiis
441 2524 653 2570 ostendit
687 2539 740 2569 se
775 2525 956 2569 bonum
980 2522 1199 2568 futurum
1227 2523 1507 2580 episcopum
1531 2525 1564 2569 4.
1591 2523 1656 2569 M.
1683 2523 1955 2569 Henricum

329 2601 620 2658 Dionysium
655 2616 798 2646 suum
832 2599 1082 2646 constituit
1116 2599 1161 2644 in
1200 2615 1388 2644 summo
1423 2601 1606 2656 templo
1640 2600 1953 2645 concionato-

328 2694 447 2724 rem.
473 2677 698 2722 Eundem
722 2677 922 2722 Brolam
949 2676 1012 2721 ad
1034 2691 1088 2721 se
1122 2676 1337 2732 uocauit,
1375 2677 1523 2721 misso
1558 2676 1621 2721 ad
1654 2677 1748 2721 hoc
1781 2691 1951 2737 curru.

380 2835 387 2852 ¹
442 2831 505 2869 Cf.
528 2832 716 2873 HANSEN‚
738 2832 813 2868 loc.
835 2831 916 2873 cit..
936 2830 1011 2875 310,
1033 2836 1168 2867 annot.
1188 2829 1222 2866 2.

376 2892 388 2910 ²
438 2890 666 2937 Gregorius
684 2890 953 2937 XVirneburg.
974 2889 1087 2932 Ibid„
1108 2889 1188 2926 311.

375 2951 387 2969 ³
434 2950 613 2996 Joannes
632 2949 889 2986 Gebhardus.

375 3010 387 3028 ⁴
437 3008 542 3045 Eum
563 3021 711 3055 magna
731 3021 779 3045 ex
799 3014 912 3055 parte
936 3008 1132 3045 bonorum
1161 3008 1505 3055 exspectationem
1532 3007 1720 3051 fefellise,
1749 3007 1956 3055 colligitur

326 3080 378 3104 ex
397 3068 445 3104 iis
463 3081 567 3114 quae
587 3069 788 3105 habentur
806 3068 913 3114 apud
932 3068 1120 3111 HANSEN,
1142 3068 1216 3104 loc.
1238 3068 1319 3111 cit..
1340 3067 1410 3104 361.
1430 3080 1514 3114 sqq.
