2051 3516
303 292 372 327 574
771 290 987 326 er'sERAE
1014 290 1365 335 QuADmMEs‘rREs

257 386 385 442 quod
411 395 458 430 et
482 387 641 430 altera
665 385 740 430 die
765 400 946 441 magna
980 384 1191 430 omnium
1225 383 1582 439 approbatione
1616 384 1854 440 praestite

258 472 386 507 runt.
424 461 477 507 In
512 478 607 518 quo
641 471 689 507 et
729 462 843 506 illud
876 462 965 507 fuit
1000 477 1092 506 non
1135 476 1309 516 parum
1350 460 1708 516 admirandum,
1747 461 1875 516 quod

256 538 548 584 breuissimo
573 538 732 593 spatio
758 538 985 594 germani
1009 537 1145 594 pueri
1165 536 1263 592 (qui
1284 537 1523 581 memoria
1548 537 1678 581 nulli
1698 540 1819 581 sunt
1839 537 1874 593 ³)

255 615 453 670 longam
479 628 538 659 (lc
562 614 850 670 elegantem
873 613 1231 659 commoediam
1257 613 1525 657 memoriae
1560 613 1874 657 commenda-

258 691 366 735 rint.
396 688 666 746 Spei-amus
691 689 910 735 futurum
945 699 996 734 ut
1030 706 1091 734 ex
1125 689 1181 733 iis
1215 689 1292 744 qui
1330 689 1510 744 pietate
1545 704 1605 733 ac
1640 688 1793 733 literis
1829 689 1873 733 in

255 767 347 812 hac
385 766 504 825 Jesv
543 766 714 811 schola
753 766 1087 820 instituuntur,
1125 775 1444 809 assumantur
1483 766 1613 821 (cum
1654 765 1699 809 in
1741 766 1874 810 uiros

255 842 600 897 adoleuerint),
628 842 706 897 qui
733 842 1083 898 rempublicam
1116 842 1381 897 prudenter
1406 841 1764 897 administrent,
1793 841 1875 897 qui

257 918 554 975 principibus
587 918 806 963 salubria
840 918 1044 963 consilia
1079 918 1366 974 praebeant,
1394 917 1472 972 qui
1498 917 1691 972 pietatis
1715 917 1871 973 operi-

256 996 345 1039 bus
370 995 760 1051 patrocinentur,
788 995 865 1050 qui
892 995 1000 1039 boni
1034 995 1079 1038 in
1114 993 1206 1038 Dei
1245 992 1470 1037 Ecclesia
1504 993 1790 1037 sacerdotes
1815 1007 1875 1037 ac

256 1082 481 1126 pastores
510 1071 604 1116 sint
628 1070 795 1126 futuri,
822 1071 901 1126 qui
927 1071 1133 1126 denique
1158 1070 1342 1125 pietate
1377 1084 1436 1113 ac
1470 1068 1695 1113 doctrina
1726 1084 1871 1124 popu-

255 1150 325 1193 los
351 1149 417 1193 ita
441 1148 668 1193 erudiant
703 1163 761 1192 ac
796 1149 858 1192 ab
893 1148 1149 1192 erroribus
1174 1158 1425 1203 reuocent,
1454 1156 1504 1190 ut
1529 1146 1590 1190 ad
1618 1146 1870 1190 meliorem

253 1225 518 1281 aliquando
542 1225 736 1281 frugem
762 1225 942 1270 misera
967 1226 1088 1269 haec
1114 1222 1388 1269 Germania
1415 1232 1717 1268 reuertatur.

310 1303 352 1346 5.
381 1320 385 1324 ⁴
420 1302 595 1347 Restat
618 1302 779 1357 mon
807 1302 860 1347 P.
898 1302 1039 1353 Rde.‚
1068 1311 1117 1345 ut
1153 1301 1211 1345 de
1245 1301 1401 1344 nostri
1435 1299 1667 1355 principis
1701 1301 1713 1323 ¹
1750 1315 1874 1355 erga

252 1394 341 1423 nos
364 1379 541 1424 fauore
566 1394 625 1423 ac
650 1379 949 1423 liberalitate
980 1378 1127 1434 <quod
1157 1387 1406 1433 postremo
1432 1378 1539 1421 loco
1564 1376 1730 1421 dicere
1766 1391 1871 1432 pro-

252 1456 552 1511 posueram),
580 1455 799 1500 breuiter
834 1456 1108 1511 expediam.
1140 1454 1258 1498 Eius
1293 1453 1524 1509 principis
1558 1453 1597 1497 is
1630 1468 1755 1508 erga
1784 1468 1889 1497 nos.

252 1543 326 1577 est
366 1547 523 1587 amor,
562 1548 621 1576 ea
656 1532 934 1577 humanitas
969 1548 1027 1576 ac
1064 1530 1422 1577 beneuolentia.
1462 1540 1510 1573 ut
1546 1529 1771 1585 quicquid
1811 1529 1873 1573 ad

250 1625 358 1654 eum
384 1610 441 1653 de
467 1610 605 1654 nobis
630 1609 742 1654 mali
768 1608 1038 1663 deferatur,
1067 1608 1133 1652 ita
1157 1607 1336 1652 falsum
1361 1607 1606 1651 existimet
1630 1621 1689 1651 ac
1715 1607 1868 1661 repel-

251 1686 334 1741 lat,
363 1686 499 1742 qnod
520 1685 538 1712 ὓ
563 1686 840 1730 nullatenus
874 1685 1081 1741 amplius
1118 1684 1375 1739 quisquam
1410 1698 1582 1727 coram
1614 1698 1673 1726 eo
1708 1682 1767 1726 de
1790 1698 1872 1726 no-

251 1761 324 1806 bis
361 1762 743 1806 obmurmurare
774 1762 971 1817 audeat;
1000 1770 1175 1805 contra
1200 1776 1320 1805 uero
1345 1775 1430 1804 eos
1458 1759 1534 1815 qui
1559 1769 1760 1803 nostrae
1785 1757 1872 1803 So-

251 1838 444 1883 cietatis
466 1838 597 1882 uiros
621 1853 680 1882 ac
705 1838 977 1882 institutum
998 1836 1229 1891 efferunt,
1251 1835 1594 1891 complectitur
1613 1850 1673 1879 ac
1697 1834 1868 1891 diligit;

250 1915 387 1959 cuius
413 1915 483 1959 rei
508 1914 726 1959 inditium
752 1914 947 1970 quidam
983 1913 1123 1958 huius
1158 1912 1373 1957 ciuitatis
1408 1911 1695 1956 sacerdotes
1728 1910 1869 1955 dede-

253 2002 381 2045 runt,
409 1992 486 2047 qui
512 2006 621 2035 cum
647 2000 844 2035 nostros
867 1990 912 2034 in
937 2006 1109 2035 eorum
1142 1989 1363 2034 ecclesiis
1399 1988 1672 2044 spiritualia
1707 2003 1870 2032 mune-

252 2084 309 2112 ra
333 2082 572 2112 exercere
598 2068 806 2111 molesto
831 2066 991 2111 animo
1017 2066 1219 2118 ferrent,
1248 2066 1293 2109 id
1318 2065 1363 2109 in
1388 2065 1604 2121 ipsorum
1639 2064 1869 2108 damnum

252 2160 466 2200 uergere
506 2144 826 2199 arbitrantes,
868 2152 1115 2188 rectorem
1160 2152 1382 2187 nostrum
1422 2150 1776 2196 conuenerunt,
1820 2149 1870 2184 ut

251 2221 379 2276 quod
405 2236 433 2264 a
457 2220 674 2276 principe
709 2229 878 2275 petere
912 2234 1005 2263 non
1042 2219 1296 2269 auderent,
1324 2234 1353 2262 a
1386 2217 1579 2265 nostris.
1608 2232 1667 2261 ne
1691 2216 1887 2261 talibus.

250 2297 479 2342 uidelicet
504 2296 679 2341 muniis
713 2311 766 2340 se
790 2295 1000 2351 amplius
1026 2295 1372 2351 immiscerent,
1400 2304 1546 2350 pacto
1572 2294 1867 2349 obtinerent;

250 2374 316 2418 ita
341 2374 466 2418 enim
492 2372 812 2429 (inquiebant)
838 2372 1062 2428 princeps
1090 2387 1176 2416 uos
1200 2371 1373 2428 diligit,
1398 2381 1447 2416 ut
1472 2370 1648 2415 nullius
1673 2371 1869 2415 omnino

248 2450 466 2505 petitioni
492 2459 667 2494 contra
693 2464 781 2493 uos
805 2458 1005 2493 annuat.
1033 2447 1301 2492 Rectorem
1327 2463 1520 2503 quoque
1554 2455 1775 2491 nostrum
1805 2447 1870 2491 in·

248 2526 545 2570 simulabant
569 2526 682 2581 quia
706 2524 933 2581 quicquid
965 2525 1110 2568 uellet
1144 2539 1173 2568 a
1208 2524 1425 2580 principe
1461 2524 1615 2568 literis
1638 2523 1884 2578 impetra-v

248 2612 340 2647 ret.
368 2602 533 2658 Atque
557 2601 597 2646 is
621 2617 746 2658 erga
769 2616 858 2646 nos
881 2600 1114 2657 principis
1138 2616 1279 2645 amor
1304 2599 1471 2656 efficit,
1500 2611 1549 2644 ut
1573 2600 1787 2644 maxima
1822 2600 1869 2644 in

248 2696 337 2724 nos
362 2679 601 2724 beneficia
626 2679 858 2723 conferre
884 2693 977 2722 non
1003 2677 1223 2722 desistat:
1246 2686 1413 2722 certos
1437 2693 1527 2733 pro
1551 2677 1763 2733 collegio
1787 2691 1868 2721 no-
1914 2719 1921 2724 ,

248 2768 351 2800 stro
378 2756 596 2801 redditus
621 2755 913 2811 assignauit,
940 2769 1061 2810 quos
1086 2755 1148 2799 ab
1173 2754 1494 2798 uniuersitate
1519 2754 1610 2798 hac
1636 2753 1883 2809 ingolstae

293 2928 309 2947 ³
378 2934 455 2957 non
476 2922 687 2957 admodum
708 2922 862 2967 pollere
883 2921 1025 2956 solent.
1081 2919 1145 2946 —b
1193 2924 1243 2955 vt.

295 3084 303 3100 ¹
359 3080 555 3116 Albertus
580 3080 628 3119 V,
651 3080 852 3116 Bavariae
872 3080 966 3115 dux.
