2051 3516
343 305 411 341 7136
806 305 1023 344 LITTERAE
1049 305 1401 351 QUADRIMESTRES

300 415 465 470 magni
489 415 736 460 clamores
759 416 1041 461 excitantur
1065 415 1128 460 ab
1152 415 1224 471 iis,
1253 431 1359 461 cum
1392 416 1563 472 quibus
1587 415 1725 461 nobis
1758 415 1817 461 de
1841 431 1916 461 ra-

298 491 429 535 tione
453 490 726 536 studiorum
759 507 1117 548 saepenumero
1152 503 1529 537 controuersum
1564 492 1742 537 fuerat.
1777 491 1916 538 Obsi-

298 568 470 612 stimus
494 576 657 613 tamen
681 568 901 614 ferendo.
930 568 1243 625 Quamquam
1264 569 1599 626 superioribus
1618 569 1789 614 diebus
1808 584 1916 614 cum

299 660 446 690 aures
469 644 587 690 Ill.mi
613 646 966 702 gubernatoris
991 648 1002 670 ¹
1045 646 1255 692 assiduis
1289 647 1573 692 rumoribus
1606 655 1914 702 onerassent,

297 722 471 777 illeque
495 722 688 778 negocii
713 738 954 768 summam
981 723 1239 768 reuerendi
1264 724 1478 780 episcopi
1515 723 1701 768 vicario
1726 724 1740 747 2
1765 723 1911 768 comi-

295 799 454 854 sisset,
482 814 540 844 eo
566 800 771 845 redacta
797 816 876 845 res
900 810 989 856 est,
1017 815 1220 845 necesse
1244 800 1383 845 nobis
1408 811 1459 845 ut
1482 800 1630 845 fuerit
1653 801 1916 857 discipulos

297 885 492 921 nostros
517 876 579 921 ad
604 893 712 922 eum
744 877 1005 933 deducere,
1039 892 1135 933 quo
1168 877 1479 933 experiretur
1514 888 1748 934 quantum
1781 878 1827 922 in
1864 894 1917 923 re

297 953 517 998 literaria
541 954 883 1009 profecissent.
910 953 1010 998 Res
1036 969 1157 998 uero
1182 953 1426 999 foeliciter
1445 953 1609 1011 cessit,
1632 970 1744 999 nam
1765 954 1914 999 abun·

296 1030 355 1074 de
379 1039 426 1074 et
452 1030 640 1075 vicario
665 1031 754 1087 ipsi
779 1040 827 1076 et
852 1031 906 1075 iis
925 1031 1004 1086 qui
1029 1031 1253 1087 aderant,
1277 1031 1580 1076 satisfecere.
1604 1030 1826 1076 Tandem
1844 1047 1915 1076 se-

297 1108 414 1152 data
437 1116 706 1164 tempestas
742 1107 846 1164 fuit,
883 1108 967 1152 sed
992 1107 1171 1152 cotidie
1196 1108 1446 1164 procellae
1469 1107 1743 1153 huiusmodi
1766 1116 1915 1163 atque

295 1184 516 1230 turbines
539 1185 780 1230 oriuntur.
809 1184 954 1240 Quod
979 1184 1090 1229 dum
1115 1186 1177 1229 ad
1202 1200 1276 1230 me
1297 1184 1478 1241 refero,
1501 1185 1626 1230 duco
1646 1200 1754 1230 esse
1773 1201 1914 1241 peru-

297 1262 378 1307 tile
403 1278 461 1307 ne
487 1278 700 1320 unquam
724 1263 1035 1318 negligentes
1060 1277 1119 1306 ac
1144 1261 1365 1306 dissoluti
1389 1277 1497 1307 esse
1521 1261 1779 1318 possimus.
1807 1261 1914 1307 Hoc

297 1354 418 1383 uero
453 1355 558 1394 nos,
595 1338 711 1383 forti
736 1349 788 1384 ut
812 1338 962 1383 simus
994 1338 1157 1382 animo
1192 1338 1503 1394 adhortatur,
1532 1338 1660 1394 quod
1697 1338 1812 1382 nihil
1837 1353 1916 1383 un-

298 1431 443 1472 quam
465 1415 703 1461 Societati
733 1415 841 1461 Iesu
876 1425 976 1460 tam
1011 1430 1170 1472 graue
1201 1416 1471 1471 periculum
1505 1415 1767 1471 portendit,
1805 1415 1916 1472 quin

296 1508 489 1549 semper
508 1508 750 1538 summam
774 1493 820 1537 in
846 1492 1039 1537 laudem
1070 1503 1115 1537 et
1139 1492 1542 1548 tranquillitatem
1577 1501 1914 1537 conuertatur.

352 1570 395 1615 5.
465 1569 541 1614 Ex
564 1570 810 1626 discipulis
835 1585 973 1626 uero,
1001 1569 1090 1614 etsi
1116 1569 1250 1614 multi
1272 1579 1384 1614 sunt
1405 1569 1484 1625 qui
1503 1567 1768 1614 Societatis
1789 1569 1917 1614 insti-

295 1657 454 1692 tutum
499 1648 722 1704 probent,
769 1656 917 1703 atque
962 1646 1088 1692 trahi
1138 1646 1388 1703 religionis
1431 1646 1591 1691 studio
1635 1646 1915 1698 uideantur,

297 1740 420 1768 vnus
445 1733 609 1769 tamen
634 1724 893 1769 dumtaxat
916 1723 1159 1768 admissus
1179 1732 1267 1778 est,
1290 1738 1434 1779 quem
1454 1738 1515 1768 ex
1534 1732 1618 1767 tuo
1637 1723 1771 1768 iussu
1792 1723 1917 1767 Lau-

299 1811 458 1846 retum
483 1801 718 1857 misimus,
751 1801 1117 1846 adolescentem
1152 1801 1311 1845 bonae
1344 1800 1517 1845 indolis
1551 1811 1597 1845 et
1630 1800 1748 1856 spei,
1785 1800 1831 1844 in
1866 1815 1918 1844 re

295 1887 461 1922 autem
486 1878 708 1924 literaria
731 1884 748 1904 ³
777 1877 1090 1922 mediocriter
1121 1888 1388 1922 uersatum.
1416 1876 1468 1921 Id
1492 1892 1522 1921 a
1541 1877 1680 1922 nobis
1699 1877 1802 1921 eius
1819 1876 1916 1921 fra-

297 1965 372 2000 ter
397 1955 558 2000 multis
583 1970 694 2000 cum
719 1955 985 2010 lachrymis
1003 1954 1267 2009 contendit,
1296 1954 1424 2011 quod
1447 1954 1661 1999 fortasse
1686 1954 1917 1999 obtinuis-

295 2041 385 2087 set,
412 2032 501 2076 nisi
532 2032 803 2077 tenerrima
838 2031 857 2058 ¹³
880 2040 1045 2076 aetate
1080 2031 1312 2086 (nondum
1346 2031 1473 2075 enim
1508 2030 1750 2076 decimum
1785 2031 1916 2088 quin-

294 2118 396 2154 tum
421 2124 600 2154 annum
624 2109 806 2165 attigit)
831 2108 1167 2165 impediretur.
1196 2106 1295 2153 Sed
1320 2107 1378 2152 de
1403 2108 1495 2153 hoc
1518 2107 1643 2152 alias
1667 2107 1824 2163 plura.

355 2187 395 2231 7.
464 2186 541 2231 Ex
565 2185 739 2231 officiis
763 2201 885 2231 uero
910 2185 1167 2230 charitatis
1191 2200 1249 2229 ac
1275 2200 1442 2229 rerum
1466 2184 1744 2230 diuinarum
1765 2184 1911 2229 admi-

295 2263 601 2321 nistratione,
644 2279 876 2320 magnum
913 2262 1135 2307 omnibus
1169 2262 1484 2319 praesidium,
1523 2261 1600 2318 qui
1634 2270 1915 2307 nostrorum

296 2357 448 2397 opera
472 2341 540 2386 uti
571 2342 756 2397 uolunt,
783 2350 930 2398 atque
963 2340 1148 2385 utilitas
1182 2350 1459 2396 promanat.
1498 2339 1729 2385 Vaca-tur
1762 2340 1918 2385 sacris

295 2419 612 2464 concionibus
646 2418 890 2474 frequenti
924 2417 1187 2462 admodum
1223 2432 1427 2472 corona,
1463 2416 1547 2461 sed
1583 2417 1748 2472 plures
1782 2425 1918 2461 certe

297 2496 502 2552 coirent,
530 2495 618 2540 nisi
644 2506 689 2541 et
714 2494 955 2551 angustiis
978 2494 1143 2550 templi
1169 2505 1213 2539 et
1238 2494 1331 2539 loci
1352 2493 1702 2538 incomoditate
1721 2493 1916 2549 impedi-

343 2694 359 2713 a
403 2686 610 2723 Praececl.
632 2698 670 2723 v.
693 2686 797 2723 add.
821 2690 958 2732 supra
977 2696 1085 2722 vers.
1140 2685 1204 2712 —b
1238 2685 1445 2721 Pmeoed.
1468 2697 1505 2722 v.
1528 2684 1632 2721 add.
1653 2689 1790 2730 supra
1805 2695 1914 2730 vers:

297 2747 402 2783 Post
418 2759 457 2783 v.
479 2752 613 2783 aetate
641 2750 885 2793 sequuntur
901 2746 988 2782 dno
1007 2756 1074 2782 vv.
1095 2745 1249 2789 deleta,
1271 2756 1383 2790 quae
1401 2746 1538 2790 legere
1557 2746 1802 2791 nequimus.

345 2934 352 2952 ¹
406 2932 512 2969 Vide
532 2945 624 2978 pag.
645 2932 727 2975 477,
749 2936 884 2968 annot.
909 2931 940 2967 1.

342 2992 355 3012 ²
404 2991 748 3028 Praecedentibus
767 2991 882 3027 annis
901 2995 989 3026 erat
1007 2989 1181 3026 vicarius
1206 2989 1380 3035 episcopi
1406 2988 1572 3025 Marcus
1591 2987 1796 3024 Antonius
1815 2986 1915 3032 Ora-

296 3051 424 3094 dinus,
441 3063 560 3097 quem
576 3050 776 3087 credimus
791 3063 895 3087 anno
912 3049 1003 3085 1558
1017 3049 1145 3086 adhuc
1161 3049 1199 3084 in
1219 3047 1348 3085 officio
1368 3059 1647 3094 perseverare.
1669 3046 1733 3084 Cf.
1756 3046 1915 3083 POLAN-

297 3121 392 3155 CUM,
417 3110 583 3155 (72νοιίἼ
610 3110 659 3155 Υ,
680 3109 739 3147 62.

2040 759 2042 763 .
2032 562 2043 723 -ειω-ωςς-ιν
2030 416 2043 557 zm--A-‘m
2038 401 2041 408 .
2034 362 2041 394 ,μ
2030 348 2035 355 Γ
