2051 3516
521 259 807 297 132.—GENUA
833 259 855 294 7
877 258 1079 305 JANUARH
1110 256 1200 292 1558
1557 253 1625 289 497

131 360 296 405 Suasu
320 358 486 404 Patris
520 358 733 402 rectoris
766 355 1007 413 grandem
1042 352 1280 409 pecuniae
1304 367 1546 397 summam
1572 349 1674 406 qui-

41 439 154 483 dam
188 437 268 493 qui
301 436 363 481 ad
393 436 521 480 hanc
556 434 680 479 diem
716 434 848 478 mala
883 431 977 476 fide
1011 430 1258 475 retinebat
1291 429 1520 485 restituit,
1547 428 1673 473 alius

40 525 207 560 autem
232 529 344 559 eam
369 527 577 557 uxorem
603 512 758 567 duxit,
786 525 882 567 qua
907 518 959 554 ut
983 508 1245 552 meretrice
1270 507 1424 552 multo
1448 516 1674 562 tempore

42 593 207 638 fuerat
231 606 364 636 usus.

130 668 423 724 Inscrz'pz‘z'o.
451 673 479 721 †
503 665 598 711 Ihs.
626 666 690 710 Al
725 681 840 721 muy
875 663 1003 708 Rdo.
1033 678 1093 707 en
1128 660 1280 706 Chre.
1308 661 1405 716 Re,
1432 661 1476 705 el
1511 659 1674 704 Padre

42 745 134 790 M.⁰
158 745 363 797 Lasnez,
392 743 582 788 vicario
607 742 816 798 general
849 741 909 786 de
944 741 991 785 la
1027 738 1306 794 Compafiia
1331 738 1389 783 de
1414 737 1568 782 Iesus.
1598 735 1672 780 En

43 822 201 867 Santa
225 820 388 865 Maria
412 819 488 865 del
512 818 748 864 Estrada.
780 817 854 863 En
878 816 1056 861 Roma.

131 897 310 955 Sigz'llz'
330 897 629 954 vestigium.

812 1095 910 1145 132

491 1208 760 1254 PETRUS
793 1204 1233 1253 ALVARADUS

566 1320 711 1346 GENUA
738 1311 758 1345 7
785 1319 978 1356 JANUARH
1008 1308 1099 1344 1558
1127 1310 1149 1343 ¹.

46 1404 78 1439 1.
112 1401 408 1447 Confessiones
439 1404 478 1437 et
508 1402 839 1436 communiones
870 1398 1102 1435 crebriores
1137 1408 1274 1443 quain
1309 1407 1510 1442 unquam
1536 1395 1679 1441 suere.

117 1462 321 1498 Mulieres
346 1461 488 1497 velato
516 1461 659 1505 capite
677 1459 899 1495 incedunt.
914 1458 989 1493 —2.
1024 1457 1088 1494 De
1106 1457 1258 1493 Patris
1279 1457 1454 1493 rectoris
1473 1456 1682 1492 aliorum-

115 1532 198 1567 que
227 1520 620 1557 contionibus—5.
654 1518 722 1555 De
747 1519 1093 1555 adolescentium
1121 1518 1335 1558 societate,
1369 1517 1442 1552 cui
1467 1518 1686 1561 praesunt

114 1582 317 1617 seniores.
347 1580 478 1616 Multi
505 1590 555 1615 ex
581 1579 650 1615 leis
677 1578 1026 1614 adolescentibus
1054 1577 1277 1622 religiosos
1304 1576 1480 1612 ordines
1498 1578 1603 1611 sunt
1621 1576 1680 1611 in-

111 1639 354 1686 gressi—4.
378 1639 444 1676 De
462 1639 604 1675 libello
624 1650 650 1675 a
671 1638 723 1674 P.
744 1638 941 1683 Gaspare
958 1637 1118 1673 Loarte
1138 1638 1183 1672 in
1205 1637 1346 1672 lucem
1366 1635 1590 1672 edito—5.
1618 1634 1688 1671 De

118 1711 162 1736 re
170 1699 404 1746 familiari
417 1701 456 1735 et
473 1699 633 1745 quanti
646 1698 838 1735 Societas
857 1709 882 1734 a
900 1697 1172 1743 primoribus
1192 1697 1383 1732 civitatis
1391 1696 1495 1741 fiat.
1513 1717 1517 1719 -
1532 1694 1596 1731 -6,
1618 1694 1686 1730 De

115 1760 369 1796 studiorum
396 1759 732 1795 instauratione.
762 1758 1100 1803 Discipulorurn
1120 1755 1442 1792 numerus—7.
1477 1754 1544 1809 De
1562 1754 1685 1791 clzar-

120 1823 270 1856 tarum
291 1818 414 1855 ludo.

110 1905 148 1949 1.
214 1909 240 1957 †
262 1903 401 1963 jhus.
429 1903 713 1948 Admodum
736 1901 843 1946 R.‘¹‘³
873 1901 918 1946 in
944 1901 1035 1946 X.0
1060 1900 1141 1945 Pr.
1170 1898 1352 1945 Gratia
1376 1908 1425 1944 et
1457 1914 1557 1955 pax
1590 1896 1670 1942 X)

49 1982 194 2038 Quae
218 1981 262 2026 in
290 1982 385 2025 hoc
408 1990 580 2025 nostro
605 1980 695 2024 etsi
720 1980 902 2035 exiguo
937 1978 1150 2034 collegio
1185 1976 1425 2033 genuensi
1459 1976 1532 2021 his
1569 1991 1683 2032 qua—

48 2069 163 2104 tuor
187 2058 429 2115 proximis
452 2057 704 2102 mensibus
729 2057 891 2101 diuino
917 2056 1188 2112 opitulante
1213 2054 1410 2099 numine
1434 2064 1548 2098 acta
1573 2053 1684 2109 sint,

49 2135 155 2181 ΗΡΘ
185 2135 353 2190 Pater,
380 2136 427 2180 in
452 2150 614 2191 pauca
637 2134 896 2179 conferam
919 2138 956 2180 θ’,
985 2133 1177 2191 Metilii,
1199 2137 1378 2188 pauca
1396 2132 1523 2176 llaec
1542 2136 1687 2187 opor-

50 2217 155 2258 tere
179 2213 421 2270 cognosci
442 2227 474 2257 a
498 2212 688 2257 Laz'nio
713 2225 804 2256 nec
828 2225 938 2256 esse
963 2209 1373 2265 contemnenda]
1403 2207 1688 2253 Confessio-

50 2306 138 2336 nes
156 2300 204 2336 et
228 2290 596 2336 communiones
620 2289 902 2334 crebriores
927 2303 1072 2344 quam
1097 2303 1313 2344 unquam
1338 2286 1497 2341 fuere;
1524 2302 1622 2330 non
1641 2286 1688 2330 in

52 2377 224 2413 nostro
247 2369 406 2413 solum
431 2366 660 2424 collegio,
687 2366 773 2412 sed
798 2376 846 2411 et
871 2367 917 2411 in
941 2375 1048 2411 tota
1072 2365 1289 2415 ciuitate,
1316 2373 1602 2409 nostrorum
1623 2362 1690 2420 (ni

51 2445 217 2502 fallor)
252 2446 540 2502 imitatione,
577 2445 759 2501 passim
798 2453 1087 2499 cernuntur3
1131 2442 1398 2499 praecipue
1437 2450 1603 2485 tamen
1642 2440 1689 2485 in

52 2523 246 2582 templis
270 2524 326 2568 iis
351 2523 397 2568 in
421 2523 597 2579 quibus
619 2521 776 2567 nostri
800 2521 1176 2570 concionantur,
1204 2534 1315 2564 cum
1339 2518 1557 2563 maxima
1576 2533 1690 2563 con-

53 2600 253 2646 tritione
277 2612 323 2645 et
348 2601 611 2646 deuotione
635 2613 844 2644 cernere
868 2607 959 2643 est.
986 2597 1062 2642 De
1086 2596 1269 2641 nostris
1293 2595 1419 2641 enim
1445 2595 1538 2640 hoc
1557 2593 1692 2639 affir-

101 2755 121 2774 a
172 2755 381 2802 Sequitur
394 2756 573 2800 longum
590 2753 820 2791 exordium
837 2752 1132 2789 cancellatum
1148 2749 1265 2796 quod
1279 2760 1357 2785 nos
1373 2749 1690 2785 contraximus.

105 2902 115 2920 ¹
166 2899 230 2936 Ex
249 2899 517 2947 autographo,
538 2904 582 2935 ut
600 2898 774 2942 videtur,
795 2898 836 2934 in
855 2896 992 2934 codice
1012 2894 1125 2932 tiled.
1150 2894 1216 2935 75,
1238 2892 1261 2928 2
1284 2892 1343 2937 ff,
1365 2905 1431 2928 nn.
1453 2892 1487 2931 3.
1517 2893 1550 2937 4;
1581 2892 1692 2939 prius

55 2959 225 2997 365-367.
247 2959 482 2997 Secundum
500 2959 690 3002 HANSEN.
712 2957 979 2995 Rhez'nisclze
997 2956 1195 2997 Aleten...
1215 2952 1298 2995 766,
1327 2958 1388 2989 est
1414 2953 1693 3000 apographum

57 3021 99 3056 in
126 3020 291 3057 archivo
318 3019 494 3056 civitatis
521 3018 776 3055 coloniensis.
809 3017 974 3061 Deleta,
1006 3014 1143 3052 addita
1169 3018 1240 3049 aut
1267 3018 1423 3048 mutata
1449 3026 1473 3049 a
1500 3012 1691 3057 Polanco,

59 3080 141 3116 suis
159 3080 259 3116 locis
277 3084 470 3116 consueto
489 3079 605 3115 modo
624 3078 861 3114 indicamus.

206 3162 372 3191 LITTERAE
393 3161 691 3195 QUADRIMESTRES.
712 3160 802 3187 TOM.
825 3159 860 3186 V.
1518 3155 1553 3183 32
