2051 3516
532 304 868 341 ilasssitmoiuo
898 304 941 340 19
966 312 1201 339 DECEMBRlS
1231 303 1318 338 1557
1622 301 1691 337 453

111 403 305 460 collegii
330 402 568 459 erigendi.
597 402 738 446 Alias
762 400 1036 445 reuerende
1055 399 1109 444 P.
1132 399 1188 443 T.
1212 398 1387 454 scripsi
1408 398 1651 454 quomodo
1672 397 1737 441 la-

110 481 320 538 picidina
343 481 442 537 illa,
465 495 611 536 quam
632 478 783 524 Pater
801 478 1027 534 Baptista
1047 486 1313 532 antequam
1332 474 1607 537 discederet
1627 489 1739 530 ape-

111 559 197 604 riri
220 557 452 616 jusserat,
480 556 754 602 numeratis
773 555 922 601 etiam
943 554 1130 610 aliquot
1150 552 1382 610 pecuniis,
1405 562 1521 607 apta
1544 551 1740 596 tandem

111 635 173 680 ad
196 635 291 680 hoc
313 632 591 679 aedificium
617 633 812 677 minime
837 630 1203 677 offendebatur.
1230 628 1379 673 ‘Vnde
1414 638 1739 684 posteaquam

111 712 296 769 aliquot
332 725 509 756 currus
543 709 740 755 aduecti
775 709 932 764 fuere,
974 708 1036 753 ab
1071 722 1129 752 eo
1170 705 1502 751 desistendum
1538 704 1642 757 fuit3
1680 705 1742 749 ob

111 805 257 845 quam
283 804 487 834 causam
507 788 746 832 hactenus
765 803 861 832 non
881 785 1030 841 licuit,
1056 785 1213 829 bobus
1231 783 1332 841 jam
1351 783 1413 828 ad
1434 797 1643 827 messem
1666 782 1745 827 vel

112 866 385 911 vehendam
412 865 493 910 vel
515 864 577 909 ad
602 863 884 909 exercenda
908 861 1107 908 noualia
1130 859 1389 917 impeditiS‚
1418 859 1565 904 aliam
1590 868 1740 903 mate-

112 944 235 989 riam
259 942 499 988 struendo
523 942 736 998 collegio
762 955 1053 998 preparare.
1093 938 1234 983 Nunc
1270 953 1391 982 vero
1427 952 1535 982 cum
1561 952 1635 990 eo,
1664 935 1744 991 qui

111 1020 286 1066 effodit
305 1019 493 1076 lapides
512 1034 599 1063 scu
618 1028 803 1075 petras,
827 1017 1019 1074 egimus
1039 1017 1097 1061 de
1117 1015 1273 1061 tribus
1292 1015 1487 1059 milibus
1506 1029 1743 1058 curruum

111 1097 264 1154 petris
287 1106 592 1151 onustorum,
621 1096 751 1152 quod
775 1094 837 1140 ad
857 1093 1037 1139 domini
1061 1093 1266 1152 Johanis
1300 1091 1556 1148 Baptistae
1588 1091 1744 1135 :tolen-

111 1175 192 1220 nia
218 1189 372 1230 vsque
397 1172 561 1218 licebit
585 1173 851 1217 aduehere.
882 1171 1062 1216 Dolent
1087 1170 1400 1215 biliomenses
1435 1168 1564 1224 quod
1589 1168 1653 1212 nil
1678 1167 1743 1212 in-

112 1251 339 1308 telligant
372 1250 432 1295 de
466 1249 671 1295 Pati-um
709 1258 995 1294 nostrorum
1036 1247 1080 1291 in
1126 1246 1428 1292 Aruerniam
1475 1246 1650 1290 reditu.
1694 1244 1745 1290 Si

113 1328 309 1373 adesset
344 1327 483 1372 nobis
523 1326 684 1383 Magr.
722 1324 1023 1370 Laurentius
1058 1322 1392 1376 ferrariensis,
1430 1322 1677 1367 lathomus
1713 1323 1743 1377 ¹,

113 1405 275 1450 omnia
315 1414 452 1449 recte
492 1403 681 1460 disponi
716 1404 932 1460 possent.
974 1401 1225 1458 Sperabat
1259 1400 1386 1446 enim
1420 1399 1482 1444 D.
1520 1399 1746 1456 Baptista

113 1497 226 1527 eum
250 1481 428 1526 adduci
452 1495 614 1537 posse;
652 1496 797 1525 nemo
820 1490 923 1525 tam
948 1488 1023 1524 est
1047 1494 1205 1534 aeque
1229 1477 1543 1522 necessarius
1563 1491 1621 1521 ac
1642 1476 1747 1532 ipse

115 1559 177 1604 ad
201 1557 480 1604 aedificium
505 1557 910 1614 construendum,
937 1556 1133 1612 quando
1159 1555 1386 1600 dominus
1411 1554 1669 1611 episcopus
1695 1568 1746 1597 se

116 1645 349 1692 paratum
368 1635 437 1680 ait
456 1635 732 1691 sumptibus
750 1633 1139 1691 suppeditandis,
1161 1633 1306 1677 modo
1327 1632 1540 1688 aliquem
1563 1632 1747 1676 habeat

114 1713 190 1758 cui
217 1723 408 1758 tantum
435 1713 695 1769 negocium
717 1722 821 1758 tuto
846 1711 1158 1757 committere
1183 1710 1350 1767 possit.
1375 1708 1484 1754 Dici
1510 1708 1748 1765 siquidem

115 1807 211 1836 non
235 1801 399 1848 potest
424 1800 609 1848 quanto
643 1790 773 1836 aliae
807 1790 1035 1835 ciuitates
1060 1789 1253 1834 vicinae
1278 1788 1387 1833 huic
1415 1787 1657 1832 desiderio
1681 1797 1748 1832 te-

116 1878 328 1914 neantur
362 1866 629 1913 Societatis
663 1867 940 1923 habendae,
978 1882 1068 1911 nec
1093 1882 1188 1911 non
1216 1865 1497 1911 biliomeam
1522 1864 1749 1909 omnibus

116 1946 422 2009 foeliciorem
447 1945 683 2003 judicant,
712 1945 766 2000 si,
790 1945 921 2001 quod
939 1954 1189 2001 speratur,
1212 1942 1440 1989 Societas
1460 1942 1603 1987 firma
1622 1942 1746 1987 iece-

116 2023 181 2069 rit
219 2023 560 2068 fundamenta.
588 2022 830 2068 Omnibus
854 2022 1093 2078 siquidem
1118 2032 1165 2066 et
1185 2021 1456 2066 honoribus
1475 2031 1522 2065 et
1543 2035 1749 2076 magna-

117 2100 285 2158 t[ibus]
309 2107 325 2127 ³
347 2101 447 2146 suis
469 2110 775 2156 anteponunt
791 2098 1056 2145 Societatis
1077 2099 1444 2150 comoditatem,
1472 2113 1566 2154 que
1591 2106 1638 2142 et
1659 2097 1746 2141 vti-

118 2179 309 2223 litatem
338 2177 524 2223 afferat
549 2193 606 2222 ac
632 2177 900 2222 maximam
935 2177 1116 2233 vbique
1151 2175 1558 2221 consolationem.
1596 2174 1748 2219 Bene-

119 2255 280 2300 dictus
325 2254 567 2300 Dominus
601 2254 680 2310 qui
714 2253 834 2299 facit
869 2263 922 2298 vt
961 2252 1147 2298 Christi
1182 2253 1333 2297 simus
1370 2253 1525 2297 bonus
1558 2251 1682 2295 odor

119 2332 261 2378 Haec
284 2342 396 2378 sunt
421 2347 514 2388 que
545 2331 606 2376 R.
635 2331 688 2377 P.
711 2331 768 2376 T.
793 2333 986 2376 referre
1011 2330 1437 2385 desiderabamus,
1465 2340 1667 2374 orantes
1692 2343 1750 2373 ac

118 2410 447 2466 deprecantes
474 2420 525 2453 vt
550 2418 687 2454 tuam
711 2418 938 2454 sanctam
974 2407 1366 2453 benedictionem
1402 2405 1541 2450 nobis
1578 2404 1752 2461 largiri

118 2486 354 2543 digneris,
377 2501 472 2542 quo
492 2500 687 2542 semper
706 2500 765 2530 ea
784 2500 983 2541 parare,
1003 2484 1248 2541 meditari,
1267 2483 1493 2540 cogitare
1511 2496 1753 2539 queamus

118 2579 247 2620 quae
269 2564 317 2608 in
341 2562 396 2608 iis
422 2578 532 2608 esse
557 2563 750 2612 debent,
779 2562 858 2619 qui
894 2561 1023 2618 quod
1058 2570 1133 2606 est
1164 2560 1364 2606 honoris
1398 2559 1545 2604 diuini
1580 2573 1750 2615 perpe-

1409 2637 1432 2643 ..
1491 2637 1539 2644 --ι

165 2802 183 2823 ³
227 2795 415 2841 Propter
432 2795 706 2830 maculatam
727 2796 767 2829 et
784 2803 1005 2829 corrosam
1034 2792 1235 2828 clazrz‘am
1263 2792 1441 2837 aliquae
1467 2791 1637 2827 litterae
1662 2796 1752 2837 per-

121 2857 278 2892 ierunt.

170 3006 179 3024 ¹
233 3004 481 3041 Laurentius
500 3004 676 3045 'fristan,
698 3016 818 3050 quem
839 3003 1033 3049 optimum
1053 3008 1092 3038 et
1112 3001 1430 3037 coementarium
1451 3006 1491 3038 et
1516 3001 1753 3048 religiosum

120 3065 324 3101 Polancus
342 3065 523 3111 appellat
542 3064 578 3100 in
605 3064 773 3106 Clzron.,
795 3063 844 3107 Π,
865 3061 1031 3098 491492.

231 3123 268 3160 Π
289 3123 409 3169 COR„
432 3123 481 3167 ΙΙ,
506 3124 559 3159 15.
