2051 3516
393 305 463 341 684
862 303 1081 340 LITTERAE
1108 302 1462 347 QL‘ADRIMESTRES

348 415 487 444 mnas
512 398 818 455 praeteritae
845 399 975 443 vitae
1000 407 1049 442 et
1074 397 1347 442 calamitosi
1373 397 1514 442 huius
1542 396 1742 453 saeculi,
1779 412 1966 452 permo-

348 486 426 522 tus
450 475 677 531 exemplo
702 484 749 521 et
774 475 1135 521 hortationibus
1164 474 1318 519 nostri
1345 473 1582 529 Caterini,
1610 473 1688 530 qui
1713 474 1826 518 olim
1844 489 1966 529 *quo-

349 569 441 610 que
466 553 511 598 in
538 552 711 598 eadem
731 552 875 598 domo
899 562 1074 609 patruo
1095 567 1183 596 suo
1202 552 1463 605 seruierat,
1485 550 1605 596 satis
1624 550 1813 595 ardenti
1835 565 1967 595 amo·

350 646 401 674 re
427 630 487 674 ad
512 644 602 674 nos
626 644 677 673 se
702 629 951 686 applicuit.
984 628 1191 673 Moleste
1216 628 1638 684 [triquissimoque
1662 627 1836 671 aninlo
1861 627 1916 671 z'd
1937 641 1969 671 cz

351 706 494 751 nohis
520 706 597 751 vel
619 720 651 750 a
677 706 797 751 Xro.
825 706 1248 763 potl'ztsfactmn,
1285 705 1400 749 tulit
1433 703 1698 760 Claudius,
1735 716 1835 748 non
1869 716 1968 747 vno

350 799 479 829 suae
512 784 757 841 familiae
800 784 984 829 chm.
1023 782 1307 827 Dominum
1342 785 1389 826 et
1425 785 1707 826 creatorem
1740 780 1971 825 omnium

340 862 519 919 fnisse
558 865 865 917 contentum,
900 860 1004 905 nisi
1032 863 1079 903 et
1101 859 1321 904 alterum
1345 872 1409 902 ex
1431 858 1700 903 lzominmn
1723 858 1970 902 seruitute

351 938 422 983 ad
443 938 544 983 Dei
564 937 850 983 libertatem
876 936 1262 992 assumpsisset.
1300 935 1478 980 Multis
1509 935 1609 979 viis
1646 933 1896 979 Claudius
1929 938 1973 978 el

349 1016 523 1069 frater
547 1014 885 1060 adolescentis
908 1014 1012 1069 ipse·
1033 1012 1204 1057 crebro
1227 1016 1349 1057 smzt
1371 1012 1621 1057 insidiati.
1650 1011 1780 1068 Quis
1804 1014 1975 1056 autem

352 1094 444 1138 iste
470 1092 721 1137 Claudius
743 1092 824 1136 vel
844 1091 1164 1136 vanissimus
1186 1090 1332 1137 cz'm's.
1365 1089 1454 1146 qm?
1485 1088 1716 1145 Spiritus
1748 1088 1974 1143 omnipo<

351 1170 566 1215 tentiam
585 1173 817 1214 retentem
837 1172 884 1213 et
901 1167 1251 1212 exmm'antem
1271 1166 1553 1223 impediat?
1571 1164 1698 1210 Cum
1722 1164 1774 1210 P.
1802 1164 1975 1210 Victo-

353 1247 426 1292 ria
446 1246 748 1292 Franciscus
766 1244 990 1291 Sanchez
1009 1251 1044 1300 ³,
1067 1243 1240 1289 nobilis
1256 1243 1506 1300 hispanus,
1525 1242 1729 1298 reginae
1745 1241 1975 1297 famulus,

353 1324 552 1369 Vienna
576 1324 670 1368 huc
696 1323 831 1368 venit
860 1321 1197 1377 exercitiaque
1227 1320 1503 1377 spiritualia
1531 1334 1628 1364 non
1657 1319 1760 1364 sine
1794 1333 1978 1382 magno

354 1410 506 1457 gustu
533 1410 581 1446 et
605 1400 839 1456 profectu
863 1400 941 1444 hic
966 1399 1166 1456 Pragae
1197 1397 1427 1454 suscepit.
1455 1396 1568 1442 Duo
1593 1396 1934 1441 adolescentes
1957 1394 1975 1421 b

353 1493 415 1524 ex
450 1478 631 1524 nostris
664 1477 846 1523 scholis
885 1476 1188 1521 Societatem
1228 1474 1420 1531 ingredi
1460 1473 1817 1531 efflagitarunt3
1854 1473 1979 1518 alter

353 1554 713 1612 Ingolstadium
740 1554 916 1599 missus
940 1563 1029 1609 est;
1057 1552 1200 1598 alteri
1224 1552 1338 1597 dum
1358 1550 1660 1608 persuadere
1683 1549 1896 1605 nitimur,
1925 1557 1977 1593 vt

355 1643 547 1689 patrem
586 1631 842 1689 operiatur
882 1646 992 1677 cum
1032 1630 1233 1686 eiusque
1277 1644 1400 1685 pace
1440 1627 1600 1673 omnia
1644 1626 1778 1683 fiant,
1825 1626 1989 1671 omnis·

355 1709 493 1755 istius
533 1717 796 1765 suspectae
834 1722 1005 1752 morae
1039 1706 1313 1763 impatiens,
1351 1705 1527 1750 timens
1560 1703 1979 1760 importunitatem

356 1795 634 1843 paternam,
674 1785 834 1842 magis
868 1785 976 1830 Deo
1002 1799 1148 1840 quam
1171 1783 1299 1840 patri
1323 1782 1368 1827 in
1393 1791 1630 1827 aeternae
1654 1795 1774 1826 suae
1808 1779 1980 1825 salutis

356 1863 559 1909 consilio
583 1872 951 1920 optemperanS,
978 1861 1040 1906 ad
1065 1861 1118 1906 P.
1148 1859 1400 1905 Canisium
1426 1874 1572 1916 quam
1592 1857 1849 1903 celerrime
1868 1871 1980 1902 con-

357 1940 501 1996 fugit.
530 1939 863 1996 Hieronimus,
890 1954 1013 1983 vnus
1039 1954 1100 1983 ex
1124 1937 1307 1983 nostris
1330 1934 1761 1990 commensalibus,
1789 1934 1868 1991 qui
1892 1933 1983 1978 sub

360 2027 573 2074 Vtraque
597 2016 861 2073 aliquando
892 2015 1275 2061 obstinatissime
1305 2014 1444 2070 vixit,
1477 2014 1574 2058 iarn
1609 2013 1671 2058 ad
1704 2012 1889 2069 pascha
1924 2012 1981 2056 de

298 2120 300 2123 v
359 2094 705 2141 communione
736 2093 987 2150 cooptauit
1021 2092 1277 2138 consilium
1333 2090 1439 2155 Cui,
1463 2106 1558 2135 non
1597 2089 1716 2135 satis
1751 2097 1824 2134 est
1863 2089 1982 2133 istas

360 2171 598 2229 perfidiae
622 2180 830 2216 satanae
854 2171 1044 2227 rupisse
1069 2179 1290 2225 catenas,
1317 2168 1406 2213 nisi
1426 2168 1577 2213 tutius
1596 2176 1644 2212 et
1661 2166 1884 2211 securius
1903 2181 1981 2210 ca·

361 2249 574 2294 tholicae
599 2247 709 2293 fidei
745 2249 914 2293 fruens
944 2245 1192 2292 beneficiis
1225 2246 1286 2291 ad
1325 2244 1628 2290 Societatem
1662 2243 1979 2289 assciscatur.

361 2327 537 2383 Inquit,
571 2326 609 2371 si
643 2326 732 2371 sub
767 2326 926 2371 altera
957 2323 1326 2369 communicans
1350 2323 1477 2368 inter
1500 2321 1786 2367 saeculares
1809 2319 1986 2365 fluctus

364 2405 518 2450 vitam
549 2404 717 2460 degat,
754 2417 947 2458 semper
981 2417 1033 2446 se
1067 2401 1214 2446 matri
1248 2400 1455 2446 inuisum
1489 2408 1537 2445 et
1570 2413 1778 2444 exosum
1812 2397 1886 2454 iri,
1923 2397 1985 2441 ab

362 2497 520 2539 eaque
545 2496 596 2526 se
621 2479 993 2537 deprauandum
1018 2488 1065 2524 et
1088 2478 1199 2523 hinc
1223 2494 1251 2523 a
1276 2477 1415 2523 nobis
1445 2475 1754 2522 auocandum
1788 2474 1985 2519 tandem

363 2558 668 2604 reformidat.
692 2557 866 2617 Julius,
889 2556 1012 2601 alius
1031 2555 1389 2607 commensalis,
1409 2554 1562 2600 literis
1581 2553 1643 2598 ad
1663 2552 1729 2597 V.
1748 2551 1808 2596 R.
1829 2551 1880 2596 P.
1904 2551 1984 2595 da-

363 2637 439 2691 tis,
476 2644 686 2681 mentem
721 2650 860 2679 suam
897 2634 969 2689 (vt
1003 2632 1195 2689 opinor)
1231 2632 1478 2689 explicuit.
1516 2630 1741 2676 Solerter
1775 2628 1986 2685 quotidie

363 2729 453 2758 sua
487 2721 661 2770 sponte
694 2712 951 2757 nobiscum
985 2718 1343 2766 argumentans
1377 2718 1424 2754 et
1458 2708 1520 2753 ad
1554 2723 1748 2753 omnem
1781 2714 1985 2756 sanctae

365 2790 675 2836 obedientiae
706 2790 1011 2835 voluntatem
1037 2804 1097 2833 ac
1130 2796 1300 2832 nutum
1333 2801 1442 2831 sese
1477 2785 1713 2839 offerens,
1755 2798 1985 2840 quocum-

368 2882 460 2923 que
483 2867 628 2912 modo
654 2865 895 2912 Societati
919 2881 971 2911 se
1003 2865 1222 2910 inserere
1258 2872 1483 2919 conatur3
1520 2862 1657 2908 cuius
1690 2868 1986 2917 argumenta

413 3053 430 3072 ἃ
476 3046 685 3082 Praeced.
707 3057 746 3082 v.
777 3049 913 3090 supra
942 3053 1118 3080 versum
1146 3043 1360 3087 scrz'pmm
1393 3044 1454 3076 est
1479 3041 1570 3076 alia
1599 3049 1750 3080 mann.
1781 3037 1916 3074 deleto
1947 3048 1985 3073 v.

370 3104 547 3142 Santius.
603 3105 666 3130 —b
712 3104 919 3150 Sequitur
934 3114 972 3139 v.
994 3102 1135 3146 delet„
1155 3100 1270 3148 quod
1289 3100 1373 3146 legi
1389 3100 1548 3144 nequit.
