2051 3516
595 340 962 378 ISO.—-SYRAcUsls
988 339 1010 375 9
1032 338 1143 385 JULn
1171 336 1262 373 1558
1634 332 1702 367 743

113 443 287 480 nostra
320 434 504 489 chiesa,
533 445 582 480 et
609 435 744 480 vdita
769 435 816 479 la
841 450 1020 486 messa,
1048 431 1332 479 anchorche
1367 429 1500 474 fosse
1525 427 1571 472 di
1598 427 1746 473 molte

110 511 422 567 occupationi
446 521 683 568 granato,
711 511 1007 556 nondimeno
1034 511 1227 556 dimoro
1252 524 1340 565 per
1364 505 1621 551 intendere
1647 519 1744 550 una

109 588 336 645 oratione
360 588 449 633 che
473 603 562 633 era
588 596 862 644 preparata
887 602 975 643 per
1002 586 1279 641 recitargli.
1302 583 1354 629 Si
1375 583 1640 628 doueuano
1666 597 1749 626 an-

57 725 60 729 .
109 664 200 710 che
220 664 435 709 recitare
461 664 590 710 uersi
615 664 756 722 greci
779 672 828 709 et
852 663 1005 716 latini,
1035 663 1045 707 i
1066 663 1198 719 quali
1223 663 1266 707 ci
1290 675 1440 718 parse
1460 661 1553 705 ben
1573 658 1752 704 lascia-

112 756 165 786 re
206 741 429 786 uedendo
470 757 561 786 sua
601 742 888 787 excellenza
932 749 1071 785 tanto
1117 748 1381 795 occupata.
1426 735 1750 782 Recitandosi

115 818 341 875 adonque
382 818 658 872 1⁷01·atione‚
698 818 745 863 vi
778 818 816 863 si
851 819 997 862 trouo
1032 816 1191 860 anche
1225 815 1515 871 monsignor
1554 828 1648 858 con
1681 812 1751 870 gli

113 893 314 952 giurati,
342 910 371 940 a
396 893 561 951 iquali
586 895 697 941 tutti
723 894 1167 948 incredibilmente,
1194 896 1243 937 et
1266 892 1504 936 l'oratore
1536 899 1584 936 et
1608 890 1750 935 l'ora-

112 971 244 1017 tione
269 972 494 1028 piaeque.
523 972 606 1017 Ma
632 971 661 1016 il
686 972 872 1028 vicere,
900 970 1082 1027 perche
1107 969 1284 1013 diceua
1320 968 1411 1013 che
1443 982 1539 1012 non
1564 967 1752 1012 l‘intese
1800 952 1801 955 Ἰ

104 1059 290 1106 troppo
315 1049 440 1094 bene
465 1065 554 1106 per
586 1064 684 1094 non
719 1063 857 1093 esser
881 1049 1010 1092 cossi
1035 1056 1245 1102 experto
1270 1044 1403 1100 negli
1423 1043 1568 1089 studii
1594 1043 1747 1097 latini,

112 1125 295 1172 mando
329 1141 360 1171 a
393 1126 642 1172 chiederci
678 1126 724 1170 la
758 1124 904 1182 copia
938 1124 1080 1169 accio
1114 1121 1153 1168 si
1188 1123 1235 1167 la
1269 1121 1450 1166 facessi
1485 1120 1752 1166 dechiarar

114 1203 291 1249 d’altri.
320 1202 415 1248 Noi
441 1203 701 1249 l‘oratione
725 1212 774 1248 et
798 1202 830 1248 li
855 1201 987 1247 uersi
1013 1201 1103 1246 che
1128 1215 1216 1256 per
1241 1198 1439 1245 breuita
1464 1213 1560 1242 non
1585 1198 1624 1243 si
1648 1210 1751 1254 pot-

114 1290 222 1326 tero
247 1280 482 1336 recitare,
510 1280 876 1337 allegramente
900 1278 968 1335 gli
993 1277 1284 1322 offersemo.

201 1357 389 1414 Queste
413 1372 546 1413 cose,
574 1356 635 1402 R.
663 1357 710 1402 in
736 1355 890 1401 Chro.
918 1354 992 1411 Ρ.,
1020 1355 1064 1400 ci
1100 1369 1258 1399 sonno
1293 1367 1502 1398 occorse
1537 1351 1600 1396 da
1633 1351 1753 1396 scri-

115 1435 273 1491 uerui,
302 1435 346 1480 le
377 1434 511 1491 quali
546 1435 731 1491 perche
765 1449 855 1479 son
889 1432 1051 1490 pochi,
1078 1447 1169 1489 par
1205 1431 1295 1476 che
1330 1430 1394 1475 da
1427 1445 1482 1475 se
1506 1438 1663 1474 stesse
1688 1427 1752 1472 di-

113 1511 344 1557 mandino
368 1511 450 1568 pin
474 1511 708 1568 operarii.
730 1510 1021 1568 Imperoche
1044 1523 1187 1554 come
1211 1507 1291 1553 noi
1315 1506 1459 1563 pochi
1479 1515 1752 1562 poteuamo

117 1590 269 1636 molte
292 1604 410 1635 cose
434 1588 568 1634 fare?
594 1588 677 1634 Ma
697 1588 743 1633 di
770 1597 944 1645 questo
968 1602 1121 1643 penso
1146 1600 1287 1631 esser
1311 1593 1445 1630 stato
1470 1583 1646 1629 scritto
1671 1582 1753 1639 pin

116 1668 431 1724 largamente
455 1682 484 1712 a
509 1665 577 1712 V.
605 1665 659 1711 Ρ.
686 1666 747 1711 R.
776 1665 858 1711 dal
890 1673 1064 1711 nostro
1098 1663 1152 1709 Ρ.
1181 1672 1388 1708 rettore.
1416 1661 1574 1706 Resta
1605 1660 1752 1706 adon-

114 1760 208 1802 que
233 1760 262 1790 a
286 1744 334 1789 la
358 1744 419 1789 R.
446 1743 499 1788 Ρ.
528 1743 596 1788 V.
624 1743 906 1800 supplicare
930 1741 969 1787 si
995 1740 1142 1798 degni
1165 1756 1224 1786 ne
1257 1740 1302 1785 le
1325 1754 1414 1785 sue
1438 1739 1514 1796 pie
1539 1738 1754 1783 orationi

112 1831 163 1867 et
191 1820 319 1866 santi
350 1818 583 1866 sacrificii
617 1819 986 1865 assiduamente
1022 1816 1401 1863 recomendarci
1436 1816 1483 1861 al
1517 1813 1750 1871 Signore.

117 1898 180 1944 Di
205 1897 463 1955 Syracusa
486 1913 517 1942 a
541 1897 572 1942 li
595 1897 624 1943 9
647 1897 693 1942 di
718 1896 900 1954 Luglio
928 1895 1056 1941 1558.

204 1975 301 2020 Per
335 1974 698 2020 commessione
733 1974 811 2019 del
846 1973 904 2020 N.
932 1973 1061 2018 Rdo.
1100 1972 1154 2018 Ρ.
1188 1980 1396 2028 rettore,
1426 1970 1554 2016 della
1590 1969 1642 2014 Ρ.
1682 1968 1749 2014 Υ.
1821 2003 1829 2009 .

117 2052 225 2098 RQ
248 2068 396 2097 seruo
422 2051 591 2096 inutile
615 2061 664 2097 et
688 2051 903 2108 indegno
928 2049 1132 2108 figliolo,

1099 2127 1319 2172 ANGELO
1353 2126 1564 2171 XIBILIA
1599 2126 1630 2169 ¹.

204 2224 499 2281 Inscriptio.
526 2228 551 2276 ἢ·
577 2224 640 2268 Al
666 2224 819 2269 molto
843 2222 972 2268 Rdo.
1001 2222 1047 2267 in
1072 2221 1275 2268 Christo
1300 2221 1482 2277 Padre,
1510 2220 1541 2265 il
1565 2219 1618 2264 Ρ.
1647 2218 1754 2263 M.¹⁰

117 2302 318 2347 Iacomo
343 2302 564 2358 Laynez,
587 2300 778 2346 vicario
802 2300 1042 2357 generale
1066 2299 1196 2344 della
1221 2297 1538 2355 Compagnia
1569 2296 1613 2341 di
1645 2295 1749 2341 Ihu.

108 2388 212 2425 etc.
240 2379 286 2424 in
310 2378 490 2424 Roma.

166 2560 175 2578 ¹
231 2558 336 2595 Vide
357 2570 451 2605 pag.
472 2556 555 2602 523,
577 2561 712 2593 annot.
734 2555 769 2601 3;
789 2554 871 2599 567,
893 2560 1029 2591 annot.
1055 2555 1084 2591 1.
