<?xml version="1.0" encoding="UTF-8"?>
<!DOCTYPE html PUBLIC "-//W3C//DTD XHTML 1.0 Transitional//EN"
    "http://www.w3.org/TR/xhtml1/DTD/xhtml1-transitional.dtd">
<html xmlns="http://www.w3.org/1999/xhtml" xml:lang="en" lang="en">
 <head>
  <title>
</title>
<meta http-equiv="Content-Type" content="text/html;charset=utf-8" />
  <meta name='ocr-system' content='tesseract 3.04.00' />
  <meta name='ocr-capabilities' content='ocr_page ocr_carea ocr_par ocr_line ocrx_word'/>
</head>
<body>
  <div class='ocr_page' id='page_1' title='image "./litteraequadrime17lain_0048.png"; bbox 0 0 2051 3516; ppageno 0'>
   <div class='ocr_carea' id='block_1_1' title="bbox 403 311 1460 357">
    <p class='ocr_par' dir='ltr' id='par_1_1' title="bbox 403 311 1460 357">
     <span class='ocr_line' id='line_1_1' title="bbox 403 311 1460 357; baseline -0.008 -5"><span class='ocrx_word' id='word_1_1' title='bbox 403 315 446 352; x_wconf 81' lang='lat'>18</span> <span class='ocrx_word' id='word_1_2' title='bbox 863 312 1082 349; x_wconf 77' lang='lat' dir='ltr'>LITTERAE</span> <span class='ocrx_word' id='word_1_3' title='bbox 1108 311 1460 357; x_wconf 84' lang='lat' dir='ltr'>QUADRIMESTRES</span> 
     </span>
    </p>
   </div>
   <div class='ocr_carea' id='block_1_2' title="bbox 355 400 1977 2454">
    <p class='ocr_par' dir='ltr' id='par_1_2' title="bbox 355 400 1971 837">
     <span class='ocr_line' id='line_1_2' title="bbox 355 400 1966 467; baseline -0.008 -13"><span class='ocrx_word' id='word_1_4' title='bbox 355 424 450 467; x_wconf 78' lang='lat' dir='ltr'>que</span> <span class='ocrx_word' id='word_1_5' title='bbox 473 410 627 454; x_wconf 68' lang='lat' dir='ltr'>leuius</span> <span class='ocrx_word' id='word_1_6' title='bbox 651 408 725 452; x_wconf 71' lang='lat' dir='ltr'>rei</span> <span class='ocrx_word' id='word_1_7' title='bbox 742 407 906 464; x_wconf 68' lang='lat' dir='ltr'>samm</span> <span class='ocrx_word' id='word_1_8' title='bbox 929 411 974 450; x_wconf 81' lang='lat' dir='ltr'>et</span> <span class='ocrx_word' id='word_1_9' title='bbox 993 420 1170 451; x_wconf 66' lang='lat' dir='ltr'>rumor</span> <span class='ocrx_word' id='word_1_10' title='bbox 1194 418 1352 461; x_wconf 75' lang='lat' dir='ltr'>usque</span> <span class='ocrx_word' id='word_1_11' title='bbox 1371 402 1443 447; x_wconf 77' lang='lat' dir='ltr'>ad</span> <span class='ocrx_word' id='word_1_12' title='bbox 1458 414 1612 446; x_wconf 68' lang='lat' dir='ltr'>aures</span> <span class='ocrx_word' id='word_1_13' title='bbox 1635 400 1775 456; x_wconf 75' lang='lat' dir='ltr'>regis</span> <span class='ocrx_word' id='word_1_14' title='bbox 1792 403 1966 455; x_wconf 74' lang='lat' dir='ltr'>perue-</span> 
     </span>
     <span class='ocr_line' id='line_1_3' title="bbox 356 478 1971 541; baseline -0.007 -11"><span class='ocrx_word' id='word_1_15' title='bbox 356 487 452 541; x_wconf 76' lang='lat' dir='ltr'>722&#39;t,·</span> <span class='ocrx_word' id='word_1_16' title='bbox 475 499 598 530; x_wconf 75' lang='lat' dir='ltr'>nam</span> <span class='ocrx_word' id='word_1_17' title='bbox 622 483 756 528; x_wconf 87' lang='lat' dir='ltr'>multi</span> <span class='ocrx_word' id='word_1_18' title='bbox 780 498 841 527; x_wconf 78' lang='lat' dir='ltr'>ex</span> <span class='ocrx_word' id='word_1_19' title='bbox 866 484 976 528; x_wconf 78' lang='lat' dir='ltr'>eius</span> <span class='ocrx_word' id='word_1_20' title='bbox 1004 483 1144 528; x_wconf 87' lang='lat' dir='ltr'>curia</span> <span class='ocrx_word' id='word_1_21' title='bbox 1178 481 1319 537; x_wconf 89' lang='lat' dir='ltr'>regia</span> <span class='ocrx_word' id='word_1_22' title='bbox 1351 488 1467 524; x_wconf 91' lang='lat' dir='ltr'>tunc</span> <span class='ocrx_word' id='word_1_23' title='bbox 1500 478 1563 522; x_wconf 89' lang='lat' dir='ltr'>ad</span> <span class='ocrx_word' id='word_1_24' title='bbox 1596 491 1683 521; x_wconf 88' lang='lat' dir='ltr'>nos</span> <span class='ocrx_word' id='word_1_25' title='bbox 1718 478 1971 520; x_wconf 70' lang='lat' dir='ltr'>uenerunt</span> 
     </span>
     <span class='ocr_line' id='line_1_4' title="bbox 356 552 1970 615; baseline -0.007 -8"><span class='ocrx_word' id='word_1_26' title='bbox 356 578 507 607; x_wconf 85' lang='lat' dir='ltr'>causa</span> <span class='ocrx_word' id='word_1_27' title='bbox 532 561 771 606; x_wconf 89' lang='lat' dir='ltr'>uidendae</span> <span class='ocrx_word' id='word_1_28' title='bbox 806 559 946 604; x_wconf 90' lang='lat' dir='ltr'>huius</span> <span class='ocrx_word' id='word_1_29' title='bbox 979 560 1203 615; x_wconf 84' lang='lat' dir='ltr'>eclogae;</span> <span class='ocrx_word' id='word_1_30' title='bbox 1240 566 1472 602; x_wconf 88' lang='lat' dir='ltr'>cantores</span> <span class='ocrx_word' id='word_1_31' title='bbox 1491 567 1686 612; x_wconf 78' lang='lat' dir='ltr'>quoque</span> <span class='ocrx_word' id='word_1_32' title='bbox 1705 566 1768 597; x_wconf 79' lang='lat' dir='ltr'>ex</span> <span class='ocrx_word' id='word_1_33' title='bbox 1791 552 1970 596; x_wconf 77' lang='lat' dir='ltr'>eadem</span> 
     </span>
     <span class='ocr_line' id='line_1_5' title="bbox 357 628 1968 694; baseline -0.009 -10"><span class='ocrx_word' id='word_1_34' title='bbox 357 640 518 693; x_wconf 75' lang='lat' dir='ltr'>curia,</span> <span class='ocrx_word' id='word_1_35' title='bbox 541 638 619 694; x_wconf 90' lang='lat' dir='ltr'>qui</span> <span class='ocrx_word' id='word_1_36' title='bbox 644 637 787 682; x_wconf 77' lang='lat' dir='ltr'>uobis</span> <span class='ocrx_word' id='word_1_37' title='bbox 805 636 1002 681; x_wconf 68' lang='lat' dir='ltr'>diuersi</span> <span class='ocrx_word' id='word_1_38' title='bbox 1018 636 1230 693; x_wconf 70' lang='lat' dir='ltr'>generis</span> <span class='ocrx_word' id='word_1_39' title='bbox 1248 633 1478 679; x_wconf 76' lang='lat' dir='ltr'><em>musicae</em></span> <span class='ocrx_word' id='word_1_40' title='bbox 1496 633 1768 676; x_wconf 78' lang='lat' dir='ltr'><em>concentus</em></span> <span class='ocrx_word' id='word_1_41' title='bbox 1786 628 1968 686; x_wconf 76' lang='lat' dir='ltr'>effece-</span> 
     </span>
     <span class='ocr_line' id='line_1_6' title="bbox 357 704 1969 772; baseline -0.008 -12"><span class='ocrx_word' id='word_1_42' title='bbox 357 719 491 772; x_wconf 75' lang='lat' dir='ltr'>runt,</span> <span class='ocrx_word' id='word_1_43' title='bbox 513 715 841 770; x_wconf 68' lang='lat' dir='ltr'>muniuntque</span> <span class='ocrx_word' id='word_1_44' title='bbox 857 725 1012 757; x_wconf 70' lang='lat' dir='ltr'>(utres</span> <span class='ocrx_word' id='word_1_45' title='bbox 1029 711 1364 764; x_wconf 73' lang='lat' dir='ltr'>oblectammt;</span> <span class='ocrx_word' id='word_1_46' title='bbox 1382 707 1512 754; x_wconf 72' lang='lat' dir='ltr'>nz‘lzil</span> <span class='ocrx_word' id='word_1_47' title='bbox 1527 711 1699 751; x_wconf 78' lang='lat' dir='ltr'>tamen</span> <span class='ocrx_word' id='word_1_48' title='bbox 1718 704 1854 762; x_wconf 80' lang='lat' dir='ltr'>quod</span> <span class='ocrx_word' id='word_1_49' title='bbox 1869 717 1969 748; x_wconf 80' lang='lat' dir='ltr'>non</span> 
     </span>
     <span class='ocr_line' id='line_1_7' title="bbox 357 782 1879 837; baseline -0.007 -1"><span class='ocrx_word' id='word_1_50' title='bbox 357 806 472 837; x_wconf 77' lang='lat' dir='ltr'>cum</span> <span class='ocrx_word' id='word_1_51' title='bbox 496 792 759 836; x_wconf 72' lang='lat' dir='ltr'>honestate</span> <span class='ocrx_word' id='word_1_52' title='bbox 782 793 830 834; x_wconf 81' lang='lat' dir='ltr'>et</span> <span class='ocrx_word' id='word_1_53' title='bbox 851 789 1027 834; x_wconf 70' lang='lat' dir='ltr'>diuum</span> <span class='ocrx_word' id='word_1_54' title='bbox 1052 788 1188 833; x_wconf 83' lang='lat' dir='ltr'>cultu</span> <span class='ocrx_word' id='word_1_55' title='bbox 1212 787 1538 832; x_wconf 76' lang='lat' dir='ltr'>coniunctum</span> <span class='ocrx_word' id='word_1_56' title='bbox 1564 782 1827 828; x_wconf 67' lang='lat' dir='ltr'>uideretur</span> <span class='ocrx_word' id='word_1_57' title='bbox 1846 783 1879 826; x_wconf 76' lang='lat'>³.</span> 
     </span>
    </p>

    <p class='ocr_par' dir='ltr' id='par_1_3' title="bbox 358 857 1973 1220">
     <span class='ocr_line' id='line_1_8' title="bbox 445 857 1972 923; baseline -0.008 -10"><span class='ocrx_word' id='word_1_58' title='bbox 445 868 584 913; x_wconf 90' lang='lat' dir='ltr'>Haec</span> <span class='ocrx_word' id='word_1_59' title='bbox 607 876 772 912; x_wconf 87' lang='lat' dir='ltr'>autem</span> <span class='ocrx_word' id='word_1_60' title='bbox 797 866 1081 923; x_wconf 89' lang='lat' dir='ltr'>spectacula</span> <span class='ocrx_word' id='word_1_61' title='bbox 1105 865 1318 910; x_wconf 80' lang='lat' dir='ltr'>maxime</span> <span class='ocrx_word' id='word_1_62' title='bbox 1343 862 1566 908; x_wconf 89' lang='lat' dir='ltr'>omnibus</span> <span class='ocrx_word' id='word_1_63' title='bbox 1596 858 1839 916; x_wconf 78' lang='lat' dir='ltr'>placuisse</span> <span class='ocrx_word' id='word_1_64' title='bbox 1862 857 1972 902; x_wconf 89' lang='lat' dir='ltr'>hinc</span> 
     </span>
     <span class='ocr_line' id='line_1_9' title="bbox 358 934 1973 1000; baseline -0.008 -9"><span class='ocrx_word' id='word_1_65' title='bbox 358 945 502 990; x_wconf 81' lang='lat' dir='ltr'>facile</span> <span class='ocrx_word' id='word_1_66' title='bbox 540 954 614 990; x_wconf 87' lang='lat' dir='ltr'>est</span> <span class='ocrx_word' id='word_1_67' title='bbox 647 943 938 1000; x_wconf 83' lang='lat' dir='ltr'>intelligere,</span> <span class='ocrx_word' id='word_1_68' title='bbox 976 943 1202 1000; x_wconf 91' lang='lat' dir='ltr'>quoniam</span> <span class='ocrx_word' id='word_1_69' title='bbox 1238 940 1458 997; x_wconf 75' lang='lat' dir='ltr'>sequenti</span> <span class='ocrx_word' id='word_1_70' title='bbox 1493 939 1569 983; x_wconf 85' lang='lat' dir='ltr'>die</span> <span class='ocrx_word' id='word_1_71' title='bbox 1603 936 1737 981; x_wconf 89' lang='lat' dir='ltr'>multi</span> <span class='ocrx_word' id='word_1_72' title='bbox 1772 951 1832 980; x_wconf 84' lang='lat' dir='ltr'>ex</span> <span class='ocrx_word' id='word_1_73' title='bbox 1865 934 1973 980; x_wconf 87' lang='lat' dir='ltr'>aliis</span> 
     </span>
     <span class='ocr_line' id='line_1_10' title="bbox 359 1010 1973 1075; baseline -0.007 -9"><span class='ocrx_word' id='word_1_74' title='bbox 359 1022 504 1066; x_wconf 84' lang='lat' dir='ltr'>scolis</span> <span class='ocrx_word' id='word_1_75' title='bbox 527 1021 587 1066; x_wconf 89' lang='lat' dir='ltr'>ad</span> <span class='ocrx_word' id='word_1_76' title='bbox 612 1035 702 1065; x_wconf 89' lang='lat' dir='ltr'>nos</span> <span class='ocrx_word' id='word_1_77' title='bbox 726 1028 982 1075; x_wconf 78' lang='lat' dir='ltr'>uenerunt,</span> <span class='ocrx_word' id='word_1_78' title='bbox 1011 1028 1061 1064; x_wconf 94' lang='lat' dir='ltr'>ut</span> <span class='ocrx_word' id='word_1_79' title='bbox 1083 1018 1221 1063; x_wconf 90' lang='lat' dir='ltr'>nobis</span> <span class='ocrx_word' id='word_1_80' title='bbox 1246 1032 1450 1073; x_wconf 90' lang='lat' dir='ltr'>operam</span> <span class='ocrx_word' id='word_1_81' title='bbox 1474 1015 1666 1069; x_wconf 82' lang='lat' dir='ltr'>darent,</span> <span class='ocrx_word' id='word_1_82' title='bbox 1694 1020 1741 1057; x_wconf 90' lang='lat' dir='ltr'>et</span> <span class='ocrx_word' id='word_1_83' title='bbox 1759 1010 1973 1067; x_wconf 85' lang='lat' dir='ltr'>quotidie</span> 
     </span>
     <span class='ocr_line' id='line_1_11' title="bbox 359 1087 1972 1153; baseline -0.007 -10"><span class='ocrx_word' id='word_1_84' title='bbox 359 1099 574 1151; x_wconf 77' lang='lat' dir='ltr'>ueniunt,</span> <span class='ocrx_word' id='word_1_85' title='bbox 601 1107 648 1143; x_wconf 88' lang='lat' dir='ltr'>et</span> <span class='ocrx_word' id='word_1_86' title='bbox 672 1097 868 1153; x_wconf 91' lang='lat' dir='ltr'>quidam</span> <span class='ocrx_word' id='word_1_87' title='bbox 886 1097 953 1142; x_wconf 90' lang='lat' dir='ltr'>ita</span> <span class='ocrx_word' id='word_1_88' title='bbox 972 1096 1017 1140; x_wconf 88' lang='lat' dir='ltr'>in</span> <span class='ocrx_word' id='word_1_89' title='bbox 1038 1095 1191 1141; x_wconf 83' lang='lat' dir='ltr'>literis</span> <span class='ocrx_word' id='word_1_90' title='bbox 1209 1093 1445 1151; x_wconf 86' lang='lat' dir='ltr'>prouecti,</span> <span class='ocrx_word' id='word_1_91' title='bbox 1468 1101 1519 1137; x_wconf 92' lang='lat' dir='ltr'>ut</span> <span class='ocrx_word' id='word_1_92' title='bbox 1543 1090 1729 1147; x_wconf 82' lang='lat' dir='ltr'>possint</span> <span class='ocrx_word' id='word_1_93' title='bbox 1749 1088 1793 1132; x_wconf 91' lang='lat' dir='ltr'>in</span> <span class='ocrx_word' id='word_1_94' title='bbox 1814 1087 1972 1144; x_wconf 91' lang='lat' dir='ltr'>prima</span> 
     </span>
     <span class='ocr_line' id='line_1_12' title="bbox 359 1172 1132 1220; baseline -0.005 0"><span class='ocrx_word' id='word_1_95' title='bbox 359 1185 406 1220; x_wconf 89' lang='lat' dir='ltr'>et</span> <span class='ocrx_word' id='word_1_96' title='bbox 430 1175 475 1220; x_wconf 91' lang='lat' dir='ltr'>in</span> <span class='ocrx_word' id='word_1_97' title='bbox 499 1174 715 1220; x_wconf 88' lang='lat' dir='ltr'>secunda</span> <span class='ocrx_word' id='word_1_98' title='bbox 740 1174 900 1219; x_wconf 88' lang='lat' dir='ltr'>classe</span> <span class='ocrx_word' id='word_1_99' title='bbox 925 1172 1132 1218; x_wconf 90' lang='lat' dir='ltr'>uersari.</span> 
     </span>
    </p>

    <p class='ocr_par' dir='ltr' id='par_1_4' title="bbox 359 1244 1977 1996">
     <span class='ocr_line' id='line_1_13' title="bbox 421 1244 1972 1305; baseline -0.008 -9"><span class='ocrx_word' id='word_1_100' title='bbox 421 1252 487 1296; x_wconf 86' lang='lat'>11.</span> <span class='ocrx_word' id='word_1_101' title='bbox 556 1250 731 1295; x_wconf 80' lang='lat' dir='ltr'>Paucis</span> <span class='ocrx_word' id='word_1_102' title='bbox 754 1259 863 1305; x_wconf 90' lang='lat' dir='ltr'>post</span> <span class='ocrx_word' id='word_1_103' title='bbox 886 1249 1054 1294; x_wconf 91' lang='lat' dir='ltr'>diebus</span> <span class='ocrx_word' id='word_1_104' title='bbox 1077 1263 1166 1293; x_wconf 80' lang='lat' dir='ltr'>rex</span> <span class='ocrx_word' id='word_1_105' title='bbox 1191 1245 1487 1303; x_wconf 87' lang='lat' dir='ltr'>significauit</span> <span class='ocrx_word' id='word_1_106' title='bbox 1510 1259 1562 1289; x_wconf 92' lang='lat' dir='ltr'>se</span> <span class='ocrx_word' id='word_1_107' title='bbox 1590 1244 1717 1289; x_wconf 89' lang='lat' dir='ltr'>uelle</span> <span class='ocrx_word' id='word_1_108' title='bbox 1750 1250 1972 1286; x_wconf 87' lang='lat' dir='ltr'>nostram</span> 
     </span>
     <span class='ocr_line' id='line_1_14' title="bbox 359 1316 1972 1383; baseline -0.007 -11"><span class='ocrx_word' id='word_1_109' title='bbox 359 1328 585 1383; x_wconf 82' lang='lat' dir='ltr'>eclogam</span> <span class='ocrx_word' id='word_1_110' title='bbox 631 1327 815 1379; x_wconf 75' lang='lat' dir='ltr'>uidere3</span> <span class='ocrx_word' id='word_1_111' title='bbox 862 1325 1013 1370; x_wconf 86' lang='lat' dir='ltr'>Pater</span> <span class='ocrx_word' id='word_1_112' title='bbox 1057 1333 1221 1369; x_wconf 89' lang='lat' dir='ltr'>autern</span> <span class='ocrx_word' id='word_1_113' title='bbox 1261 1332 1444 1377; x_wconf 76' lang='lat' dir='ltr'>rector,</span> <span class='ocrx_word' id='word_1_114' title='bbox 1486 1336 1545 1365; x_wconf 91' lang='lat' dir='ltr'>ne</span> <span class='ocrx_word' id='word_1_115' title='bbox 1590 1320 1694 1365; x_wconf 85' lang='lat' dir='ltr'>eius</span> <span class='ocrx_word' id='word_1_116' title='bbox 1733 1316 1972 1363; x_wconf 89' lang='lat' dir='ltr'>uoluntati</span> 
     </span>
     <span class='ocr_line' id='line_1_15' title="bbox 360 1395 1973 1459; baseline -0.007 -10"><span class='ocrx_word' id='word_1_117' title='bbox 360 1405 532 1449; x_wconf 77' lang='lat' dir='ltr'>deesse</span> <span class='ocrx_word' id='word_1_118' title='bbox 576 1404 844 1459; x_wconf 77' lang='lat' dir='ltr'>uideretur,</span> <span class='ocrx_word' id='word_1_119' title='bbox 892 1402 1250 1458; x_wconf 83' lang='lat' dir='ltr'>quamprimum</span> <span class='ocrx_word' id='word_1_120' title='bbox 1295 1399 1540 1457; x_wconf 82' lang='lat' dir='ltr'>agendam</span> <span class='ocrx_word' id='word_1_121' title='bbox 1585 1396 1794 1442; x_wconf 90' lang='lat' dir='ltr'>curauit.</span> <span class='ocrx_word' id='word_1_122' title='bbox 1842 1395 1973 1439; x_wconf 82' lang='lat' dir='ltr'>Acta</span> 
     </span>
     <span class='ocr_line' id='line_1_16' title="bbox 361 1471 1973 1538; baseline -0.007 -11"><span class='ocrx_word' id='word_1_123' title='bbox 361 1497 498 1538; x_wconf 77' lang='lat' dir='ltr'>rege,</span> <span class='ocrx_word' id='word_1_124' title='bbox 531 1482 704 1537; x_wconf 87' lang='lat' dir='ltr'>regina</span> <span class='ocrx_word' id='word_1_125' title='bbox 728 1483 741 1505; x_wconf 86' lang='lat'>¹</span> <span class='ocrx_word' id='word_1_126' title='bbox 768 1490 815 1526; x_wconf 82' lang='lat' dir='ltr'>et</span> <span class='ocrx_word' id='word_1_127' title='bbox 842 1480 1059 1536; x_wconf 83' lang='lat' dir='ltr'>principe</span> <span class='ocrx_word' id='word_1_128' title='bbox 1084 1480 1098 1503; x_wconf 64' lang='lat'>2</span> <span class='ocrx_word' id='word_1_129' title='bbox 1122 1477 1446 1534; x_wconf 58' lang='lat' dir='ltr'>presentibus</span> <span class='ocrx_word' id='word_1_130' title='bbox 1479 1474 1664 1520; x_wconf 89' lang='lat' dir='ltr'>accesit</span> <span class='ocrx_word' id='word_1_131' title='bbox 1692 1473 1843 1518; x_wconf 84' lang='lat' dir='ltr'>Pater</span> <span class='ocrx_word' id='word_1_132' title='bbox 1866 1472 1881 1495; x_wconf 74' lang='lat'>3</span> <span class='ocrx_word' id='word_1_133' title='bbox 1912 1471 1973 1516; x_wconf 93' lang='lat' dir='ltr'>ad</span> 
     </span>
     <span class='ocr_line' id='line_1_17' title="bbox 363 1548 1971 1614; baseline -0.007 -11"><span class='ocrx_word' id='word_1_134' title='bbox 363 1573 532 1614; x_wconf 90' lang='lat' dir='ltr'>regem</span> <span class='ocrx_word' id='word_1_135' title='bbox 556 1567 609 1602; x_wconf 92' lang='lat' dir='ltr'>ut</span> <span class='ocrx_word' id='word_1_136' title='bbox 632 1557 773 1602; x_wconf 90' lang='lat' dir='ltr'>daret</span> <span class='ocrx_word' id='word_1_137' title='bbox 797 1557 860 1601; x_wconf 92' lang='lat' dir='ltr'>illi</span> <span class='ocrx_word' id='word_1_138' title='bbox 885 1555 1127 1613; x_wconf 88' lang='lat' dir='ltr'>quaedam</span> <span class='ocrx_word' id='word_1_139' title='bbox 1152 1555 1197 1599; x_wconf 89' lang='lat' dir='ltr'>in</span> <span class='ocrx_word' id='word_1_140' title='bbox 1221 1554 1414 1598; x_wconf 91' lang='lat' dir='ltr'>laudem</span> <span class='ocrx_word' id='word_1_141' title='bbox 1435 1550 1665 1608; x_wconf 89' lang='lat' dir='ltr'>principis</span> <span class='ocrx_word' id='word_1_142' title='bbox 1688 1549 1825 1605; x_wconf 89' lang='lat' dir='ltr'>pueri</span> <span class='ocrx_word' id='word_1_143' title='bbox 1844 1548 1971 1602; x_wconf 84' lang='lat' dir='ltr'>Iesu,</span> 
     </span>
     <span class='ocr_line' id='line_1_18' title="bbox 361 1623 1973 1691; baseline -0.008 -11"><span class='ocrx_word' id='word_1_144' title='bbox 361 1636 455 1691; x_wconf 86' lang='lat' dir='ltr'>qui,</span> <span class='ocrx_word' id='word_1_145' title='bbox 498 1634 713 1690; x_wconf 88' lang='lat' dir='ltr'>acceptis</span> <span class='ocrx_word' id='word_1_146' title='bbox 751 1633 1050 1678; x_wconf 74' lang='lat' dir='ltr'>carminibus</span> <span class='ocrx_word' id='word_1_147' title='bbox 1083 1631 1203 1676; x_wconf 74' lang='lat' dir='ltr'>dixit</span> <span class='ocrx_word' id='word_1_148' title='bbox 1236 1629 1399 1674; x_wconf 90' lang='lat' dir='ltr'>omnia</span> <span class='ocrx_word' id='word_1_149' title='bbox 1437 1628 1524 1673; x_wconf 89' lang='lat' dir='ltr'>sibi</span> <span class='ocrx_word' id='word_1_150' title='bbox 1564 1626 1823 1684; x_wconf 87' lang='lat' dir='ltr'>placuisse.</span> <span class='ocrx_word' id='word_1_151' title='bbox 1866 1623 1973 1668; x_wconf 90' lang='lat' dir='ltr'>Non</span> 
     </span>
     <span class='ocr_line' id='line_1_19' title="bbox 362 1702 1974 1766; baseline -0.005 -11"><span class='ocrx_word' id='word_1_152' title='bbox 362 1711 575 1756; x_wconf 89' lang='lat' dir='ltr'>scribam</span> <span class='ocrx_word' id='word_1_153' title='bbox 594 1726 739 1766; x_wconf 81' lang='lat' dir='ltr'>quam</span> <span class='ocrx_word' id='word_1_154' title='bbox 759 1710 1015 1765; x_wconf 78' lang='lat' dir='ltr'>humanus,</span> <span class='ocrx_word' id='word_1_155' title='bbox 1037 1723 1183 1765; x_wconf 90' lang='lat' dir='ltr'>quam</span> <span class='ocrx_word' id='word_1_156' title='bbox 1203 1706 1444 1762; x_wconf 88' lang='lat' dir='ltr'>benignus</span> <span class='ocrx_word' id='word_1_157' title='bbox 1463 1719 1588 1761; x_wconf 89' lang='lat' dir='ltr'>erga</span> <span class='ocrx_word' id='word_1_158' title='bbox 1612 1718 1699 1748; x_wconf 91' lang='lat' dir='ltr'>nos</span> <span class='ocrx_word' id='word_1_159' title='bbox 1724 1702 1799 1759; x_wconf 78' lang='lat' dir='ltr'>sit,</span> <span class='ocrx_word' id='word_1_160' title='bbox 1827 1716 1974 1757; x_wconf 66' lang='lat' dir='ltr'>quan,-</span> 
     </span>
     <span class='ocr_line' id='line_1_20' title="bbox 361 1778 1974 1843; baseline -0.007 -10"><span class='ocrx_word' id='word_1_161' title='bbox 361 1798 508 1843; x_wconf 89' lang='lat' dir='ltr'>toque</span> <span class='ocrx_word' id='word_1_162' title='bbox 547 1802 715 1832; x_wconf 89' lang='lat' dir='ltr'>amore</span> <span class='ocrx_word' id='word_1_163' title='bbox 755 1796 801 1831; x_wconf 87' lang='lat' dir='ltr'>et</span> <span class='ocrx_word' id='word_1_164' title='bbox 841 1785 1183 1831; x_wconf 88' lang='lat' dir='ltr'>beneuolentia</span> <span class='ocrx_word' id='word_1_165' title='bbox 1226 1799 1314 1828; x_wconf 86' lang='lat' dir='ltr'>nos</span> <span class='ocrx_word' id='word_1_166' title='bbox 1352 1790 1698 1838; x_wconf 72' lang='lat' dir='ltr'>prosequatur5</span> <span class='ocrx_word' id='word_1_167' title='bbox 1746 1778 1974 1836; x_wconf 90' lang='lat' dir='ltr'>quoniam</span> 
     </span>
     <span class='ocr_line' id='line_1_21' title="bbox 362 1856 1977 1917; baseline -0.006 -8"><span class='ocrx_word' id='word_1_168' title='bbox 362 1865 458 1909; x_wconf 88' lang='lat' dir='ltr'>iarn</span> <span class='ocrx_word' id='word_1_169' title='bbox 492 1864 593 1917; x_wconf 81' lang='lat' dir='ltr'>tibi,</span> <span class='ocrx_word' id='word_1_170' title='bbox 632 1863 752 1908; x_wconf 84' lang='lat' dir='ltr'>Rde.</span> <span class='ocrx_word' id='word_1_171' title='bbox 790 1863 955 1914; x_wconf 75' lang='lat' dir='ltr'>Pater,</span> <span class='ocrx_word' id='word_1_172' title='bbox 993 1872 1159 1907; x_wconf 87' lang='lat' dir='ltr'>notum</span> <span class='ocrx_word' id='word_1_173' title='bbox 1195 1875 1302 1906; x_wconf 90' lang='lat' dir='ltr'>esse</span> <span class='ocrx_word' id='word_1_174' title='bbox 1331 1860 1565 1904; x_wconf 79' lang='lat' dir='ltr'>arbitror.</span> <span class='ocrx_word' id='word_1_175' title='bbox 1594 1857 1742 1903; x_wconf 80' lang='lat' dir='ltr'>Faxit</span> <span class='ocrx_word' id='word_1_176' title='bbox 1765 1856 1901 1901; x_wconf 91' lang='lat' dir='ltr'>Deus</span> <span class='ocrx_word' id='word_1_177' title='bbox 1925 1864 1977 1900; x_wconf 92' lang='lat' dir='ltr'>ut</span> 
     </span>
     <span class='ocr_line' id='line_1_22' title="bbox 363 1935 1765 1996; baseline -0.006 -10"><span class='ocrx_word' id='word_1_178' title='bbox 363 1942 640 1986; x_wconf 85' lang='lat' dir='ltr'>concitatae</span> <span class='ocrx_word' id='word_1_179' title='bbox 664 1940 723 1985; x_wconf 89' lang='lat' dir='ltr'>de</span> <span class='ocrx_word' id='word_1_180' title='bbox 746 1940 884 1984; x_wconf 87' lang='lat' dir='ltr'>nobis</span> <span class='ocrx_word' id='word_1_181' title='bbox 908 1939 1119 1996; x_wconf 87' lang='lat' dir='ltr'>opinioni</span> <span class='ocrx_word' id='word_1_182' title='bbox 1144 1952 1340 1994; x_wconf 87' lang='lat' dir='ltr'>semper</span> <span class='ocrx_word' id='word_1_183' title='bbox 1365 1935 1765 1992; x_wconf 87' lang='lat' dir='ltr'>respondeamus.</span> 
     </span>
    </p>

    <p class='ocr_par' dir='ltr' id='par_1_5' title="bbox 365 2008 1977 2454">
     <span class='ocr_line' id='line_1_23' title="bbox 452 2008 1975 2070; baseline -0.006 -8"><span class='ocrx_word' id='word_1_184' title='bbox 452 2018 590 2062; x_wconf 91' lang='lat' dir='ltr'>Haec</span> <span class='ocrx_word' id='word_1_185' title='bbox 629 2026 754 2065; x_wconf 82' lang='lat' dir='ltr'>sunt.</span> <span class='ocrx_word' id='word_1_186' title='bbox 796 2016 919 2061; x_wconf 85' lang='lat' dir='ltr'>Rde.</span> <span class='ocrx_word' id='word_1_187' title='bbox 963 2016 1127 2067; x_wconf 79' lang='lat' dir='ltr'>Pater,</span> <span class='ocrx_word' id='word_1_188' title='bbox 1169 2015 1228 2059; x_wconf 93' lang='lat' dir='ltr'>de</span> <span class='ocrx_word' id='word_1_189' title='bbox 1268 2014 1441 2070; x_wconf 91' lang='lat' dir='ltr'>quibus</span> <span class='ocrx_word' id='word_1_190' title='bbox 1484 2022 1531 2058; x_wconf 91' lang='lat' dir='ltr'>te</span> <span class='ocrx_word' id='word_1_191' title='bbox 1569 2011 1833 2057; x_wconf 88' lang='lat' dir='ltr'>certiorem</span> <span class='ocrx_word' id='word_1_192' title='bbox 1873 2008 1975 2054; x_wconf 90' lang='lat' dir='ltr'>fieri</span> 
     </span>
     <span class='ocr_line' id='line_1_24' title="bbox 365 2086 1975 2148; baseline -0.006 -9"><span class='ocrx_word' id='word_1_193' title='bbox 365 2094 768 2139; x_wconf 80' lang='lat' dir='ltr'>existimauimus.</span> <span class='ocrx_word' id='word_1_194' title='bbox 797 2092 921 2138; x_wconf 86' lang='lat' dir='ltr'>Cum</span> <span class='ocrx_word' id='word_1_195' title='bbox 947 2093 1087 2148; x_wconf 88' lang='lat' dir='ltr'>plura</span> <span class='ocrx_word' id='word_1_196' title='bbox 1111 2091 1370 2136; x_wconf 88' lang='lat' dir='ltr'>scribenda</span> <span class='ocrx_word' id='word_1_197' title='bbox 1393 2105 1445 2135; x_wconf 92' lang='lat' dir='ltr'>se</span> <span class='ocrx_word' id='word_1_198' title='bbox 1480 2088 1760 2143; x_wconf 74' lang='lat' dir='ltr'>obtulerint,</span> <span class='ocrx_word' id='word_1_199' title='bbox 1797 2086 1975 2131; x_wconf 89' lang='lat' dir='ltr'>scribe-</span> 
     </span>
     <span class='ocr_line' id='line_1_25' title="bbox 366 2163 1975 2226; baseline -0.006 -11"><span class='ocrx_word' id='word_1_200' title='bbox 366 2187 487 2216; x_wconf 87' lang='lat' dir='ltr'>mus.</span> <span class='ocrx_word' id='word_1_201' title='bbox 515 2170 659 2226; x_wconf 79' lang='lat' dir='ltr'>Quod</span> <span class='ocrx_word' id='word_1_202' title='bbox 685 2170 924 2225; x_wconf 86' lang='lat' dir='ltr'>reliquum</span> <span class='ocrx_word' id='word_1_203' title='bbox 951 2178 1039 2220; x_wconf 79' lang='lat' dir='ltr'>est,</span> <span class='ocrx_word' id='word_1_204' title='bbox 1062 2178 1109 2213; x_wconf 86' lang='lat' dir='ltr'>te</span> <span class='ocrx_word' id='word_1_205' title='bbox 1138 2183 1228 2212; x_wconf 88' lang='lat' dir='ltr'>nos</span> <span class='ocrx_word' id='word_1_206' title='bbox 1251 2167 1318 2212; x_wconf 92' lang='lat' dir='ltr'>tui</span> <span class='ocrx_word' id='word_1_207' title='bbox 1343 2166 1423 2211; x_wconf 89' lang='lat' dir='ltr'>filii</span> <span class='ocrx_word' id='word_1_208' title='bbox 1448 2165 1730 2222; x_wconf 88' lang='lat' dir='ltr'>suppliciter</span> <span class='ocrx_word' id='word_1_209' title='bbox 1748 2163 1975 2208; x_wconf 88' lang='lat' dir='ltr'>obsecra-</span> 
     </span>
     <span class='ocr_line' id='line_1_26' title="bbox 365 2241 1977 2301; baseline -0.005 -11"><span class='ocrx_word' id='word_1_210' title='bbox 365 2262 470 2290; x_wconf 84' lang='lat' dir='ltr'>mus</span> <span class='ocrx_word' id='word_1_211' title='bbox 508 2256 559 2291; x_wconf 89' lang='lat' dir='ltr'>ut</span> <span class='ocrx_word' id='word_1_212' title='bbox 597 2246 690 2291; x_wconf 83' lang='lat' dir='ltr'>tuis</span> <span class='ocrx_word' id='word_1_213' title='bbox 725 2246 954 2301; x_wconf 87' lang='lat' dir='ltr'>precibus</span> <span class='ocrx_word' id='word_1_214' title='bbox 988 2254 1036 2289; x_wconf 92' lang='lat' dir='ltr'>et</span> <span class='ocrx_word' id='word_1_215' title='bbox 1069 2244 1253 2289; x_wconf 89' lang='lat' dir='ltr'>sanctis</span> <span class='ocrx_word' id='word_1_216' title='bbox 1286 2241 1540 2288; x_wconf 86' lang='lat' dir='ltr'>sacrificiis</span> <span class='ocrx_word' id='word_1_217' title='bbox 1575 2241 1683 2286; x_wconf 92' lang='lat' dir='ltr'>Deo</span> <span class='ocrx_word' id='word_1_218' title='bbox 1722 2255 1810 2284; x_wconf 90' lang='lat' dir='ltr'>nos</span> <span class='ocrx_word' id='word_1_219' title='bbox 1849 2254 1977 2284; x_wconf 90' lang='lat' dir='ltr'>com-</span> 
     </span>
     <span class='ocr_line' id='line_1_27' title="bbox 366 2319 1976 2379; baseline -0.006 -11"><span class='ocrx_word' id='word_1_220' title='bbox 366 2323 578 2374; x_wconf 81' lang='lat' dir='ltr'>mendes,</span> <span class='ocrx_word' id='word_1_221' title='bbox 605 2332 658 2367; x_wconf 92' lang='lat' dir='ltr'>ut</span> <span class='ocrx_word' id='word_1_222' title='bbox 681 2323 896 2379; x_wconf 83' lang='lat' dir='ltr'>gratiam</span> <span class='ocrx_word' id='word_1_223' title='bbox 919 2338 1057 2367; x_wconf 88' lang='lat' dir='ltr'>suam</span> <span class='ocrx_word' id='word_1_224' title='bbox 1083 2321 1221 2366; x_wconf 86' lang='lat' dir='ltr'>nobis</span> <span class='ocrx_word' id='word_1_225' title='bbox 1245 2319 1520 2365; x_wconf 88' lang='lat' dir='ltr'>concedere</span> <span class='ocrx_word' id='word_1_226' title='bbox 1545 2319 1773 2375; x_wconf 87' lang='lat' dir='ltr'>dignetur</span> <span class='ocrx_word' id='word_1_227' title='bbox 1797 2326 1847 2361; x_wconf 91' lang='lat' dir='ltr'>ut</span> <span class='ocrx_word' id='word_1_228' title='bbox 1871 2331 1976 2371; x_wconf 88' lang='lat' dir='ltr'>per-</span> 
     </span>
     <span class='ocr_line' id='line_1_28' title="bbox 366 2395 1975 2454; baseline -0.004 -9"><span class='ocrx_word' id='word_1_229' title='bbox 366 2400 493 2445; x_wconf 74' lang='lat' dir='ltr'>fecte</span> <span class='ocrx_word' id='word_1_230' title='bbox 516 2414 644 2444; x_wconf 73' lang='lat' dir='ltr'>suae</span> <span class='ocrx_word' id='word_1_231' title='bbox 668 2400 685 2425; x_wconf 63' lang='grc' dir='ltr'>ὓ</span> <span class='ocrx_word' id='word_1_232' title='bbox 707 2409 909 2444; x_wconf 87' lang='lat' dir='ltr'>sanctae</span> <span class='ocrx_word' id='word_1_233' title='bbox 934 2398 1174 2444; x_wconf 89' lang='lat' dir='ltr'>uoluntati</span> <span class='ocrx_word' id='word_1_234' title='bbox 1199 2412 1465 2454; x_wconf 90' lang='lat' dir='ltr'>pareamus</span> <span class='ocrx_word' id='word_1_235' title='bbox 1486 2403 1517 2440; x_wconf 75' lang='lat'>⁰.</span> <span class='ocrx_word' id='word_1_236' title='bbox 1967 2395 1975 2400; x_wconf 63' lang='grc'><em>“</em></span> 
     </span>
    </p>
   </div>
   <div class='ocr_carea' id='block_1_3' title="bbox 368 2577 1980 2688">
    <p class='ocr_par' dir='ltr' id='par_1_6' title="bbox 368 2577 1980 2688">
     <span class='ocr_line' id='line_1_29' title="bbox 413 2577 1980 2628; baseline -0.005 -9"><span class='ocrx_word' id='word_1_237' title='bbox 413 2591 430 2611; x_wconf 72' lang='lat'>³³</span> <span class='ocrx_word' id='word_1_238' title='bbox 452 2583 568 2619; x_wconf 83' lang='lat' dir='ltr'>Multi</span> <span class='ocrx_word' id='word_1_239' title='bbox 589 2584 709 2619; x_wconf 77' lang='lat' dir='ltr'>etiam</span> <span class='ocrx_word' id='word_1_240' title='bbox 729 2595 777 2619; x_wconf 82' lang='lat' dir='ltr'>ex</span> <span class='ocrx_word' id='word_1_241' title='bbox 797 2583 907 2619; x_wconf 87' lang='lat' dir='ltr'>curia</span> <span class='ocrx_word' id='word_1_242' title='bbox 926 2582 1039 2628; x_wconf 81' lang='lat' dir='ltr'>regia</span> <span class='ocrx_word' id='word_1_243' title='bbox 1059 2588 1152 2618; x_wconf 86' lang='lat' dir='ltr'>tunc</span> <span class='ocrx_word' id='word_1_244' title='bbox 1171 2582 1221 2618; x_wconf 84' lang='lat' dir='ltr'>ad</span> <span class='ocrx_word' id='word_1_245' title='bbox 1240 2594 1310 2617; x_wconf 88' lang='lat' dir='ltr'>nos</span> <span class='ocrx_word' id='word_1_246' title='bbox 1329 2593 1450 2617; x_wconf 88' lang='lat' dir='ltr'>causa</span> <span class='ocrx_word' id='word_1_247' title='bbox 1468 2579 1666 2616; x_wconf 88' lang='lat' dir='ltr'>uidendae</span> <span class='ocrx_word' id='word_1_248' title='bbox 1681 2578 1797 2614; x_wconf 86' lang='lat' dir='ltr'>huius</span> <span class='ocrx_word' id='word_1_249' title='bbox 1813 2577 1980 2622; x_wconf 84' lang='lat' dir='ltr'>eclogae</span> 
     </span>
     <span class='ocr_line' id='line_1_30' title="bbox 368 2635 1979 2688; baseline -0.004 -10"><span class='ocrx_word' id='word_1_250' title='bbox 368 2649 579 2685; x_wconf 79' lang='lat' dir='ltr'>uenerunt,</span> <span class='ocrx_word' id='word_1_251' title='bbox 601 2655 671 2678; x_wconf 78' lang='lat' dir='ltr'>nec</span> <span class='ocrx_word' id='word_1_252' title='bbox 694 2656 770 2678; x_wconf 85' lang='lat' dir='ltr'>non</span> <span class='ocrx_word' id='word_1_253' title='bbox 791 2648 829 2678; x_wconf 82' lang='lat' dir='ltr'>et</span> <span class='ocrx_word' id='word_1_254' title='bbox 849 2643 971 2688; x_wconf 86' lang='lat' dir='ltr'>ipsius</span> <span class='ocrx_word' id='word_1_255' title='bbox 990 2647 1187 2683; x_wconf 76' lang='lat' dir='ltr'>cantores,</span> <span class='ocrx_word' id='word_1_256' title='bbox 1208 2641 1275 2687; x_wconf 87' lang='lat' dir='ltr'>qui</span> <span class='ocrx_word' id='word_1_257' title='bbox 1303 2640 1463 2676; x_wconf 87' lang='lat' dir='ltr'>musicis</span> <span class='ocrx_word' id='word_1_258' title='bbox 1490 2638 1747 2675; x_wconf 86' lang='lat' dir='ltr'>concentibus</span> <span class='ocrx_word' id='word_1_259' title='bbox 1775 2636 1832 2672; x_wconf 88' lang='lat' dir='ltr'>rei</span> <span class='ocrx_word' id='word_1_260' title='bbox 1863 2635 1979 2671; x_wconf 84' lang='lat' dir='ltr'>finem</span> 
     </span>
    </p>
   </div>
   <div class='ocr_carea' id='block_1_4' title="bbox 368 2695 1977 2796">
    <p class='ocr_par' dir='ltr' id='par_1_7' title="bbox 368 2695 1977 2796">
     <span class='ocr_line' id='line_1_31' title="bbox 368 2695 1977 2748; baseline -0.005 -10"><span class='ocrx_word' id='word_1_261' title='bbox 368 2704 654 2748; x_wconf 81' lang='lat' dir='ltr'>imposuerunt.</span> <span class='ocrx_word' id='word_1_262' title='bbox 714 2702 773 2728; x_wconf 29' lang='lat' dir='ltr'>ff—l)</span> <span class='ocrx_word' id='word_1_263' title='bbox 795 2702 891 2737; x_wconf 76' lang='lat' dir='ltr'>cius.</span> <span class='ocrx_word' id='word_1_264' title='bbox 946 2708 1006 2728; x_wconf 69' lang='lat' dir='ltr'>——C</span> <span class='ocrx_word' id='word_1_265' title='bbox 1028 2701 1142 2737; x_wconf 74' lang='lat' dir='ltr'>Add.</span> <span class='ocrx_word' id='word_1_266' title='bbox 1172 2701 1262 2737; x_wconf 77' lang='lat' dir='ltr'>(lll&#39;a</span> <span class='ocrx_word' id='word_1_267' title='bbox 1293 2711 1431 2736; x_wconf 75' lang='lat' dir='ltr'>manu</span> <span class='ocrx_word' id='word_1_268' title='bbox 1463 2699 1624 2735; x_wconf 80' lang='lat' dir='ltr'>uidetur</span> <span class='ocrx_word' id='word_1_269' title='bbox 1654 2698 1748 2733; x_wconf 83' lang='lat' dir='ltr'>data</span> <span class='ocrx_word' id='word_1_270' title='bbox 1776 2696 1851 2732; x_wconf 71' lang='lat' dir='ltr'>in.‘·&#39;</span> <span class='ocrx_word' id='word_1_271' title='bbox 1883 2695 1977 2730; x_wconf 88' lang='lat' dir='ltr'>anni</span> 
     </span>
     <span class='ocr_line' id='line_1_32' title="bbox 372 2761 471 2796; baseline 0 0"><span class='ocrx_word' id='word_1_272' title='bbox 372 2761 471 2796; x_wconf 66' lang='lat'>1557.</span> 
     </span>
    </p>
   </div>
   <div class='ocr_carea' id='block_1_5' title="bbox 373 2923 1975 3147">
    <p class='ocr_par' dir='ltr' id='par_1_8' title="bbox 419 2923 947 2961">
     <span class='ocr_line' id='line_1_33' title="bbox 419 2923 947 2961; baseline -0.004 0"><span class='ocrx_word' id='word_1_273' title='bbox 419 2926 426 2944; x_wconf 91' lang='lat'>¹</span> <span class='ocrx_word' id='word_1_274' title='bbox 481 2923 701 2961; x_wconf 83' lang='lat' dir='ltr'>Catharina</span> <span class='ocrx_word' id='word_1_275' title='bbox 717 2924 947 2960; x_wconf 80' lang='lat' dir='ltr'>Austriaca.</span> 
     </span>
    </p>

    <p class='ocr_par' dir='ltr' id='par_1_9' title="bbox 416 2982 755 3019">
     <span class='ocr_line' id='line_1_34' title="bbox 416 2982 755 3019; baseline -0.006 0"><span class='ocrx_word' id='word_1_276' title='bbox 416 2984 429 3002; x_wconf 71' lang='lat'><strong>²</strong></span> <span class='ocrx_word' id='word_1_277' title='bbox 480 2982 755 3019; x_wconf 74' lang='lat' dir='ltr'>Sebastianus.</span> 
     </span>
    </p>

    <p class='ocr_par' dir='ltr' id='par_1_10' title="bbox 373 3035 1975 3147">
     <span class='ocr_line' id='line_1_35' title="bbox 417 3035 1975 3092; baseline -0.004 -15"><span class='ocrx_word' id='word_1_278' title='bbox 417 3043 429 3061; x_wconf 79' lang='lat'><strong>³</strong></span> <span class='ocrx_word' id='word_1_279' title='bbox 482 3043 631 3092; x_wconf 81' lang='lat' dir='ltr'>Rector</span> <span class='ocrx_word' id='word_1_280' title='bbox 650 3042 830 3087; x_wconf 77' lang='lat' dir='ltr'>collegii,</span> <span class='ocrx_word' id='word_1_281' title='bbox 851 3042 914 3077; x_wconf 84' lang='lat' dir='ltr'>cui</span> <span class='ocrx_word' id='word_1_282' title='bbox 933 3041 1115 3077; x_wconf 87' lang='lat' dir='ltr'>alludere</span> <span class='ocrx_word' id='word_1_283' title='bbox 1137 3041 1311 3083; x_wconf 69' lang='lat' dir='ltr'>videtur,</span> <span class='ocrx_word' id='word_1_284' title='bbox 1333 3045 1419 3076; x_wconf 87' lang='lat' dir='ltr'>erat</span> <span class='ocrx_word' id='word_1_285' title='bbox 1439 3039 1482 3075; x_wconf 84' lang='lat' dir='ltr'>P.</span> <span class='ocrx_word' id='word_1_286' title='bbox 1510 3038 1744 3084; x_wconf 84' lang='lat' dir='ltr'>Alphonsus</span> <span class='ocrx_word' id='word_1_287' title='bbox 1772 3035 1975 3071; x_wconf 80' lang='lat' dir='ltr'>Barretto.</span> 
     </span>
     <span class='ocr_line' id='line_1_36' title="bbox 373 3100 839 3147; baseline -0.004 -9"><span class='ocrx_word' id='word_1_288' title='bbox 373 3101 507 3147; x_wconf 81' lang='lat' dir='ltr'>Epist.</span> <span class='ocrx_word' id='word_1_289' title='bbox 530 3101 665 3141; x_wconf 79' lang='lat' dir='ltr'>Mixl.,</span> <span class='ocrx_word' id='word_1_290' title='bbox 687 3100 740 3143; x_wconf 72' lang='lat' dir='ltr'>V,</span> <span class='ocrx_word' id='word_1_291' title='bbox 761 3100 839 3136; x_wconf 66' lang='lat'>300.</span> 
     </span>
    </p>
   </div>
  </div>
 </body>
</html>
