2051 3516
318 304 384 342 134
775 305 994 341 LITTERAE
1020 304 1371 349 QUADRIMESTRES

269 400 314 445 lo
338 399 692 456 exciperemus,
720 408 896 455 parata
920 408 1062 444 erant
1084 399 1129 443 in
1164 397 1428 441 aduentum
1452 395 1571 452 eius,
1603 405 1716 440 ante
1739 396 1879 441 nobis

269 476 550 533 indicatum,
578 476 820 532 quaedam
844 475 1142 532 praecipuae
1165 471 1507 518 concinnitatis
1531 481 1578 517 et
1601 472 1879 529 elegantiae

269 553 507 609 carmina;
544 568 669 609 quae
702 562 882 608 tamen,
920 553 1047 608 quod
1086 565 1226 595 mora
1259 549 1361 594 eius
1394 548 1523 604 apud
1555 564 1643 593 nos
1682 549 1880 594 minima

248 639 413 687 esset,
440 630 585 685 tradi,
612 628 809 674 recitari
833 635 876 685 ³,
904 638 955 672 ut
979 627 1271 672 destinatum
1295 633 1420 682 erat,
1448 638 1548 669 non
1568 635 1788 680 potuere.

327 706 367 750 8.
431 705 562 750 Idem
587 705 771 761 aliquot
794 714 908 749 ante
933 703 1099 748 diebus
1121 701 1352 758 judaeum
1377 701 1639 757 quendam,
1675 702 1773 746 suis
1796 702 1878 747 im-

269 782 453 838 pendiis
478 781 584 826 fidei
610 781 883 826 catholicae
908 780 1208 833 initiandum,
1236 779 1328 823 huc
1351 777 1493 823 misit.
1531 778 1600 823 At
1633 779 1880 834 princeps

270 859 407 916 quod
428 858 712 903 mrtnscnle
735 858 833 902 lanc
856 857 1146 901 cliztertatlcr
1169 859 1215 899 et
1247 854 1544 899 breuissime
1577 854 1874 911 dz'moretzm

264 935 423 991 plum
446 939 493 979 et
514 935 687 991 magis
704 935 841 979 seria
864 933 1042 977 lmlmc't
1063 931 1310 987 obeunda,
1338 944 1495 988 quam
1519 934 1574 975 ut
1595 931 1879 976 cardinalis

270 1011 561 1066 exemplum
605 1011 857 1065 imitatus,
900 1008 1125 1065 potnerit
1166 1021 1258 1051 nos
1301 1007 1554 1062 inuiseres
1602 1021 1664 1051 ne
1706 1012 1879 1052 tamen

271 1087 504 1131 (mimum
524 1101 651 1143 erga
670 1100 761 1130 7108
777 1100 930 1130 secum
950 1085 1255 1141 relinqueret
1273 1085 1569 1128 intestatum
1590 1083 1624 1141 Ι),
1647 1099 1709 1129 ex
1733 1099 1878 1129 uena-

269 1163 416 1215 tione,
441 1163 514 1207 cui
550 1162 817 1218 principum
852 1176 987 1206 more
1027 1160 1352 1205 deditissimus
1387 1170 1476 1216 est,
1511 1176 1683 1216 aprum
1718 1170 1765 1205 et
1803 1176 1878 1206 ce-

271 1255 411 1283 ruum
446 1254 531 1295 per
569 1239 777 1283 famulos
811 1238 973 1293 palam
1009 1237 1069 1281 ad
1105 1252 1193 1281 nos
1223 1236 1405 1281 deferri
1439 1237 1632 1282 curauit
1666 1239 1694 1281 ¹.
1733 1236 1878 1293 Quod

269 1330 387 1359 sane
412 1330 601 1370 munus,
628 1314 891 1369 minimum,
918 1314 954 1357 si
980 1313 1196 1368 precium
1219 1323 1430 1369 spectes,
1463 1313 1570 1368 plus
1593 1314 1807 1358 omnium
1831 1313 1877 1357 in

270 1407 356 1436 nos
382 1391 556 1435 ciuium
581 1390 768 1434 animos
802 1390 1081 1445 commouit,
1118 1405 1262 1445 quam
1295 1390 1334 1434 si
1369 1390 1672 1444 clanculmn,
1715 1390 1876 1435 insciis

271 1468 507 1519 omnibus,
534 1467 661 1511 mille
696 1467 859 1511 aureis
883 1483 971 1511 nos
995 1467 1228 1511 auxisset.
1257 1465 1435 1512 Statim
1469 1467 1596 1512 enim
1627 1467 1806 1524 vulgus
1830 1476 1878 1512 et

269 1544 348 1588 alii
374 1544 506 1600 uulgi
531 1544 855 1588 conditionem
881 1544 1230 1599 necquicquam
1256 1544 1462 1600 egressi,
1490 1545 1601 1589 licet
1626 1545 1876 1600 praecipui

270 1619 313 1663 in
339 1620 430 1663 hoc
456 1620 623 1663 elideri
644 1624 691 1663 et
722 1620 891 1664 haberi
931 1619 1079 1664 uelint
1113 1620 1304 1676 oppido,
1332 1636 1596 1665 susurrare
1626 1621 1875 1666 demirari-

269 1711 360 1751 que
386 1695 612 1751 principis
636 1711 758 1751 erga
791 1695 994 1752 jesuitas
1028 1712 1238 1752 coepere
1272 1697 1681 1753 propensitatem
1704 1703 1734 1741 ⁶.
1773 1697 1876 1742 Nec

268 1773 411 1816 modo
436 1788 637 1817 munere
676 1774 767 1817 hoc
799 1774 989 1828 publice
1028 1774 1176 1818 misso
1211 1773 1423 1818 animum
1458 1790 1583 1830 erga
1616 1774 1887 1830 collegium,

267 1848 356 1892 hoc
392 1864 529 1893 suum
570 1849 852 1894 declarasse
886 1859 1142 1895 contentus
1175 1850 1280 1907 fuit,
1317 1851 1401 1895 sed
1436 1860 1483 1896 et
1516 1867 1754 1895 summam
1779 1850 1874 1895 fru-

267 1925 559 1969 mentariam
584 1926 629 1969 in
661 1926 856 1981 triplum
891 1937 1085 1971 auctam
1126 1928 1293 1972 uoluit.
1330 1927 1462 1972 Idem
1497 1928 1555 1972 de
1590 1927 1806 1983 pecuniis
1828 1927 1875 1972 in

267 2002 586 2046 conuentione
610 2003 834 2057 pollicitis
858 2003 1149 2059 quandoque
1173 2004 1392 2049 futurum
1418 2019 1690 2060 speramus
1717 2004 1873 2049 Reue-

267 2078 454 2122 rentiae
479 2077 495 2102 <¹
522 2078 586 2122 V.
614 2079 706 2123 erit
731 2079 1004 2124 huiusmodi
1029 2081 1270 2125 hominem
1291 2090 1338 2126 et
1362 2097 1482 2137 quos
1501 2082 1649 2126 habet
1668 2097 1696 2126 a
1715 2097 1873 2126 secre-

265 2153 324 2197 tis
348 2164 394 2197 et
419 2155 1035 2212 consiliisferuentissime
1061 2157 1167 2201 Deo
1191 2158 1506 2210 comendare,
1534 2172 1596 2202 ne
1629 2158 1755 2214 qnid
1773 2162 1872 2203 stez-

265 2233 414 2273 [nant
454 2229 810 2283 decemmnltte,
860 2233 996 2288 qaod
1035 2247 1134 2277 non
1179 2237 1285 2278 tam
1325 2233 1468 2278 nobis
1505 2248 1661 2291 quam
1701 2234 1874 2279 multis

265 2305 419 2348 etiam
444 2306 561 2350 aliis
583 2306 753 2351 obesse
777 2312 942 2363 queat,
969 2309 1063 2353 sed
1090 2310 1279 2365 potins,
1321 2325 1466 2366 quam
1491 2316 1507 2336 θ
1541 2325 1667 2354 nunc
1691 2311 1873 2355 habent

264 2396 387 2436 erga
413 2396 499 2425 nos
523 2392 749 2437 mentem,
778 2395 1014 2439 perpetuo
1034 2386 1296 2431 retineant.

321 2456 363 2501 9.
429 2456 525 2501 Sed
550 2473 639 2502 nec
669 2459 714 2503 hi
747 2460 919 2517 solum,
959 2478 1078 2517 quos
1113 2462 1209 2527 iam
1245 2463 1613 2519 appellauimus,
1651 2461 1868 2509 Societa-

266 2542 363 2576 tem
387 2543 569 2590 amant‚
598 2536 778 2592 colunt,
806 2548 1219 2595 ueneranturque;
1249 2555 1421 2584 verum
1452 2540 1599 2585 etiam
1624 2540 1705 2584 alii
1730 2540 1868 2596 pleri-

266 2624 357 2663 que
381 2610 557 2663 optime
582 2612 720 2656 nobis
739 2613 952 2669 eupiunt,
979 2614 1104 2659 inter
1123 2631 1244 2672 quos
1266 2632 1362 2660 non
1387 2616 1629 2660 immerito
1654 2617 1868 2672 praesuli
1901 2628 1909 2635 “

266 2684 511 2729 labacensi
538 2687 551 2709 '²
577 2687 758 2741 primas
783 2689 1018 2741 tribuero,
1047 2692 1123 2747 qui
1149 2708 1243 2736 non
1270 2693 1413 2737 modo
1446 2692 1758 2738 viennensem
1783 2692 1870 2738 So-

312 2844 327 2862 ³
359 2838 427 2872 sed
448 2851 524 2873 non
548 2839 720 2875 recitari.
776 2841 841 2868 ——b
864 2841 920 2877 At
939 2842 1029 2879 dux.
1083 2851 1145 2870 —C
1165 2845 1503 2882 beneuolentiam.
1556 2846 1619 2873 —d
1641 2846 1885 2883 Reuentiae·

267 2906 342 2930 ms.
396 2902 455 2922 -e
482 2902 521 2932 vt
539 2910 669 2943 quam.

314 3025 321 3042 ¹
376 3023 437 3059 Cf.
458 3025 698 3068 PoLANCUM,
731 3029 895 3071 Clzron„
918 3030 989 3072 VI,
1010 3031 1090 3068 409.

312 3083 324 3101 ²
377 3083 562 3121 Urbanus
580 3085 729 3122 Textor
750 3087 950 3134 (Weber).
