2051 3516
352 339 399 376 40
815 337 1034 374 LITTERAE
1060 336 1412 382 QUADRIMESTRES

303 433 587 479 monialium
610 432 928 489 monasteria,
956 440 1009 476 vt
1037 445 1209 477 earum
1238 438 1427 475 mentes
1460 438 1775 475 sacramento
1809 444 1919 475 con-

302 509 530 556 fessionis
553 508 884 566 purificantes,
912 506 1116 564 eloquiis
1138 504 1438 562 spiritalibus
1462 505 1671 551 firment.

359 586 403 632 7.
469 585 679 642 Quidam
704 585 827 630 alius
850 583 1002 629 Pater
1035 581 1290 627 dominicis
1323 580 1472 626 etiam
1506 581 1675 628 diebus
1713 581 1920 627 eandem

303 660 486 707 Christi
510 661 787 707 doctrinam
812 659 1097 705 carceribus
1127 658 1335 704 detentis
1365 657 1605 715 declarat,
1641 657 1781 716 cujus
1814 673 1919 715 spe-

300 738 562 784 cialissimo
592 737 773 783 auxilio
798 737 866 782 sic
890 735 1155 781 innumeris
1179 734 1449 780 sceleribus
1474 735 1749 780 obstinatos
1772 736 1919 780 emol—

300 813 368 871 lit,
396 830 455 860 ac
478 813 701 870 disponit,
728 822 782 858 vt
806 813 884 869 qui
913 821 1061 857 antea
1090 820 1347 856 cartarum
1380 811 1762 868 taxillorumque
1796 811 1933 857 ludis

301 899 350 936 et
382 890 490 935 aliis
522 889 780 934 horrendis
812 888 956 944 vitiis,
985 887 1252 933 deierando
1275 888 1418 932 simul
1442 896 1490 933 et
1514 888 1916 945 blasphemando,

300 967 676 1012 delectabantur
699 965 843 1022 (proh
866 964 957 1009 Dei
982 963 1215 1008 infinitam
1237 963 1665 1020 misericordiam),
1701 964 1798 1010 iam
1822 964 1919 1010 iam

299 1043 456 1100 ipsam
474 1042 584 1088 Iesu
603 1040 787 1087 Christi
804 1040 1079 1085 doctrinam
1098 1039 1418 1085 libentissime
1436 1041 1674 1096 ediscant,
1696 1042 1920 1087 enormia

298 1135 387 1165 sua
411 1119 598 1173 flagitia
621 1118 778 1163 eidem
802 1117 937 1162 Patri
961 1117 1147 1173 ingenti
1171 1117 1498 1162 detestatione
1522 1116 1826 1163 confitentes.

357 1194 398 1240 8.
469 1194 531 1239 Et
554 1193 681 1250 quod
705 1193 865 1250 magis
888 1192 1163 1237 mirandum
1182 1202 1272 1245 est,
1294 1193 1436 1249 regia
1454 1193 1561 1249 ipsa
1580 1193 1769 1248 domus,
1791 1209 1919 1250 quae

298 1271 532 1316 vitiorum
557 1270 769 1315 omnium
799 1269 1127 1314 certissimum
1157 1269 1282 1314 solet
1315 1285 1424 1315 esse
1458 1269 1771 1327 domicilium,
1809 1270 1916 1315 reli-

297 1348 456 1405 gionis
486 1362 632 1392 sacra
661 1346 833 1391 domus
862 1355 1119 1403 appareat3
1152 1361 1266 1391 nam
1289 1345 1396 1392 fere
1420 1362 1591 1392 omnes
1614 1347 1913 1392 christianis-

298 1425 451 1470 simae
474 1423 703 1480 principis
727 1425 739 1447 ¹
765 1422 973 1467 ancillae
997 1422 1185 1467 nobiles
1214 1424 1394 1468 crebro
1427 1423 1569 1468 nimis
1603 1423 1666 1468 ad
1701 1424 1916 1480 peniten-

297 1501 395 1546 tiae
433 1509 796 1546 sacramentum
834 1499 1092 1556 accedunt;
1130 1500 1197 1544 ita
1231 1509 1284 1544 vt
1318 1499 1495 1546 Patres
1528 1500 1602 1545 bis
1636 1510 1721 1546 aut
1754 1510 1830 1546 ter
1870 1501 1915 1546 in

296 1576 606 1622 hebdomada
630 1576 674 1620 in
699 1576 828 1631 ipsas
862 1575 977 1620 edes
1010 1575 1177 1631 regias
1211 1586 1525 1633 reuocentur,
1564 1592 1686 1633 quos
1719 1577 1916 1633 saepius

298 1653 462 1699 audiui
481 1668 729 1709 nunquam
748 1668 799 1697 se
818 1652 1013 1697 illarum
1032 1668 1183 1708 puras
1203 1653 1390 1698 animas
1410 1653 1606 1699 mortali
1625 1654 1736 1699 labe
1751 1670 1915 1699 macu-

296 1730 425 1775 latas
448 1729 681 1785 inuenire,
709 1729 1002 1784 quimpotius
1028 1729 1257 1774 eximium
1284 1730 1416 1775 vitae
1440 1730 1724 1786 candorem,
1747 1731 1914 1787 ingen-

295 1806 387 1851 teis
411 1806 750 1861 eleemosynas
775 1814 821 1850 et
844 1805 1027 1861 proprii
1052 1806 1276 1861 corporis
1300 1807 1559 1852 continuas
1578 1807 1915 1853 correctiones

297 1881 516 1937 aliasque
540 1881 561 1901 α
584 1880 918 1937 hujuscemodi
938 1881 1147 1926 virtutes
1171 1882 1406 1937 plurimas
1431 1883 1476 1927 in
1495 1883 1600 1939 ipsa
1620 1883 1769 1929 etiam
1789 1884 1914 1940 prin-

297 1957 402 2014 cipe
437 1957 638 2013 idipsum
672 1958 806 2002 clare
841 1957 1178 2013 prospicimus,
1207 1974 1332 2014 quae
1356 1959 1497 2004 simul
1521 1975 1631 2004 cum
1654 1960 1914 2005 clarissimi

296 2033 465 2089 Philipi
491 2032 740 2088 vnigenito
766 2032 950 2078 Carolo
976 2034 1207 2079 eximium
1232 2050 1356 2091 erga
1387 2051 1474 2080 nos
1505 2052 1727 2082 amorem
1762 2036 1913 2082 conti—

295 2109 402 2154 nuis
436 2109 758 2164 eleemosynis
792 2109 994 2165 aliisque
1028 2110 1404 2156 beneuolentiae
1439 2112 1727 2158 certissimis
1761 2113 1914 2169 signis

296 2185 340 2229 in
365 2184 467 2229 dies
491 2184 649 2240 magis
672 2200 731 2229 ac
754 2185 912 2241 magis
936 2186 1197 2231 ostendunt
1221 2188 1251 2232 2.

352 2256 406 2305 9(
462 2260 541 2305 Ad
574 2259 678 2316 ipsa
712 2261 908 2306 tandem
942 2277 1214 2318 pauperum
1254 2265 1532 2310 communia
1570 2265 1780 2322 hospitia
1818 2266 1911 2312 fre-

296 2345 499 2392 quenter
528 2336 674 2392 aliqui
702 2337 958 2382 mittuntur
982 2338 1174 2395 Patres,
1201 2348 1302 2384 tum
1326 2350 1380 2386 vt
1403 2341 1533 2397 ipsos
1559 2341 1776 2387 infirmos
1801 2358 1933 2397 con-x

296 2411 487 2457 fitentes
510 2412 556 2457 in
578 2413 873 2458 necessariis
907 2414 1148 2471 erudiant,
1187 2425 1289 2461 tum
1323 2417 1472 2462 etiam
1507 2427 1559 2462 vt
1594 2418 1692 2463 alia
1725 2419 1912 2464 miseri-

296 2488 493 2533 cordiae
522 2504 675 2545 opera
699 2489 871 2545 quibus
895 2491 1019 2536 haec
1041 2501 1211 2537 nostra
1235 2491 1464 2538 Societas
1487 2494 1762 2540 comuniter
1783 2496 1910 2541 solet

295 2563 563 2621 assuefieri,
590 2580 713 2620 erga
736 2565 841 2610 illos
865 2578 1147 2613 exerceant.

358 2640 423 2685 10.
497 2641 714 2686 Plurima
758 2642 854 2687 alia
896 2658 1089 2698 possem
1134 2660 1418 2703 recensere,
1466 2647 1700 2692 breuitati
1745 2656 1910 2693 tamen

295 2716 510 2773 studenS‚
551 2732 610 2762 ne
649 2717 885 2774 epistolae
923 2719 1099 2765 limites
1136 2722 1422 2778 transgredi
1458 2722 1646 2780 videar,
1685 2725 1909 2769 consulto

295 2792 473 2836 omissi.
517 2792 769 2838 Hactenus
808 2804 973 2840 autem
1013 2811 1042 2841 a
1086 2812 1163 2842 me
1202 2807 1463 2856 Vtcumque
1508 2799 1754 2856 explicata
1798 2809 1910 2846 sunt

342 2933 361 2951 st
410 2945 513 2979 quae
534 2945 611 2970 mS.

344 3063 354 3081 ¹
402 3061 559 3108 Joanna
579 3062 809 3107 Austriaca,
832 3063 969 3101 Caroli
989 3065 1030 3101 V
1049 3065 1144 3108 filia,
1165 3067 1387 3115 Hispaniae
1406 3069 1682 3115 gubernatrix.

344 3120 356 3140 ²
406 3120 637 3166 POLANcus,
659 3122 824 3166 Clzron„
849 3123 898 3168 V,
919 3124 964 3159 47
983 3130 1022 3161 et
1040 3124 1207 3161 424-425.
