2051 3516
349 284 392 320 10
811 283 1030 320 LITTERAE
1057 284 1149 329 QUA
1158 293 1413 319 DRIMESTRES

299 377 448 422 etiam
472 386 809 422 externorum.
837 376 1096 422 Habentur
1119 377 1243 423 enim
1270 375 1475 433 singulis
1509 376 1679 421 diebus
1713 375 1873 420 sabati
1899 374 1919 396 ἃ

299 453 668 509 disputationes,
698 463 895 509 praeter
925 468 1011 498 eas
1045 468 1168 509 quas
1202 453 1328 497 inter
1361 467 1414 497 se
1448 451 1669 507 discipuli
1705 451 1920 507 quotidie

299 530 495 583 habent,
518 529 580 574 ad
601 545 721 585 quas
741 529 957 574 nonnulli
976 529 1055 574 alii
1076 529 1292 584 ueniunt,
1315 543 1343 573 a
1364 528 1537 584 quibus
1562 537 1737 573 contra
1761 528 1919 583 dispu-

299 615 449 661 tatur,
477 605 605 661 quod
629 606 742 650 item
768 620 796 649 a
822 605 970 650 Patre
993 605 1162 650 Leone
1186 604 1466 660 nostrisque
1485 603 1727 649 nonnullis
1752 603 1820 648 fit.
1844 603 1920 648 Ex

300 682 473 738 quibus
512 682 715 738 aliisque
749 682 1187 726 exercitationibus
1226 696 1435 737 magnos
1468 680 1661 725 fructus
1701 680 1920 736 discipuli

300 759 590 816 percipiunt.

358 835 400 880 3.
467 835 676 880 Praeter
719 835 806 879 hos
851 843 1227 890 praeceptores,
1280 849 1400 890 quos
1449 848 1599 888 supra
1648 833 1918 887 nominaui,

300 912 440 956 adest
464 911 611 956 etiam
635 911 790 956 frater
815 910 1009 966 quidam
1035 910 1172 966 quasi
1207 894 1529 955 subsidiarius
1565 909 1717 963 miles,
1752 909 1813 954 ad
1838 924 1922 954 eos

301 1003 446 1033 casus
471 997 691 1044 paratus,
724 987 803 1043 qui
828 1002 975 1042 saepe
1000 986 1201 1031 euenire
1235 987 1408 1036 solent,
1446 995 1494 1030 et
1527 986 1589 1030 ad
1624 1001 1710 1030 eos
1744 984 1922 1030 exami-

301 1063 504 1118 nandos,
531 1063 609 1119 qui
634 1058 739 1108 fere
763 1062 976 1118 quotidie
1001 1062 1216 1107 discendi
1240 1062 1405 1118 gratia
1430 1062 1491 1106 ad
1510 1071 1707 1107 nostras
1726 1062 1922 1107 scholas

302 1140 516 1185 ueniunt.
545 1139 621 1184 Ex
647 1155 741 1195 quo
766 1138 832 1191 fit,
856 1148 906 1183 ut
927 1139 971 1182 in
990 1138 1092 1183 dies
1112 1138 1332 1195 singulos
1358 1138 1708 1193 discipulorum
1729 1147 1924 1183 crescat

301 1230 551 1270 numerus;
594 1226 641 1260 et
675 1216 827 1260 multo
869 1215 1025 1260 maior
1059 1215 1166 1259 fore
1203 1215 1411 1271 uidetur,
1449 1215 1488 1259 si
1524 1215 1615 1260 hoc
1649 1230 1777 1259 anno
1813 1214 1923 1271 agri

304 1308 440 1349 spem
465 1292 662 1337 futurae
687 1291 928 1337 ubertatis
953 1291 1204 1347 coeperint
1229 1292 1505 1336 ostendere.

360 1370 402 1414 4.
470 1368 547 1423 Hi,
591 1370 668 1424 qui
709 1378 818 1412 sunt
853 1368 957 1412 t'ere
991 1367 1216 1421 trecenti⁷
1253 1367 1624 1423 diligentissime
1664 1367 1922 1420 docentur,

306 1461 401 1490 non
425 1446 582 1490 solum
617 1445 802 1495 literas
840 1445 924 1489 sed
959 1444 1106 1489 etiam
1142 1444 1387 1495 uirtutem;
1426 1453 1472 1488 et
1506 1444 1552 1488 in
1587 1453 1796 1499 utroque
1830 1459 1924 1488 non

304 1522 577 1566 mediocres
601 1521 787 1566 faciunt
812 1536 1124 1577 progressus.
1154 1520 1370 1565 Peccata
1394 1535 1605 1576 namque
1629 1535 1777 1576 saepe
1811 1535 1923 1564 con-

304 1597 516 1653 fitentur,
559 1608 606 1643 et
639 1607 1010 1642 sacrosanctum
1048 1596 1229 1641 Christi
1264 1612 1444 1653 corpus
1479 1597 1765 1652 frequenter
1799 1596 1923 1642 acci—

305 1674 454 1731 piunt.

361 1752 403 1796 5.
477 1744 747 1795 Adhibetur
771 1760 936 1794 autem
962 1766 990 1794 a
1016 1750 1267 1806 magistris
1292 1765 1478 1794 summa
1503 1765 1624 1795 cura
1649 1760 1696 1795 et
1721 1750 1924 1807 diligen-

306 1828 373 1873 tia
397 1828 442 1872 in
468 1843 641 1872 eorum
665 1827 836 1871 animis
860 1836 960 1872 tum
980 1827 1235 1871 literarum
1257 1827 1531 1872 eruditione
1552 1827 1801 1883 ornandis,
1825 1837 1926 1872 tum

304 1905 451 1950 etiam
475 1904 742 1948 christiana
774 1904 953 1959 pietate
995 1904 1280 1949 imbuendis.
1319 1904 1414 1960 Qui
1451 1905 1643 1960 quidem
1679 1906 1836 1961 labor,
1876 1915 1925 1950 ut

306 1981 468 2026 multis
512 1981 664 2036 signis
709 1981 926 2025 iudicare
967 1982 1093 2037 licet,
1135 1982 1350 2025 maximo
1390 1997 1503 2026 cum
1543 1981 1707 2026 fructu
1746 1983 1925 2038 suscipi

305 2058 514 2103 uidetur.
544 2057 717 2102 Faciat
738 2057 871 2102 Deus
896 2057 1009 2113 Opt.
1035 2058 1182 2102 Maxi.
1207 2068 1257 2102 ut
1281 2058 1403 2102 haec
1423 2059 1584 2102 omnia
1604 2058 1665 2103 ad
1685 2058 1922 2104 honorem

305 2134 454 2190 ipsius
478 2133 767 2189 laudemque
792 2134 1084 2188 dirigantur.
1113 2134 1368 2179 Hactenus
1392 2134 1451 2179 de
1475 2135 1669 2179 scholis.

364 2210 406 2255 6.
474 2209 710 2265 Principis
750 2219 913 2254 autem
953 2211 1218 2255 cardinalis
1256 2226 1380 2267 erga
1423 2227 1511 2255 nos
1556 2211 1787 2267 animum,
1835 2213 1925 2257 etsi

308 2287 471 2331 multis
504 2286 599 2330 iam
633 2286 784 2330 literis
819 2286 925 2330 hinc
958 2287 1115 2331 missis
1140 2287 1241 2341 tibi,
1270 2287 1420 2332 Pater
1444 2287 1665 2339 colende,
1693 2287 1813 2332 satis
1848 2303 1925 2333 co-

307 2364 495 2420 gnitum
521 2372 927 2419 perspectumque
953 2379 1058 2408 esse
1083 2364 1384 2415 confidimus,
1412 2373 1577 2409 tamen
1603 2364 1728 2409 illius
1744 2364 1802 2409 *in
1836 2380 1934 2410 nos

308 2439 574 2496 singularis
606 2440 948 2483 beneuolentia
983 2439 1147 2496 efficit,
1186 2450 1236 2484 ut
1271 2441 1428 2484 nullas
1462 2440 1632 2485 literas
1665 2440 1768 2485 sine
1804 2440 1927 2485 tanti

309 2516 491 2561 amoris
515 2515 757 2560 mentione
778 2515 846 2560 ire
873 2516 1130 2571 patiamur.
1160 2516 1379 2561 Maxima
1399 2516 1525 2561 enim
1546 2532 1634 2561 nos
1654 2517 1925 2561 humanita-

308 2602 355 2637 te
400 2591 794 2646 liberalitateque
840 2592 1194 2649 complectitur,
1242 2593 1405 2637 omnia
1450 2602 1623 2638 nostra
1665 2602 1815 2649 grata
1861 2593 1924 2638 illi

308 2678 456 2724 atque
480 2668 688 2712 iucunda
713 2677 839 2712 sunt.
868 2668 970 2712 Nec
995 2670 1149 2712 solum
1176 2684 1412 2724 praesens
1432 2670 1583 2714 multa
1604 2669 1742 2714 nobis
1763 2669 1924 2726 singu-

310 2744 426 2789 laris
450 2744 703 2788 cuiusdam
734 2744 915 2788 amoris
944 2744 1085 2800 signa
1119 2745 1346 2795 ostendit,
1383 2745 1468 2790 sed
1502 2746 1652 2790 multo
1687 2745 1731 2788 id
1767 2746 1926 2801 magis

309 2821 487 2865 absens
511 2820 678 2873 literis,
707 2835 826 2875 quas
860 2821 921 2865 ad
946 2836 1058 2865 suos
1085 2821 1244 2873 mittit,
1273 2821 1532 2877 significat.
1561 2821 1753 2878 Quibus
1777 2822 1924 2866 etiam

309 2911 457 2952 saepe
481 2896 704 2952 imperat,
734 2906 782 2940 ut
807 2896 1064 2951 diligenter
1088 2897 1381 2952 prouideant
1405 2913 1464 2942 ne
1488 2897 1600 2953 quid
1624 2897 1764 2941 nobis
1785 2898 1921 2942 desit.

357 3060 375 3078 ²²
426 3059 560 3095 Prius
580 3058 754 3095 Saturni.
