2051 3516
427 306 498 343 386
889 307 1107 343 LITTERAE
1133 305 1488 351 QUADRIMESTRES

383 402 557 458 quibus
581 402 692 448 dum
715 403 924 459 petimus
947 403 1059 460 quid
1083 418 1167 447 eos
1190 401 1413 457 mouerit,
1441 409 1492 445 ut
1515 416 1567 445 se
1591 400 1653 445 ad
1686 416 1776 445 nos
1808 400 1996 446 confer-

383 489 507 536 rent,
534 479 669 524 aiunt
691 495 743 524 se
763 480 890 525 scire
910 480 973 525 ab
991 479 1099 525 aliis
1118 478 1322 536 jesuitas
1341 478 1512 522 doctos
1531 478 1789 522 admodum
1809 492 1869 522 ac
1887 492 1996 534 pro-

364 545 474 601 'bae
504 556 637 602 uitae
671 572 794 602 esse.
832 556 1099 602 Affirmant
1122 555 1318 612 saepius
1341 563 1528 600 sectam
1553 570 1691 600 suam
1726 570 1778 599 se
1807 555 1996 600 relictu-

382 648 481 689 ros,
507 633 545 677 si
570 633 832 678 contrariis
856 633 1303 689 sufficientibusque
1329 631 1599 676 rationibus
1622 631 1994 676 conuincantur.

383 708 507 755 Cum
530 719 694 755 tamen
718 710 934 767 plerique
958 726 1129 756 eorum
1154 725 1248 754 non
1273 709 1487 755 habeant
1516 709 1643 754 unde
1677 708 1757 753 diu
1781 709 1994 765 alantur,

383 796 629 843 coguntur
662 786 879 844 Pragam
914 788 1208 843 relinquere.
1235 785 1383 831 Faxit
1417 786 1553 830 Deus
1587 795 1638 831 ut
1672 784 1817 840 aliqui
1851 785 1997 829 annui

383 864 600 909 redditus
643 865 948 920 applicentur
986 865 1048 909 ad
1087 863 1359 909 huiusmodi
1398 863 1738 908 adolescentes
1776 862 1995 919 alendos;

384 956 566 996 magna
586 941 712 986 enim
732 942 956 998 profecto
975 957 1086 998 spes
1105 950 1236 987 esset
1254 940 1451 986 eosdem
1473 939 1671 985 Christo
1691 938 1913 984 lucrifaci
1927 955 1997 983 en-

382 1017 444 1074 di;
472 1027 519 1063 et
540 1017 687 1063 fauor
710 1018 1004 1064 serenissimi
1028 1018 1305 1063 archiducis
1328 1026 1376 1062 et
1401 1017 1570 1074 regiae
1590 1016 1861 1061 maiestatis
1884 1031 1997 1070 non-

382 1094 497 1139 nihil
521 1095 660 1140 nobis
684 1095 728 1140 in
753 1095 846 1140 hac
870 1106 1010 1152 parte
1034 1095 1305 1152 pollicetur.

469 1170 521 1216 In
547 1170 691 1217 Oibin
715 1182 815 1216 tres
838 1169 1122 1217 nostrorum
1147 1171 1390 1225 abierunt,
1418 1170 1545 1215 inter
1569 1185 1691 1227 quos
1720 1169 1870 1214 Pater
1907 1169 1996 1213 Lu—

383 1263 469 1293 cas
493 1248 892 1293 concionatorem
918 1257 1036 1304 aget
1059 1248 1103 1293 in
1130 1248 1272 1304 pagis
1296 1247 1483 1292 uicinis,
1512 1246 1879 1292 Cateehismum
1904 1245 1997 1290 die—

382 1325 474 1369 bus
498 1325 751 1370 dominicis
781 1341 840 1370 ac
863 1325 1001 1370 festis
1035 1326 1285 1381 explicare
1319 1324 1473 1380 coepi,
1511 1333 1558 1368 et
1593 1325 1771 1368 bonum
1807 1337 1996 1367 succes-

383 1416 488 1445 sum
512 1417 784 1458 speramus,

1155 1598 1230 1650 98

772 1713 825 1758 P.
863 1711 1210 1759 ANTONIUS
1245 1711 1604 1758 CORDESES

845 1817 1004 1843 GANDIA
1031 1807 1073 1843 21
1101 1817 1351 1843 SEPTEMBRIS
1382 1807 1471 1843 1557
1500 1808 1522 1843 ¹.

384 1890 456 1927 1-2.
488 1891 553 1927 De
570 1892 913 1927 ministeriorum
924 1890 1080 1935 fructu
1100 1901 1199 1926 cum
1222 1890 1420 1927 Gandiae
1437 1895 1532 1926 [mn
1558 1892 1603 1927 in
1628 1893 1784 1927 vicinis
1811 1891 1997 1936 oppidis.

607 1951 646 1985 3.
678 1949 741 1985 De
759 1950 947 1985 utilitate
966 1949 1126 1986 laboris
1144 1950 1371 1995 apostolici
1388 1951 1502 1985 inter
1521 1951 1774 1989 mauriscos,

446 2028 484 2072 1.
550 2033 578 2081 †
611 2026 730 2083 Muy
763 2026 887 2071 Rdo.
926 2026 1102 2072 Padre.
1141 2025 1319 2072 Gratia
1353 2036 1401 2071 et
1436 2042 1532 2082 pax
1567 2026 1722 2083 Chri„
1761 2037 1853 2072 etc.
1893 2026 1999 2072 Con

385 2116 490 2150 esta
515 2105 633 2150 dare
658 2104 796 2149 auiso
820 2120 849 2149 a
873 2104 937 2149 V.
968 2104 1027 2149 R.
1055 2104 1114 2148 de
1141 2105 1184 2148 lo
1211 2120 1302 2160 que
1337 2105 1380 2149 el
1415 2103 1577 2149 Senor
1600 2105 1664 2150 ha
1688 2105 1877 2150 obrado
1912 2121 2001 2161 por

385 2183 429 2226 el
453 2181 720 2226 ministerio
744 2181 803 2226 de
827 2182 900 2226 los
924 2192 1150 2226 nuestros
1185 2182 1243 2226 de
1277 2190 1381 2226 este
1411 2182 1621 2238 collegio
1646 2197 1704 2227 en
1729 2183 1801 2226 los
1825 2191 2001 2238 quatro

385 2273 543 2303 meses
567 2258 820 2314 passados.
849 2256 922 2302 En
947 2267 1147 2303 nuestra
1172 2274 1289 2303 casa
1313 2259 1470 2303 acude
1496 2259 1672 2303 mucha
1696 2268 1844 2315 gente
1876 2274 1999 2315 para

386 2349 466 2379 ser
509 2334 764 2391 ayudados
807 2334 865 2379 de
919 2335 990 2379 los
1034 2334 1327 2379 ministerios
1378 2344 1629 2387 nuestros,
1672 2351 1730 2380 en
1775 2335 2000 2381 conseios

385 2426 509 2467 para
534 2426 614 2455 ser
638 2411 947 2467 consolados,
974 2427 1098 2466 para
1123 2413 1352 2456 consolar
1387 2429 1415 2468 y
1451 2411 1708 2457 confessar
1731 2412 1998 2469 enfermos,

386 2505 414 2544 y
440 2487 720 2534 finalmente
744 2503 867 2544 para
900 2503 981 2531 ser
1015 2488 1270 2543 ayudados
1296 2504 1353 2533 en
1379 2504 1460 2533 sus
1484 2489 1723 2534 trabaios.
1752 2489 1827 2534 En
1858 2504 2000 2534 nues-

386 2575 464 2610 tra
488 2566 679 2621 yglesia
702 2580 943 2610 concurre
964 2566 1035 2609 los
1055 2565 1312 2622 domingos
1335 2583 1365 2622 y
1391 2565 1555 2611 fiestas
1580 2567 1756 2611 mucha
1774 2566 1999 2622 frequen-

388 2642 463 2686 cia
489 2643 547 2686 de
571 2642 761 2697 pueblo.
790 2641 1104 2698 Frequentan
1132 2643 1306 2687 mucho
1332 2643 1404 2687 los
1428 2652 1627 2688 sanctos
1658 2651 2001 2688 sacramentos

388 2718 446 2762 de
472 2719 516 2762 la
541 2717 816 2763 confession
851 2735 877 2774 y
915 2709 1240 2762 communion.
1270 2718 1589 2764 Predicamos
1625 2720 1670 2764 la
1704 2720 1912 2776 palabra
1935 2718 1994 2764 de

388 2794 508 2839 Dios
533 2795 946 2840 ordinariamente
971 2795 1043 2839 los
1067 2795 1338 2851 domingos,
1364 2812 1395 2851 y
1419 2811 1478 2840 en
1503 2796 1576 2840 las
1601 2795 1770 2840 tardes
1794 2801 1995 2841 ensefia-

388 2886 495 2915 mos
519 2872 561 2915 la
588 2872 811 2916 doctrina
845 2871 1110 2916 christiana
1134 2887 1163 2915 a
1187 2872 1258 2916 los
1283 2872 1463 2929 chicos‚
1492 2889 1522 2928 y
1546 2888 1575 2917 a
1600 2874 1672 2917 los
1705 2874 1922 2929 grandes
1946 2888 1999 2918 se

437 3037 443 3054 ¹
497 3035 558 3071 Ex
578 3036 762 3081 originali
784 3036 823 3071 in
842 3037 976 3085 codice
996 3036 1122 3082 Hisp.
1150 3036 1213 3080 95,
1234 3035 1256 3072 2
1274 3036 1330 3081 fs„
1353 3049 1389 3073 n.
1416 3036 1492 3081 162,
1516 3037 1595 3079 161&
1617 3038 1724 3084 prius
1748 3037 1829 3074 227.
1858 3037 2001 3074 Exstat

389 3096 616 3141 exemplum
636 3095 805 3131 latinum
821 3097 1000 3143 ejusdem
1019 3096 1059 3132 in
1077 3095 1144 3131 fol.
1167 3094 1246 3132 161.
