2051 3516
549 268 647 305 lsslm
683 268 840 304 ssmzms
866 268 886 303 7
908 267 1107 314 JANUAml
1138 267 1227 303 1538
1575 266 1646 302 493

839 472 922 522 131

559 590 908 637 ANTONIUS
945 589 1217 636 TURRES

602 697 748 723 BURGIS
767 687 1001 734 7JANUAR11
1025 685 1115 721 1558
1137 687 1159 722 ¹.

65 771 96 806 1.
129 769 292 806 Fausta
312 780 509 816 quaeque
528 769 686 806 Laim'o
713 768 1082 816 (ammentum—2.
1117 768 1370 805 Cardimzlz's
1395 770 1440 806 ίη
1469 770 1699 807 dioecesim

134 829 328 866 adventu
356 831 506 865 onznia
535 830 782 866 illucescere
800 830 1036 875 incipiunt.
1063 829 1152 874 Qui
1169 830 1301 864 elsam
1323 830 1483 865 nostris
1503 830 1700 865 nun-ime

135 889 390 925 benevolmn
424 899 470 925 se
501 889 695 934 praebet.
723 890 801 925 —3.
842 889 948 935 Spes
983 888 1173 934 (ilf‘s'ltlz'et
1207 899 1257 924 ex
1293 889 1505 925 maximis
1540 889 1700 924 domus

135 950 353 994 angustiis
372 949 721 994 emergendiff-lt
748 949 999 994 Disciplina
1019 948 1259 984 domestica
1280 951 1318 983 et
1338 951 1586 984 nostrornm
1614 952 1699 984 stlt-

135 1008 211 1044 dz'a
232 1009 394 1054 vigent:
411 1018 497 1045 non
518 1009 579 1044 isa
599 1009 960 1045 scholasticorum
981 1011 1274 1044 extemmrmn.
1292 1029 1294 1031 -
1329 1007 1365 1044 5.
1396 1007 1533 1043 Fater
1552 1012 1590 1044 et
1604 1008 1699 1052 sm—

134 1072 200 1104 les·
216 1069 260 1104 in
282 1070 494 1104 montana
516 1069 771 1105 mittuntur.
802 1068 958 1105 Crassa
978 1067 1158 1103 illorum
1184 1067 1418 1103 lzomz'nmn
1446 1069 1699 1112 Ignorantia

135 1127 534 1164 descrz'bz'tnr.—6.
581 1128 734 1164 Cuncti
767 1129 874 1164 socii
905 1130 1003 1173 post
1037 1127 1209 1172 aliquos
1245 1127 1357 1163 leves
1393 1126 1563 1162 morbos
1599 1126 1704 1163 bene

138 1187 298 1223 valent.

127 1270 164 1314 1.
230 1274 256 1321 †
289 1269 383 1315 Ihs.
416 1269 659 1325 Perquam
695 1270 818 1315 Rde.
858 1270 936 1314 Pr.
968 1270 1012 1314 in
1049 1268 1199 1314 Chro.
1232 1269 1338 1314 Pax
1373 1268 1575 1324 Christi,
1603 1280 1697 1314 etc.

65 1346 201 1391 Deus
219 1346 528 1402 omnipotens
553 1347 632 1402 qui
660 1347 751 1392 hoc
772 1347 944 1391 salutis
963 1354 1167 1391 nostrae
1186 1354 1410 1401 tempore
1430 1345 1569 1391 nobis
1591 1361 1698 1402 par-

65 1424 208 1468 uulus
243 1423 376 1468 nasci
413 1432 460 1468 et
495 1423 797 1469 infantilibus
832 1423 1016 1468 inuolui
1041 1423 1325 1479 crepundiis
1348 1423 1582 1479 dignatus
1607 1433 1697 1468 est:

66 1500 194 1545 hunc
228 1515 409 1545 annum
434 1500 492 1545 T.
522 1500 574 1545 P.
602 1500 817 1557 Spiritus
851 1500 1022 1546 Sancti
1058 1510 1106 1545 et
1140 1501 1309 1557 gratia
1344 1509 1392 1545 et
1426 1500 1566 1546 donis
1600 1501 1698 1546 foe-

64 1577 413 1622 cundissimum
447 1592 558 1622 esse
596 1578 727 1633 velit,
766 1593 825 1623 ac
864 1593 1060 1634 semper
1092 1577 1465 1622 foecundiorem
1505 1578 1696 1623 uberio-

66 1669 269 1711 remque
305 1655 529 1707 reddere,
558 1655 625 1700 uti
661 1655 699 1699 si
735 1670 830 1710 qua
865 1654 1207 1710 superioribus
1240 1654 1548 1710 temporibus
1583 1670 1697 1711 gra-

63 1732 163 1777 tiae
187 1732 424 1777 sterilitas
449 1742 497 1777 et
520 1731 680 1777 fames
716 1732 805 1777 fuit
840 1732 884 1776 in
920 1741 1056 1776 terra
1093 1731 1292 1788 Aegipti
1320 1732 1539 1787 (eramus
1571 1732 1698 1777 enim

64 1809 330 1865 aliquando
365 1809 625 1865 tenebrae)
652 1809 815 1854 foelici
841 1809 983 1854 huius
1017 1819 1065 1854 et
1100 1809 1402 1866 reliquorum
1428 1809 1526 1867 (qui
1558 1809 1700 1855 Tuae

64 1887 359 1933 Paternitati
385 1887 406 1907 ἃ
439 1887 606 1933 diuina
640 1887 940 1933 liberalitate
974 1887 1271 1944 acceserint)
1308 1897 1550 1944 prouentu
1586 1903 1701 1944 pen-

69 1974 221 2010 setur.

122 2042 164 2088 2.
231 2042 307 2088 De
341 2043 497 2087 solitis
532 2041 800 2089 Societatis
835 2042 1174 2099 spiritualibus
1208 2043 1476 2098 exercitiis,
1512 2043 1702 2089 confes-

64 2119 216 2176 sione,
253 2120 616 2177 communione,
654 2129 768 2173 etc.‚
797 2120 926 2177 quod
962 2131 1076 2166 tuae
1102 2120 1153 2165 P.
1183 2121 1463 2177 impertiam
1499 2130 1703 2177 praeter

63 2196 261 2242 solitum
297 2197 456 2243 habeo
490 2197 621 2242 nihil.
651 2197 846 2242 Maiora
881 2198 1007 2242 enim
1043 2198 1349 2244 incrementa
1374 2208 1422 2244 et
1446 2199 1585 2255 quasi
1620 2213 1701 2243 no-

63 2290 154 2320 uas
177 2275 310 2320 uires
334 2274 380 2319 in
405 2274 509 2320 dies
534 2275 765 2331 accipere
791 2275 1034 2330 uidentur,
1062 2276 1314 2333 multoque
1339 2276 1568 2322 auctiora
1594 2291 1702 2332 pro-

62 2367 207 2397 cessu
246 2351 484 2408 temporis
519 2352 688 2397 futura
713 2367 976 2409 speramus
1001 2352 1219 2397 aduentu
1244 2353 1543 2409 praesertim
1569 2352 1699 2399 Rmi.

63 2429 330 2475 cardinalis
364 2429 682 2485 eiusdemque
719 2430 860 2474 huius
898 2430 1101 2487 insignis
1136 2431 1273 2475 urbis
1308 2430 1521 2486 episcopi
1558 2432 1590 2486 ²,
1624 2431 1702 2487 qui

63 2517 164 2553 tam
188 2507 427 2552 ardenter
450 2517 498 2553 et
523 2507 698 2564 cupide
723 2506 888 2552 ouium
917 2522 1123 2552 suarum
1149 2507 1418 2552 commodis
1443 2508 1704 2552 consulere

110 2653 129 2671 Ἀ
180 2651 225 2689 Ρ.
247 2651 372 2688 aetati
394 2662 474 2688 ms.

112 2788 120 2806 ¹
174 2785 237 2823 Ex
269 2785 472 2833 originali,
505 2784 677 2822 fortasse
711 2785 981 2832 autographo,
1016 2785 1054 2821 in
1087 2785 1221 2821 codice
1250 2784 1378 2832 Hisp.
1412 2784 1479 2831 96,
1512 2784 1552 2823 ff.
1581 2785 1704 2829 25·26;

64 2846 174 2894 prius
200 2846 282 2891 359,
311 2845 393 2883 360.
423 2845 466 2882 In
495 2845 536 2883 ff.
565 2844 675 2882 27-28
702 2851 763 2882 est
791 2845 900 2882 aliud
922 2846 1167 2891 exemplum„
1191 2845 1312 2882 etiam
1332 2845 1546 2892 originale.
1569 2847 1609 2883 in
1628 2859 1706 2894 quo

65 2907 202 2954 aliqua
227 2907 427 2953 castigata
454 2912 560 2948 sunt,
592 2906 673 2942 alia
701 2907 943 2949 cancellata,
974 2912 1016 2941 ut
1046 2905 1293 2952 paragraphi
1323 2905 1454 2952 prima
1482 2912 1521 2943 et
1548 2907 1704 2944 ultima.

65 2966 393 3013 Orthographiae
414 2966 560 3002 menda
580 2966 721 3002 lectori
743 2966 983 3012 corrigenda
1003 2965 1284 3012 relinquimus.

112 3029 124 3046 '¹
175 3025 419 3063 Franciscus
438 3026 487 3062 de
507 3025 720 3070 Mendoza,
744 3026 954 3073 episcopus
975 3025 1207 3071 burgensis,
1230 3030 1269 3061 et
1290 3024 1334 3063 S.
1365 3026 1417 3063 R.
1448 3026 1495 3064 E.
1526 3027 1705 3064 cardina—

63 3087 126 3131 lis,
148 3086 215 3134 qui
234 3087 354 3134 paulo
376 3092 469 3123 ante
489 3099 539 3123 ex
557 3085 675 3122 Italia
695 3087 734 3122 in
755 3085 997 3133 Hispaniam
1018 3091 1200 3123 venerat.
1226 3084 1333 3122 Vide
1353 3099 1445 3133 pag.
1469 3086 1550 3124 368.
