2051 3516
373 275 441 310 874
840 271 1057 308 LITTERAE
1084 270 1437 315 QUADRIMESTRES

386 371 428 414 4.
496 368 681 423 Magno
706 366 950 411 desiderio
975 366 1195 422 plerique
1218 365 1279 409 R.
1307 364 1432 409 Pris.
1458 361 1712 408 Paschasii
1738 361 1946 406 reditum

328 452 677 501 expectarunt‚
708 452 759 488 vt
783 458 835 487 se
867 442 931 487 illi
956 442 1000 487 in
1026 441 1328 487 Societatem
1355 438 1658 496 cooptandos
1684 437 1942 482 offerrent.

331 521 540 577 Collegii
568 535 689 565 vero
715 535 775 564 ac
799 519 963 575 templi
987 517 1313 574 comparandi
1348 532 1377 562 a
1412 516 1471 560 R.
1505 514 1736 560 Patribus
1761 512 1944 558 nostris

329 598 584 643 consilium
621 596 770 641 initur
803 611 1073 651 eorumque
1107 595 1265 640 omnis
1303 608 1431 638 nunc
1465 592 1512 636 in
1546 606 1604 636 eo
1638 589 1947 646 potissimum

330 690 452 721 cura
476 674 797 719 consumitur.
821 673 1053 729 Equidem
1078 672 1116 717 si
1142 672 1270 728 quod
1294 670 1495 715 fauente
1519 669 1648 725 Xpo.
1672 667 1949 722 vestrisque

331 751 578 808 precibuS,
620 750 681 794 R.
724 749 796 803 R,
839 760 1040 805 sperant
1081 749 1399 804 (quamquam
1437 746 1483 791 id
1524 760 1620 789 non
1659 758 1835 800 parum
1868 742 1948 787 ha-

331 829 446 873 beat
479 826 816 882 difficultatis),
845 835 1229 882 consequantur,
1256 833 1355 869 tam
1380 821 1772 869 confessionibus
1805 834 1951 875 quam

336 903 655 949 concionibus
689 918 748 948 ac
782 902 985 947 lecturis
1024 902 1228 958 aliisque
1268 899 1530 946 Societatis
1569 896 1849 942 ministeriis
1886 896 1952 939 lu-

335 981 573 1026 tetianam
615 979 866 1035 pietatem,
903 978 1000 1023 imo
1040 993 1162 1023 vero
1203 977 1435 1034 gallicam
1473 974 1616 1020 fidem
1656 973 1818 1018 multis
1856 972 1954 1016 iam

333 1057 488 1102 ruinis
512 1056 816 1101 debilitatam
851 1065 899 1100 et
933 1070 1237 1112 oppressam,
1280 1053 1483 1110 pristine
1517 1050 1791 1107 integritati
1816 1048 1952 1093 resti—

335 1142 488 1189 tuent;
517 1147 576 1177 ac
600 1148 659 1177 ne
683 1132 776 1177 hoc
801 1143 902 1177 tam
928 1132 1175 1177 excellens
1210 1145 1387 1175 nomen
1423 1129 1495 1185 (vt
1529 1127 1639 1172 fidei
1672 1140 1850 1183 xpane.
1874 1139 1953 1169 ca-

337 1219 421 1267 put
447 1225 506 1254 ac
532 1209 681 1254 decus
707 1209 916 1265 dicatur)
937 1209 1025 1254 sibi
1050 1224 1079 1253 a
1103 1207 1282 1253 ceteris
1302 1205 1581 1251 nationibus
1600 1202 1951 1260 praeripiatur,

337 1297 525 1333 sartam
550 1302 610 1331 ac
633 1296 816 1331 tectam
843 1287 1226 1331 conseruabunt.
1256 1284 1451 1328 Verum
1484 1297 1578 1338 quo
1602 1282 1709 1337 plus
1734 1280 1778 1324 in
1803 1294 1857 1323 re
1881 1287 1956 1323 est

339 1363 658 1418 difficultatis,
681 1378 739 1407 eo
764 1362 1001 1407 maiorem
1024 1362 1068 1406 in
1095 1361 1291 1406 modum
1316 1359 1378 1404 ad
1402 1359 1448 1403 id
1473 1358 1612 1402 nobis
1635 1366 1766 1410 tuae,
1789 1354 1849 1399 R.
1878 1354 1950 1410 R,

337 1450 719 1494 ceterorumque
744 1438 948 1483 Patrum
973 1438 1079 1493 pias
1104 1435 1490 1493 supplicationes
1520 1433 1760 1478 accedere
1785 1440 1832 1476 et
1855 1430 1951 1475 suf-

336 1516 531 1572 fragari
566 1530 654 1572 pro
687 1525 772 1560 tuo
806 1514 850 1559 in
888 1514 1110 1559 Ecclesie
1144 1513 1257 1569 Xpi.
1296 1511 1673 1557 exornationem
1707 1521 1955 1564 propaga·

338 1593 619 1649 tionemque
655 1608 823 1637 amore
858 1593 1082 1649 petimus.
1111 1591 1244 1635 Vale
1280 1590 1447 1646 igitur,
1475 1588 1535 1633 R.
1570 1586 1642 1643 P.‚
1675 1600 1861 1641 nosque
1897 1598 1956 1628 ea

338 1670 384 1715 in
410 1685 478 1725 re,
507 1670 846 1723 obsecramus,
873 1667 1383 1713 commendatissimos
1417 1665 1559 1710 habe.
1585 1661 1783 1708 Lutetie
1818 1660 1956 1705 Pari-

340 1747 525 1791 siorum
548 1745 576 1791 3
599 1745 674 1790 die
698 1744 1010 1790 Nouembris.

564 1839 806 1885 CARoLus
840 1837 1096 1884 SAGERius
1122 1840 1153 1894 ¹,
1180 1838 1236 1881 R.
1261 1837 1314 1882 P.
1342 1836 1399 1881 T.
1427 1849 1602 1880 seruus
1626 1832 1823 1879 inutilis,

428 1951 719 2006 Inscriplz'o.
758 1950 816 1994 R.
850 1949 949 1994 Pri.
986 1949 1114 1994 Dno.
1142 1948 1333 2007 Jacobo
1360 1948 1576 2003 Laynez,
1604 1943 1852 2001 preposito
1876 1956 1959 1997 ge-

348 2027 506 2072 nerali
551 2026 814 2072 Societatis
857 2026 1064 2071 nominis
1107 2025 1225 2084 Jesu
1272 2025 1317 2068 in
1357 2024 1447 2068 ede
1484 2021 1592 2066 Bte.
1634 2019 1792 2064 Marie
1832 2018 1959 2063 della

342 2103 544 2159 Strada,
572 2104 780 2148 Romae.

394 2284 401 2301 ¹
455 2281 562 2317 Vide
583 2281 779 2328 superius,
802 2293 894 2327 pag.
919 2279 998 2323 365,
1019 2284 1152 2315 annot.
1170 2277 1203 2313 ⁴2.
