2051 3516
574 340 896 378 16S.-—C0L0N1A
923 341 969 378 22
995 341 1105 388 MAJI
1137 341 1227 377 155ss
1604 340 1674 376 669

81 438 270 484 sionem
295 437 439 483 auide
465 437 766 493 desiderant,
799 449 846 483 et
881 438 1066 483 fratres
1100 453 1372 494 germanos
1407 437 1638 482 seductos
1673 447 1722 482 et

82 513 407 561 Germaniam
431 514 645 571 patriam
670 523 907 560 uexatam
932 524 980 561 et
1010 514 1247 560 afflictam
1280 514 1620 572 indignissime
1654 513 1721 558 fe-

82 603 211 637 runt.
259 592 452 637 Horum
498 592 595 637 iam
639 592 908 638 Societatis
945 601 1059 638 sunt
1104 593 1380 638 octodecim
1427 602 1512 639 aut
1555 592 1723 649 plures

83 669 246 724 etiam;
274 685 487 726 quorum
511 669 668 715 ultimi
692 679 796 716 tres
820 670 1065 716 dialectici
1096 670 1142 715 in
1174 670 1304 716 festo
1340 671 1558 727 paschae
1592 685 1644 715 se
1679 669 1722 714 ei

85 746 340 804 dederunt,
377 747 545 802 plures
579 762 688 792 esse
724 747 1025 803 desiderant,
1069 763 1238 793 omnes
1277 749 1476 793 tandem
1513 754 1531 774 ³
1569 746 1723 792 futuri

83 833 213 880 sunt;
240 824 314 869 sin
339 824 515 879 minus,
543 824 912 870 haereticorum
937 834 1101 870 tamen
1126 825 1296 870 hostes
1315 836 1459 870 erunt
1478 823 1720 883 perpetui,

84 911 132 947 et
156 902 270 958 quia
295 911 499 958 propter
518 911 756 958 parentes
776 902 959 959 aliquid
980 903 1110 959 apud
1129 918 1247 948 suos
1271 903 1525 958 ualebunt,
1549 912 1597 948 et
1615 916 1723 958 pro-

85 989 196 1036 pter
215 978 544 1025 eruditionem
563 980 716 1024 multo
735 979 961 1036 amplius,
985 995 1081 1025 non
1102 981 1278 1036 leuem,
1301 979 1512 1033 confido,
1550 980 1725 1024 aduer-

84 1056 230 1102 sariis
263 1056 455 1102 cladem
475 1056 703 1102 inferent.
732 1056 816 1102 Sic
840 1057 979 1102 Deus
1002 1057 1080 1102 hic
1105 1057 1382 1103 exercitum
1407 1057 1726 1114 comparabit

85 1135 131 1179 in
157 1135 323 1180 hostes
348 1144 548 1179 nostros
573 1144 623 1180 et
646 1135 891 1180 bonorum
917 1135 1133 1180 omnium
1163 1135 1413 1192 totiusque
1446 1134 1721 1191 Ecclesiae,

85 1220 134 1256 et
167 1227 197 1256 a
230 1210 445 1256 fratrum
476 1211 755 1257 ceruicibus
780 1212 1150 1257 haereticorum
1176 1212 1346 1269 iugum
1378 1211 1557 1257 durum
1581 1211 1726 1256 nimis

88 1289 325 1335 excutiet.
363 1288 462 1334 Sed
497 1290 683 1334 utinam
719 1289 834 1335 cito.
872 1289 1047 1335 quate
1082 1306 1170 1335 nos
1205 1289 1514 1335 orationibus
1546 1289 1727 1334 uestris

90 1365 489 1412 {cruentissimis

144 1443 187 1490 6.
254 1442 421 1489 Habet
465 1443 511 1488 in
555 1444 653 1489 hac
690 1445 914 1500 palestra
954 1459 1072 1489 suos
1112 1443 1416 1499 Franconia,
1459 1444 1722 1501 Turingia;

87 1520 404 1578 episcopatus
427 1521 679 1578 spirensis,
708 1521 1102 1578 moguntinensis
1125 1520 1159 1573 ¹³,
1193 1521 1515 1578 treuerensis3
1539 1521 1723 1567 habent

88 1597 325 1644 finitimae
349 1598 655 1654 prouinciae.
683 1598 830 1644 Adsit
853 1599 924 1644 eis
954 1598 1092 1644 Deus
1127 1608 1179 1644 ut
1213 1598 1333 1644 fiant
1364 1598 1553 1644 strenui
1589 1597 1730 1644 Chri-

88 1676 149 1721 sti
174 1675 365 1722 milites.
394 1675 613 1722 Futuros
636 1676 847 1734 confido,
871 1677 985 1733 quia
1010 1677 1072 1722 ad
1097 1677 1189 1722 hoc
1214 1678 1369 1734 probe
1395 1693 1447 1722 se
1472 1686 1727 1733 exercent,

89 1763 137 1800 et
175 1753 525 1811 impedimenta
562 1770 652 1811 per
690 1754 978 1812 frequentes
1017 1753 1430 1801 mortificationes
1475 1755 1727 1800 abiiciunt.

91 1829 208 1877 Sine
241 1831 553 1888 superiorum
588 1831 832 1878 facultate
866 1848 1118 1889 nunquam
1153 1832 1200 1878 in
1234 1833 1485 1889 publicum
1524 1848 1731 1890 progre-

91 1908 306 1965 diuntur,
334 1909 571 1966 pecunias
594 1909 756 1955 nullas
780 1909 1010 1967 retinent,
1048 1910 1133 1955 sed
1168 1911 1298 1967 apud
1332 1910 1619 1967 superiores
1653 1910 1732 1955 de-

92 1995 293 2044 ponunt,
321 2002 465 2032 arma
488 1986 674 2033 itidem.
713 1987 1052 2033 Poenitentias
1086 2003 1226 2033 more
1262 1987 1533 2034 Societatis
1567 1988 1733 2033 conui-

94 2073 260 2109 ctores
282 2064 414 2109 haud
438 2064 693 2121 grauatim
718 2064 901 2121 ferunt,
929 2065 1033 2110 sine
1058 2065 1189 2110 omni
1214 2065 1363 2111 etiam
1389 2066 1571 2112 ciuium
1591 2081 1733 2111 scan-

95 2142 225 2197 dalo,
263 2142 361 2187 imo
396 2141 741 2188 aedificatione
776 2144 1012 2200 maxima,
1055 2145 1168 2189 dum
1209 2160 1377 2190 mores
1412 2145 1593 2190 mutari
1630 2160 1734 2190 cer-

96 2231 215 2265 nunt
255 2226 287 2265 ⁰.
315 2217 528 2265 Sacrum
552 2220 770 2277 quotidie
793 2231 900 2267 tota
923 2221 1095 2267 schola
1119 2222 1256 2267 audit
1281 2222 1346 2280 (in
1373 2238 1522 2279 quam
1556 2223 1734 2268 asscri-

97 2297 169 2354 psi
194 2297 290 2343 iam
316 2298 448 2343 ultra
470 2297 559 2344 360
582 2298 927 2344 adolescentes
951 2300 1206 2357 egregios,
1234 2300 1431 2345 omnino
1457 2300 1585 2345 enim
1620 2315 1735 2357 pue-

98 2389 181 2419 ros
206 2390 301 2420 non
327 2375 604 2432 recipimus;
643 2391 853 2432 quorum
887 2391 984 2421 non
1018 2391 1206 2433 paucos
1240 2377 1553 2433 pellexerunt
1589 2377 1606 2403 ‘¹
1642 2377 1737 2422 huc

98 2451 246 2497 aediti
280 2452 547 2498 lectionum
581 2453 838 2511 catalogi);
875 2469 1093 2511 sacrum,
1132 2454 1347 2510 inquam,
1385 2455 1537 2511 audit,
1565 2464 1613 2500 et
1637 2455 1736 2512 qui-

99 2530 209 2575 dem
233 2529 372 2575 flexis
397 2530 624 2586 genibus;
651 2532 834 2588 templa
858 2532 1122 2589 diligenter
1146 2532 1492 2579 adolescentes
1516 2533 1735 2590 uisitant,

100 2623 277 2665 preces
301 2608 393 2654 rite
417 2609 723 2667 persoluunt,
752 2610 965 2668 coronis,
993 2610 1208 2656 Hortulo
1227 2611 1422 2656 animae
1448 2612 1459 2634 ¹
1486 2620 1535 2656 et
1553 2609 1736 2657 Gerso-

100 2701 160 2731 ne
190 2686 452 2743 plurimum
486 2686 814 2745 delectantur3
852 2688 1034 2733 altaria
1067 2688 1114 2734 in
1149 2688 1389 2734 cubiculis
1423 2697 1737 2746 construunt,

150 2879 168 2900 a
211 2877 255 2909 ut
273 2884 409 2920 spero.
467 2872 533 2900 —b
550 2878 603 2909 et.
658 2881 721 2901 —c
758 2874 888 2911 Totus
907 2875 983 2911 loc.
1005 2885 1031 2911 a
1051 2885 1118 2910 vv.
1136 2863 1257 2910 Multi
1274 2873 1382 2910 enim
1398 2873 1680 2912 desideratur
1694 2875 1740 2912 in

105 2932 297 2970 HANSEN.
353 2933 418 2959 —d
461 2933 503 2970 V.
525 2938 677 2980 supra,
698 2947 790 2981 pag.
812 2933 895 2983 668,
917 2938 1071 2972 annot.
1103 2941 1130 2970 c,

154 3104 164 3122 ¹
216 3102 343 3139 Liber
373 3103 462 3150 pius
492 3103 703 3140 continens
737 3102 912 3139 officium
944 3102 990 3140 B.
1029 3102 1085 3139 M.
1129 3102 1315 3149 Virginis
1355 3107 1394 3139 et
1434 3103 1536 3139 alias
1575 3115 1734 3150 preces.

108 3162 170 3200 Cf.
200 3163 284 3200 lee
302 3163 486 3200 catholic
506 3162 845 3209 Encyclopedia,
866 3163 939 3199 sub
960 3163 1097 3199 verbo.
