2051 3516
543 282 853 321 -l,-OLISIPONE
879 291 1002 318 INITIO
1029 290 1128 316 ANNI
1157 279 1247 315 1557
1617 279 1660 314 15

78 383 325 438 temporis
357 395 421 425 ex
453 379 568 425 diui
597 379 766 424 Rocln'
797 381 809 403 ¹
846 377 918 423 ad
948 390 1041 422 nos
1072 375 1310 421 ueniunt:
1334 375 1384 419 in
1410 374 1709 420 lectionibus

79 462 253 504 autem
291 457 512 502 asiduus
545 460 621 501 est
652 455 815 501 Pater
845 453 1060 499 Marcus
1093 451 1390 497 Prancudo.
1428 450 1709 496 Doctrinae

79 535 301 580 materia
325 534 623 579 auditorum
648 532 861 578 utilitati
882 535 931 575 et
952 529 1174 586 tempori
1193 533 1402 584 semper
1430 540 1707 572 accommo-

79 612 250 667 datur,
289 611 360 656 ad
390 624 606 667 eamque
640 607 959 654 audiendam
993 607 1144 652 multi
1171 605 1436 661 accedunt,
1464 603 1711 661 multique

81 689 349 746 utriusque
371 701 545 744 sexus,
573 686 751 732 audito
775 699 925 730 sacro
949 688 998 729 et
1019 684 1274 737 concione,
1313 682 1508 738 corpus
1535 680 1709 726 Donn'-

79 767 253 811 niczun
298 765 563 821 accipiunt
603 776 797 820 niagno
826 761 1050 819 feruore
1089 764 1137 805 et
1173 772 1374 816 inagna
1414 758 1713 803 animorum

80 842 468 900 tranquillitate.
512 845 568 886 ut
605 841 656 885 in
698 840 810 896 ipSO
850 837 1151 895 accipiendo
1184 837 1342 893 plane
1371 835 1715 892 perspicitur:

81 920 376 965 benedictus
398 918 558 969 Deus,
591 932 623 963 a
646 931 744 974 quo
767 917 946 962 onznia
969 915 1102 960 bona
1127 917 1391 959 emanant.

138 999 181 1043 4.
249 996 482 1053 Quotidie
506 995 772 1040 audiuntur
796 993 1150 1046 confessiones,
1184 992 1231 1036 in
1266 991 1441 1049 quibus
1476 989 1715 1034 Dominus

83 1074 303 1120 mutandi
337 1074 383 1118 in
423 1072 595 1118 melius
634 1071 788 1117 uitam
821 1080 969 1127 atque
1008 1067 1356 1125 frequentandi
1397 1076 1715 1112 sacramenta

83 1151 327 1198 desideria
353 1149 583 1195 incendit:
611 1148 877 1193 audiuntur
901 1146 1238 1192 confessiones
1270 1145 1398 1190 male
1423 1143 1712 1199 ualenfium,

82 1229 394 1276 morientium
419 1228 568 1274 etiam
592 1227 804 1272 habetur
828 1226 971 1279 ratio,
1007 1225 1217 1281 denique
1236 1223 1282 1268 in
1301 1231 1442 1268 tanta
1466 1222 1716 1267 hominum

85 1306 394 1352 multitudine
429 1320 678 1361 nunquam
714 1304 888 1348 desunt
923 1301 1183 1348 laborandi
1219 1300 1512 1346 occasiones
1546 1299 1593 1344 in
1624 1298 1717 1343 Dei

85 1384 299 1442 gloriam
324 1392 372 1428 et
396 1382 737 1440 proximorum
762 1381 1160 1426 emolumentum.

143 1462 185 1507 5.
253 1460 489 1506 Sentitur
521 1459 717 1504 utilitas
750 1472 815 1502 cx
847 1456 1216 1502 consuetudine
1249 1455 1517 1512 spirituali
1544 1454 1718 1512 profe-

88 1543 183 1593 cta,
211 1543 259 1583 et
291 1537 573 1595 aliqnando
607 1536 748 1581 deest
780 1535 925 1580 nobis
957 1533 1324 1590 opportunitas
1355 1531 1724 1590 satisfaciendi

89 1616 321 1661 omnium
347 1615 496 1660 uotis.

145 1694 187 1738 6.
256 1692 399 1749 Quod
425 1691 604 1736 attinet
629 1690 690 1735 ad
715 1690 974 1735 literarum
999 1688 1178 1737 studia.
1206 1701 1384 1734 omncs
1408 1691 1455 1732 ct
1479 1687 1528 1731 in
1563 1686 1721 1731 uirtu-

89 1769 222 1815 tibus
265 1773 312 1814 et
355 1769 406 1813 in
453 1769 614 1813 literis
652 1767 932 1824 procedere
977 1766 1244 1811 uidentur:
1287 1765 1484 1810 ineunte
1524 1762 1720 1819 Otobri,

88 1847 185 1892 diui
210 1846 426 1902 Remigii
450 1846 620 1896 natali,
648 1860 737 1902 per
770 1844 956 1901 aliquot
989 1844 1093 1889 dies
1123 1842 1404 1888 intermissa
1438 1841 1614 1887 studia
1649 1856 1721 1886 re-

88 1940 331 1970 nouamus
364 1930 395 1977 ³,
433 1938 618 1979 magna
643 1921 919 1967 animorum
947 1931 994 1966 et
1017 1931 1400 1977 praeceptorum
1432 1928 1480 1964 et
1515 1918 1719 1975 discipu-

90 2002 250 2046 lorum
284 2000 615 2045 contentione.
654 1999 700 2043 A
733 2008 1064 2054 praeceptore
1100 1997 1290 2054 primae
1321 1996 1495 2041 classis
1520 1996 1535 2020 2
1560 1995 1722 2040 oratio

92 2094 235 2123 mane
254 2078 423 2122 habita
444 2087 518 2122 est
537 2077 583 2121 in
603 2076 751 2121 trium
770 2076 1050 2132 linguarum
1068 2075 1279 2125 laudem,
1300 2088 1426 2130 quae
1444 2073 1723 2118 auditorum

91 2156 297 2211 animos,
321 2170 529 2211 quorum
549 2153 794 2199 maximus
815 2163 925 2198 erat
945 2168 1233 2203 concursus,
1253 2168 1365 2197 cum
1385 2151 1447 2196 ad
1466 2151 1724 2196 literarum

91 2233 270 2284 studia,
312 2242 415 2277 turn
453 2231 516 2276 ad
554 2231 764 2276 uirtutes
808 2230 1096 2286 inflamauit;
1139 2230 1266 2275 inter
1306 2243 1432 2286 quos
1461 2228 1480 2255 b
1517 2229 1727 2273 aderant

93 2309 360 2356 doctissimi
385 2309 494 2356 uiri.
522 2308 750 2353 consules
775 2308 916 2352 huius
941 2307 1156 2352 ciuitatis
1181 2316 1229 2352 et
1252 2306 1333 2351 alii
1358 2306 1589 2351 diuersae
1614 2319 1725 2349 con-

93 2388 286 2433 ditionis
319 2386 556 2438 homines,
594 2401 622 2430 a
657 2385 832 2441 quibus
857 2385 923 2430 ita
948 2385 1150 2430 laudata
1176 2394 1265 2435 est,
1293 2393 1346 2429 ut
1369 2383 1570 2439 dignam
1595 2396 1726 2437 quae

94 2465 223 2521 typis
247 2464 571 2509 mandaretur
595 2462 830 2510 dicerent:
858 2462 1053 2517 uesperi
1078 2471 1245 2506 autem
1275 2459 1664 2506 declamationes
1698 2472 1727 2502 a

95 2541 388 2598 quibusdam
423 2541 610 2597 primae
646 2540 819 2585 classis
842 2539 1042 2585 habitae
1067 2548 1193 2589 sunt,
1222 2539 1283 2584 ad
1308 2553 1431 2594 quas
1456 2535 1727 2581 audiendas

96 2620 362 2665 maximus
385 2618 534 2664 etiam
559 2617 828 2662 leontinum
853 2621 1024 2662 coetus
1039 2616 1157 2674 fuit
1188 2622 1219 2665 Ε,
1256 2615 1519 2670 omniaque
1544 2628 1727 2669 magno

96 2697 294 2742 theatro
318 2704 524 2752 peracta
548 2704 661 2740 sunt
688 2693 706 2720 ‘¹
728 2698 776 2738 et
797 2708 913 2739 cuni
937 2694 1169 2738 oninium
1195 2692 1545 2748 aprobatione.

147 2847 165 2866 a
186 2852 234 2876 ea
266 2838 495 2875 intermissa
522 2837 824 2873 renouauimus.
880 2836 945 2863 —b
966 2837 1072 2872 inter
1103 2843 1272 2871 ceteros.
1329 2841 1390 2861 -c
1421 2834 1584 2880 plurimi
1605 2834 1727 2871 etiam

101 2904 390 2935 convenerant.
444 2896 511 2923 —d
532 2910 679 2943 magno
700 2897 898 2942 applausu
920 2900 1082 2941 peracta
1103 2901 1206 2930 sunt.

149 3026 157 3044 ¹
210 3024 366 3060 Domus
384 3022 655 3070 professorum
675 3019 968 3067 olisiponensis.

147 3083 159 3102 2
210 3082 310 3119 Erat
329 3082 362 3118 is
378 3082 572 3127 magister
592 3079 803 3126 Vanegas.
828 3078 890 3115 Cf.
912 3078 1157 3117 Pomm-cun,
1183 3077 1352 3119 Chron„
1374 3077 1448 3117 VI,
1470 3078 1550 3115 735.
