2051 3516
585 325 864 364 9.—COLON1A
889 329 912 363 2
933 327 1133 374 JANUARII
1163 328 1251 364 1557
1636 329 1681 364 45

895 492 930 543 9

508 617 560 662 Ρ.
599 615 1020 665 LEONARDUS
1055 615 1319 663 KESSEL

605 733 781 759 COLONIA
807 722 830 758 2
855 733 1053 770 JANUARII
1084 723 1174 759 1557
1202 724 1225 759 ¹.

100 823 174 860 1-2,
208 822 529 860 Coloniensimn
555 834 655 869 erga
682 823 939 860 Societatem
967 823 1261 860 benevolentia
1290 823 1335 859 in
1363 822 1456 859 dies
1483 820 1732 868 augetur.—

170 882 206 919 3.
238 882 437 919 Plurimi
458 883 519 920 ad
542 893 696 919 sacrae
718 883 959 928 theologiae
981 882 1182 919 studium
1209 884 1415 919 animum
1441 882 1730 927 applicant.-

170 942 249 978 4-5.
280 942 489 988 Dionysii
505 946 545 979 et
566 942 726 979 Costeri
742 943 1004 988 theologicae
1023 943 1223 978 lectiones
1250 941 1304 978 de
1331 941 1560 988 Scripz‘zira
1588 952 1728 984 sacra,

169 1002 287 1038 aliae
304 1002 623 1039 orationes—6.
653 1001 723 1038 Ad
742 1013 905 1038 novum
931 1002 1160 1047 collegium
1189 1004 1403 1038 nostrates
1430 1001 1550 1037 brevi
1575 1002 1732 1037 transi-

170 1061 525 1098 tarwana—78,
555 1061 697 1098 thecs.
722 1061 969 1107 Groppercls
987 1072 1039 1098 ac
1065 1063 1191 1107 prior
1216 1060 1479 1104 carthusiae,
1508 1060 1732 1097 Societatz's

161 1120 365 1166 salitores
384 1122 554 1166 egregii.

164 1222 202 1267 1.
268 1220 364 1266 [hs.
402 1219 584 1267 Gratia
619 1231 667 1267 et
701 1237 800 1278 pax
834 1220 913 1266 X}
942 1221 1055 1266 Dni.
1087 1222 1359 1267 nobiscum.
1393 1221 1571 1267 Amen.
1605 1220 1732 1266 Obe-

100 1298 282 1344 dientia
306 1308 480 1344 sancta
505 1314 583 1344 me
608 1308 788 1351 monet,
816 1299 940 1344 Rde.
968 1299 1014 1343 in
1039 1299 1130 1344 X.0
1154 1298 1323 1353 Pater,
1346 1314 1405 1344 ea
1430 1298 1600 1355 paucis
1621 1313 1731 1343 con-

101 1376 337 1431 scribere,
361 1392 486 1433 quae
511 1376 573 1422 ad
598 1375 961 1422 edificationem
987 1392 1095 1422 esse
1119 1386 1334 1432 possent,
1358 1385 1411 1421 vt
1431 1376 1732 1421 audientium

101 1453 314 1499 affectus
348 1453 593 1499 excitetur
627 1454 787 1510 magis
822 1454 1056 1510 precandi
1092 1454 1252 1500 Deum
1287 1469 1376 1510 pro
1406 1453 1561 1509 nobis,
1600 1462 1652 1498 vt
1686 1453 1732 1498 in

101 1531 230 1575 omni
256 1532 383 1576 bono
408 1530 455 1575 in
480 1531 582 1576 dies
606 1531 766 1587 magis
790 1540 1111 1588 augmentum
1136 1546 1407 1587 sumamus,
1430 1540 1477 1576 et
1496 1541 1733 1588 tanquam

100 1606 324 1663 palmites
349 1607 579 1664 frugiferi
602 1607 818 1653 fructum
842 1608 1103 1664 plurimum
1129 1607 1432 1653 adferamus.
1460 1607 1589 1653 Nam
1609 1623 1732 1653 mes-

100 1685 165 1730 sis
189 1685 406 1741 copiosa,
435 1685 650 1741 operarii
674 1695 842 1730 autem
867 1686 1010 1742 pauci
1036 1686 1067 1741 2,
1095 1685 1199 1730 istis
1224 1685 1270 1729 in
1295 1685 1415 1730 locis
1439 1684 1475 1730 a.

160 1761 201 1806 2.
268 1761 438 1806 Fauor
462 1771 508 1807 et
534 1762 878 1807 beneuolentia
902 1762 1254 1807 coloniensium
1279 1777 1403 1818 erga
1427 1771 1625 1806 nostros
1650 1776 1731 1806 au-

100 1848 249 1895 getur
272 1838 319 1883 in
343 1839 461 1894 dies,
489 1839 710 1895 odorque
725 1827 892 1884 ¹bonus
916 1837 1183 1884 Societatis
1207 1839 1253 1883 in
1278 1838 1371 1883 hac
1402 1838 1617 1883 diocoesi
1652 1853 1732 1882 co-

100 1915 305 1961 loniensi
339 1925 387 1961 et
423 1917 553 1961 vltra
588 1917 843 1973 spargitur
877 1917 923 1961 in
959 1916 1060 1961 dies
1095 1915 1271 1973 magis.
1315 1914 1534 1961 Studiosi
1569 1915 1731 1961 adole-

99 2003 295 2038 scentes
319 1993 625 2050 singularem
651 2009 775 2050 erga
794 2003 992 2039 nostros
1011 1993 1248 2039 affectum
1266 2003 1463 2050 gerunt,
1488 1992 1568 2049 qui
1586 1992 1733 2038 facile

101 2070 353 2126 colligitur
376 2085 438 2115 ex
462 2085 636 2115 eorum
671 2070 941 2127 diligentia,
978 2086 1126 2127 quam
1161 2069 1426 2115 ostendunt
1461 2070 1517 2114 in*
1540 2078 1730 2114 nostro-

100 2162 210 2192 rum
234 2146 527 2192 lectionibus
551 2148 904 2203 auscultandis,
932 2159 979 2193 et
1003 2147 1323 2193 concionibus
1346 2146 1617 2192 audiendis,

158 2223 201 2269 3.
269 2224 471 2270 Plurimi
505 2225 603 2270 iarn
637 2225 700 2271 ad
734 2240 913 2271 sacrae
947 2225 1232 2282 theologiae
1267 2224 1479 2270 studium
1514 2224 1731 2269 animum

101 2301 430 2357 applicarunt,
474 2311 526 2347 vt
565 2300 870 2348 Germaniae
908 2312 1128 2358 nostrae,
1170 2301 1280 2347 Deo
1320 2301 1605 2358 opitulante,
1648 2300 1730 2345 ali-

100 2377 295 2433 quando
320 2378 504 2424 auxilio
529 2394 636 2424 esse
660 2389 876 2436 possent.
904 2379 1073 2424 Taceo
1108 2394 1193 2424 eos
1228 2379 1308 2435 qui
1332 2394 1419 2423 nos
1443 2378 1730 2435 frequenter

101 2454 359 2511 accedunt,
388 2464 441 2500 vt
465 2471 573 2500 sese
598 2454 837 2501 Societati
861 2456 981 2501 dare
1004 2465 1222 2512 possent.

157 2531 199 2576 4.
268 2531 333 2577 Μ.
362 2531 607 2578 Henricus
630 2532 880 2578 Dionisius
904 2533 1024 2589 legit
1049 2532 1265 2589 quotidie
1290 2531 1336 2576 in
1355 2531 1525 2576 schola
1545 2531 1729 2576 theolo-

99 2623 279 2665 gorum
299 2624 449 2654 vnam
473 2609 733 2655 lectionem
758 2610 803 2655 in
829 2609 1051 2655 Psalmis.
1074 2610 1139 2655 M.
1162 2609 1462 2654 Franciscus
1482 2607 1725 2654 Costerus

100 2686 240 2731 breui
264 2686 311 2731 in
336 2687 511 2732 eadem
536 2687 706 2732 schola
731 2697 805 2733 est
829 2688 1046 2733 lecturus
1067 2686 1319 2733 Genesim.

147 2828 165 2847 ἢ
216 2828 533 2866 Praecedentia
553 2831 715 2866 omittit
732 2829 929 2866 Hansen.

150 2955 160 2974 ¹
211 2953 274 2990 Ex
292 2955 544 3001 autographo
570 2955 610 2991 in
637 2955 771 2991 codice
802 2954 941 2992 Germ,
972 2954 1065 2996 185,
1094 2954 1212 2990 unico
1239 2952 1322 2995 fol..
1352 2966 1390 2989 n.
1424 2952 1477 2998 123
1508 2953 1617 2999 prius
1643 2952 1724 2989 39¹2.

102 3012 222 3049 Edita
249 3026 271 3049 a
294 3013 476 3060 JOSEPHO
502 3014 690 3057 HANSEN,
720 3014 984 3051 Rheim'sclze
1013 3014 1211 3057 Akten...,
1240 3011 1464 3057 ’ὦῶ-2856)(
1495 3013 1728 3059 apographo

101 3073 206 3118 quod
226 3071 422 3110 Coloniae
442 3078 687 3110 asservatur.

148 3131 161 3150 ‘²
211 3131 398 3177 MATTH„
421 3132 491 3175 IX,
512 3132 570 3169 37.
