2051 3516
382 275 453 312 962
579 294 581 296 ν
845 275 1061 313 LITTERAE
1086 275 1440 321 QUADRIMESTRES

394 370 436 415 3.
504 369 685 416 Comes
709 385 739 415 a
764 368 1094 417 Castanheira
1118 374 1128 397 ¹
1157 372 1338 418 nostris
1363 373 1513 418 rebus
1537 373 1744 431 deditus,
1772 383 1824 420 vt
1848 376 1952 421 vul-

337 461 402 502 go
426 454 608 491 vocant
632 446 854 505 deuotus,
880 447 943 492 ad
976 463 1065 493 nos
1099 448 1362 505 aliquando
1394 449 1563 495 venire
1587 450 1773 508 solitus,
1799 452 1953 508 pridie

338 520 482 578 huJ'us
504 522 762 578 proximae
780 532 1091 579 pentecostes
1114 524 1160 569 in
1180 534 1351 570 nostro
1372 526 1583 582 collegio
1604 526 1741 572 Patri
1759 528 1952 574 cuidam

338 608 505 644 nostro
530 599 589 645 de
613 600 712 645 suis
736 600 951 656 peccatis
975 610 1049 646 est
1072 602 1343 648 confessus.
1368 602 1641 660 Episcopus
1679 604 1953 661 algarbien-

337 675 403 720 sis
426 676 457 732 2,
486 676 563 732 qui
583 685 631 722 et
654 675 756 732 ipse
782 686 948 722 rector
972 686 1046 723 est
1070 678 1222 735 vrbis,
1251 678 1426 736 quippe
1451 679 1531 736 qui
1554 679 1600 724 in
1618 680 1822 736 publicis
1839 680 1954 726 iudi-

337 752 423 797 ciis
447 753 581 809 regis
605 768 867 810 personam
892 754 1114 811 sustinet,
1142 755 1204 800 ad
1241 765 1464 801 nostrum
1498 757 1758 814 collegium
1792 758 1954 814 singu-

338 829 394 873 lis
419 829 524 874 fere
548 840 660 875 octo
686 830 855 875 diebus
879 831 1065 888 venire,
1092 840 1140 877 et
1164 832 1222 877 de
1247 834 1464 889 peccatis
1488 833 1759 892 confessus,
1794 835 1839 880 in
1863 835 1955 892 pri-

339 915 456 952 uato
479 907 662 952 sacello
687 922 791 952 rem
816 907 1029 953 diuinam
1054 907 1224 954 facere
1248 910 1388 963 solet,

394 983 436 1028 4.
504 982 629 1028 Cum
653 999 749 1029 non
773 984 936 1030 multis
969 994 1084 1030 ante
1117 985 1287 1031 diebus
1320 987 1378 1032 de
1411 986 1601 1045 judaeis
1634 997 1682 1034 et
1715 988 1762 1034 id
1795 1004 1952 1045 genus

339 1059 446 1104 aliis
469 1059 528 1104 de
552 1075 689 1105 more
712 1060 904 1116 publice
933 1061 1220 1118 supplicium
1256 1072 1384 1108 esset
1416 1064 1719 1122 sumendum,
1746 1065 1824 1122 qui
1858 1065 1955 1111 iam

339 1137 525 1193 pridem
550 1136 756 1182 vinculis
780 1137 1141 1193 detinebantur,
1176 1148 1344 1196 vtpote
1368 1141 1448 1196 qui
1472 1141 1726 1187 caecitatis
1756 1143 1956 1188 velami—

339 1214 479 1259 nibus
513 1213 694 1259 obtecti
718 1229 813 1259 non
848 1230 900 1260 se
933 1214 995 1260 ad
1029 1215 1283 1261 meliorem
1308 1216 1505 1273 frugem
1531 1218 1755 1274 recipere
1779 1219 1957 1264 voluis·

341 1300 462 1347 sent,
489 1291 621 1336 multi
646 1307 707 1336 ex
729 1292 911 1337 nostris
935 1292 1164 1338 Patribus
1199 1309 1282 1339 eos
1314 1294 1342 1339 3
1376 1296 1454 1340 vel
1485 1295 1513 1339 4
1548 1295 1648 1341 dies
1672 1305 1787 1341 ante
1811 1312 1957 1353 quam

342 1368 733 1424 producerentur
763 1368 1049 1426 inuiserunt‚
1077 1378 1305 1426 totosque
1335 1370 1466 1427 ipsos
1488 1372 1516 1416 3
1542 1372 1619 1417 vel
1652 1373 1681 1417 4
1713 1371 1813 1418 dies
1850 1373 1957 1418 toti-

343 1444 548 1500 demque
584 1453 755 1489 noctes
788 1444 873 1499 eis,
900 1461 1028 1490 nunc
1062 1446 1379 1501 consolando,
1407 1463 1534 1492 nunc
1567 1464 1792 1494 errorem
1825 1450 1958 1495 illum

342 1530 545 1577 propter
569 1536 713 1577 quem
737 1531 878 1566 erant
901 1522 1143 1578 puniendi,
1172 1523 1229 1568 de
1254 1538 1427 1569 eorum
1451 1524 1626 1569 animis
1645 1525 1956 1583 extirpando,

343 1606 390 1642 et
414 1598 472 1642 de
496 1598 712 1654 peccatis
736 1598 958 1643 omnibus
982 1598 1268 1645 confitentes
1299 1599 1557 1658 audiendo,
1585 1602 1959 1659 animarumque

343 1674 495 1721 vitam
520 1674 671 1730 (nulla
694 1675 821 1720 enim
840 1675 899 1720 de
918 1676 1140 1732 corporis
1159 1677 1318 1722 salute
1337 1692 1448 1733 spes
1467 1677 1698 1734 dabatur)
1718 1679 1957 1735 curando,

345 1750 630 1807 adfuerunt,
652 1751 807 1796 donec
825 1767 1009 1808 poenas
1027 1752 1115 1808 ipsi
1135 1752 1296 1798 daturi
1317 1753 1362 1798 in
1382 1754 1628 1810 publicum
1654 1755 1958 1811 prodierunt,

344 1843 464 1885 quos
485 1842 643 1884 fvsque
667 1827 728 1872 ad
752 1828 973 1885 supplicii
997 1829 1176 1885 locum,
1204 1830 1282 1886 qui
1308 1829 1418 1875 inde
1441 1846 1533 1876 non
1571 1831 1807 1877 mediocri
1832 1832 1958 1877 loco-

345 1921 452 1950 rum
477 1905 735 1950 interuallo
760 1905 988 1961 distabat,
1017 1905 1192 1952 Patres
1216 1908 1370 1953 nostri
1395 1918 1506 1953 sunt
1529 1909 1764 1954 comitati.
1792 1909 1839 1954 A
1859 1908 1960 1965 qui-

347 1983 435 2027 bus
460 1997 554 2037 ego
578 1991 749 2038 postea
772 1983 942 2039 accepi
966 1983 1141 2028 illorun
1167 1984 1357 2040 quidem
1383 2000 1596 2041 corpora
1619 1986 1754 2042 vulgi
1774 1985 1954 2043 opinio-

344 2074 404 2103 ne
428 2058 605 2104 misere
628 2059 779 2104 fuisse
799 2070 1134 2113 concremata,
1156 2061 1345 2107 animas
1365 2078 1484 2108 vero
1504 2077 1767 2119 corporum
1792 2063 1954 2109 vincu-

347 2135 402 2179 lis
426 2136 612 2180 solutas
635 2136 697 2180 ad
717 2146 957 2192 perpetua
981 2152 1137 2194 regna
1157 2147 1204 2183 et
1222 2139 1490 2184 caelestem
1516 2139 1726 2196 patriam
1751 2140 1959 2197 migras-

347 2227 414 2268 se,
442 2221 676 2268 quantum
697 2228 759 2257 ex
777 2213 969 2258 illorum
989 2214 1286 2270 poenitentia
1307 2215 1587 2272 ingentique
1606 2217 1753 2262 animi
1774 2217 1971 2271 dolore,¹

347 2304 489 2344 quem
514 2290 575 2334 ob
600 2298 857 2345 peccatum
896 2290 1162 2335 admissum
1196 2291 1493 2349 indicabant,
1533 2292 1660 2338 licuit
1694 2293 1957 2339 coniicere.

348 2366 450 2411 Nec
475 2367 654 2411 multos
687 2376 797 2422 post
831 2367 933 2412 dies
966 2382 1076 2413 cum
1117 2368 1285 2413 decem
1326 2369 1574 2426 muliereS‚
1617 2385 1743 2426 quae
1781 2370 1963 2427 striges

348 2457 455 2487 esse
480 2442 785 2499 dicebantur,
814 2444 857 2488 in
882 2459 1137 2489 carcerem
1173 2460 1280 2490 esse
1314 2445 1507 2504 ductae,
1534 2455 1582 2492 et
1606 2447 1743 2492 breui
1778 2463 1963 2504 poenas

351 2667 442 2691 ann.
467 2654 568 2697 1560,
591 2667 656 2691 nn.
677 2654 724 2691 ‘23
740 2656 856 2702 sqq.)‚
878 2656 974 2693 illuc
993 2656 1153 2693 tandem
1173 2656 1281 2692 missi
1300 2663 1391 2693 sunt
1418 2657 1497 2695 PP.
1528 2658 1767 2696 Franciscus
1793 2658 1963 2696 Gouvea

351 2720 390 2750 et
411 2714 670 2760 Augustinus
689 2714 888 2758 Lacerda,
910 2721 949 2751 θῖ
967 2715 1113 2752 fratres
1132 2715 1372 2752 Emmanuel
1392 2717 1533 2753 Pintus
1552 2722 1592 2754 et
1618 2718 1821 2754 Antonius
1851 2718 1963 2754 Men-

351 2773 496 2809 desius.
527 2772 674 2810 Frater
700 2774 815 2810 Roxo
842 2774 881 2810 in
908 2774 1061 2811 Indiam
1089 2776 1297 2820 navigavit
1323 2777 1508 2822 sequenti
1535 2789 1656 2813 anno.
1682 2777 1726 2813 P.
1748 2776 1964 2814 Vernedus

352 2832 484 2868 forsan
502 2833 571 2868 ille
591 2838 653 2869 est
667 2833 733 2879 qui
753 2846 775 2869 a
794 2832 873 2870 5.ῒο
893 2833 1108 2870 Francisco
1124 2834 1273 2880 Borgia
1289 2835 1327 2870 in
1344 2834 1582 2881 Hispaniam
1597 2842 1811 2872 revocatur
1826 2849 1963 2873 mense

353 2891 574 2928 Februario
596 2892 697 2928 1559.
721 2891 781 2928 Cf.
804 2892 900 2929 §.tus
919 2893 1181 2930 Franciscus
1199 2893 1375 2939 Bongia,
1396 2894 1464 2939 HI,
1487 2894 1566 2931 425.

401 2952 409 2969 ¹
461 2950 665 2986 Antonius
683 2951 732 2986 de
751 2951 941 2988 Athaide.
963 2952 1068 2988 Vide
1088 2952 1189 2989 Litt.
1211 2952 1461 2998 Quadrima,
1481 2953 1550 2997 ΙΙΙ,
1570 2954 1739 2990 544-545.

400 3009 411 3027 ²
456 3009 633 3055 Joannes
652 3010 700 3046 de
719 3010 828 3046 Melo
848 3016 887 3047 et
908 3010 1065 3055 Castro,
1087 3011 1295 3058 episcopus
1313 3012 1512 3049 silvensis.
1536 3011 1597 3049 Cf.
1616 3012 1832 3059 ALMEIDA,
1864 3013 1961 3050 His-

353 3069 462 3104 toria
483 3068 541 3105 da
564 3069 705 3115 Igreja
725 3080 791 3106 em
812 3069 1036 3115 Portugal,
1058 3069 1127 3112 ΙΙΙ,
1149 3075 1249 3116 part.
1271 3070 1320 3115 II,
1346 3071 1516 3107 888889.
1814 3071 1818 3074 ’
