2051 3516
551 355 628 391 175.
653 353 981 390 “VALLNOLETO
1007 353 1030 388 3
1052 351 1163 398 Jum
1193 350 1284 387 1553
1617 350 1686 385 707

101 453 172 500 sol
215 452 316 496 suis
361 449 734 508 fulgentissimis
781 449 931 494 radiis
975 447 1324 505 splendescere
1370 446 1512 490 solet.
1557 444 1735 490 Obiter

99 530 247 576 etiam
271 527 685 585 significationem
719 526 850 571 dedit
875 541 1052 572 cesura
1078 540 1135 569 ne
1160 523 1236 580 sit,
1264 522 1481 567 maximo
1520 521 1599 566 illo
1639 521 1730 566 Ec-

103 607 284 653 clesiae
328 605 453 651 hosti
500 613 729 660 venturo,
773 603 852 660 qui
892 603 936 648 in
983 617 1173 647 morem
1216 599 1486 646 saeuientis
1532 598 1646 656 lupi,
1691 599 1737 643 in

102 683 285 730 Christi
311 697 523 739 gregem
548 681 722 737 irruet,
750 680 1031 725 mitissimas
1056 694 1176 725 oues
1201 677 1545 723 dilaniaturus.
1574 675 1734 733 Spero

102 760 227 817 fore,
256 769 307 804 ut
342 759 386 803 in
427 767 681 815 posterum
722 757 880 802 omnis
919 756 1149 814 iniquitas
1185 755 1384 801 ocludat
1424 770 1480 799 os
1519 769 1659 799 suum
1702 755 1732 798 ¹.

104 837 416 893 Tantumque
450 836 590 881 abest
625 833 853 880 Societas
888 850 984 878 non
1021 835 1084 879 ab
1118 832 1312 878 haeresi
1348 832 1526 887 solum,
1554 830 1641 876 sed
1674 831 1738 875 ab

104 913 232 959 omni
267 913 417 959 etiam
452 912 706 957 haeresios
741 911 1034 967 suspicione,
1064 920 1116 956 ut
1151 924 1388 955 censores
1423 908 1512 966 ipsi
1544 916 1738 953 nostro-

104 1007 212 1037 rum
238 989 442 1036 consilio
468 1000 513 1035 et
538 1004 706 1046 opera,
734 987 981 1033 accersito
1008 987 1294 1044 frequenter
1319 986 1381 1031 ad
1406 1002 1460 1031 se
1486 985 1740 1042 praeposi-

105 1080 155 1115 to
191 1077 362 1113 nostro
397 1068 428 1119 2,
467 1075 672 1112 vtantur
706 1065 768 1110 ad
808 1081 868 1110 ea
908 1080 1034 1121 quae
1069 1064 1132 1109 ad
1167 1064 1387 1120 ipsorum
1424 1078 1601 1108 munus
1636 1077 1741 1119 spe-

105 1155 243 1192 ctant
271 1152 287 1172 ³
310 1144 591 1199 tractanda,
630 1142 759 1200 quod
794 1158 889 1187 non
926 1142 1188 1198 uulgarem
1225 1139 1467 1186 Societati
1508 1140 1740 1196 gloriam,

107 1239 254 1281 quam
279 1223 384 1279 ipsa
408 1237 505 1266 non
530 1221 740 1278 quaerit,
769 1220 1066 1265 accumulat.

165 1302 207 1347 8.
274 1300 379 1345 Iam
406 1314 543 1355 vero,
571 1313 717 1355 quam
753 1297 933 1342 uberes
967 1295 1161 1341 fructus
1197 1293 1426 1340 Societas
1458 1295 1624 1340 diuina
1649 1309 1742 1351 ope

59 1425 61 1428 ,
107 1395 169 1424 ex
192 1378 332 1424 curia
358 1376 602 1432 retulerit,
624 1391 720 1420 non
745 1384 862 1431 puto
888 1390 965 1420 me
989 1373 1142 1419 literis
1166 1373 1309 1430 plene
1335 1383 1741 1430 consequturum.

110 1455 328 1501 Primum
364 1455 410 1500 in
446 1454 561 1499 aula
597 1453 756 1510 regia,
797 1452 879 1498 ubi
914 1452 1140 1497 citharae
1175 1460 1223 1496 et
1259 1450 1399 1507 lyrae
1434 1465 1746 1506 concrepare

107 1534 282 1589 solent,
330 1531 543 1588 suspiria
587 1541 635 1576 et
678 1530 892 1587 gemitus
935 1528 1287 1580 exaudiuntur,
1330 1528 1475 1585 inque
1521 1527 1649 1572 risus
1694 1537 1742 1572 et

109 1611 333 1656 iocorum
368 1610 529 1654 locum
561 1608 850 1662 lachrymae
875 1621 1181 1653 successere:
1208 1606 1324 1651 nihil
1349 1606 1511 1661 aulae,
1538 1613 1743 1661 praeter

112 1703 311 1742 nomen,
338 1688 502 1733 habet:
531 1702 645 1732 nam
677 1695 898 1741 caetera,
926 1684 1216 1730 monasterii
1251 1683 1507 1729 cuiusdam
1543 1682 1746 1727 dixeris:

111 1766 239 1811 adeo
265 1765 554 1823 frequentes
587 1764 857 1821 primariae
893 1763 1004 1808 illae
1040 1762 1304 1818 foeminae,
1339 1761 1545 1818 reginae
1570 1761 1585 1785 3
1617 1776 1749 1805 asse-

112 1844 235 1897 clae,
274 1851 387 1888 sunt
421 1843 468 1887 in
502 1842 640 1887 libris
675 1841 764 1898 piis
799 1840 1038 1897 legendis,
1077 1839 1400 1895 orationibus,
1429 1837 1749 1883 confessioni-

114 1923 218 1967 bus:
242 1921 313 1966 sic
336 1921 487 1966 etiam
511 1920 800 1977 frequenter
824 1918 882 1964 ad
910 1917 1245 1964 eucharistiae
1270 1925 1643 1962 sacramentum
1669 1930 1747 1960 ac-

117 1998 313 2044 cedunt.
357 1997 711 2054 Quadraginta
750 1995 998 2041 foeminae
1038 2003 1124 2040 aut
1164 2010 1222 2039 eo
1263 1994 1473 2050 amplius
1513 2009 1575 2038 ex
1615 1993 1746 2046 aula,

113 2076 269 2133 pridie
294 2075 398 2122 eius
423 2075 531 2131 diei,
561 2091 655 2132 quo
682 2073 911 2120 Christus
936 2074 1105 2119 coelos
1130 2072 1435 2128 conscendit,
1457 2071 1753 2127 quibusdam

117 2153 352 2198 Patribus
395 2168 458 2198 ex
503 2152 683 2197 nostris
728 2150 988 2197 confessae
1034 2159 1162 2205 sunt,
1211 2160 1262 2195 ut
1307 2158 1511 2194 caetera
1558 2147 1754 2193 interim

120 2231 366 2277 omittam.

173 2309 216 2355 9.
285 2308 522 2365 ComiteS,
550 2308 718 2365 duces,
747 2307 1080 2364 marchiones,
1107 2305 1464 2362 Hispaniarum
1496 2319 1752 2361 proceres,

117 2387 197 2444 qui
221 2386 413 2432 curiam
447 2395 703 2442 sequntur,
731 2384 798 2429 illi
822 2385 1040 2440 insuper,
1067 2383 1244 2440 quibus
1270 2398 1299 2427 a
1324 2381 1587 2427 maiestate
1614 2380 1756 2437 regia

118 2464 432 2510 commissum
468 2473 542 2508 est
576 2462 719 2520 regni
751 2462 1091 2516 moderamen,
1120 2461 1254 2506 dictu
1278 2460 1456 2505 mirum
1492 2474 1638 2515 quam
1663 2457 1757 2502 sint

119 2557 244 2599 erga
269 2539 576 2586 Societatem
599 2540 842 2585 beneuolo
868 2538 1052 2595 animO,
1080 2547 1129 2584 et
1153 2553 1278 2595 erga
1302 2537 1465 2582 Deum
1491 2536 1588 2592 pio:
1612 2551 1757 2591 expe-

120 2619 330 2664 rimento
365 2617 699 2674 comperimus
735 2632 857 2662 vero
892 2631 1167 2661 consonum
1202 2630 1311 2660 esse
1346 2613 1478 2658 illud:
1506 2611 1663 2669 Regis
1696 2611 1758 2657 ad

168 2832 185 2852 ³
229 2829 448 2872 expectant
469 2834 551 2860 ms.

175 3004 185 3022 ¹
239 3002 302 3040 Cf.
324 3002 390 3039 Ps.
413 3000 527 3047 CVI,
548 3000 607 3037 42.

169 3064 182 3082 ²
233 3062 278 3100 P.
301 3061 616 3108 Christophorus
635 3060 884 3107 Rodriguez,
906 3066 949 3096 ut
969 3059 1114 3095 dicitur
1133 3057 1322 3095 inferius.

170 3123 182 3142 ³
233 3122 473 3169 Hispaniam
493 3127 588 3158 tunc
606 3120 863 3167 gubernabat
883 3133 954 3167 pro
968 3119 1156 3165 Philippo
1170 3118 1220 3160 ΙΙ,
1239 3119 1327 3166 ejus
1342 3129 1455 3154 soror
1466 3116 1639 3163 joanna,
1658 3128 1763 3162 quae

124 3181 258 3218 fuerat
277 3194 377 3218 uxor
396 3181 588 3228 principis
606 3180 907 3227 portugalliae.
