2051 3516
501 309 892 347 209.-V1ND0130ix-A
921 312 958 345 '431
993 310 1201 346 Oc'J‘oBRis
1231 311 1321 346 1363
1613 303 1682 345 867

100 410 296 456 ditionis
336 410 497 455 virum
534 411 581 456 et
616 409 907 467 prudentiae
946 410 1230 467 singularis,
1267 412 1406 456 cuius
1441 411 1589 456 etiam
1623 426 1728 456 sen-

98 486 306 532 tentiam
331 486 377 531 in
402 487 495 532 hac
519 486 810 543 quaestione
846 484 1120 531 definienda
1145 488 1299 532 secuti
1326 498 1491 533 essent
1516 503 1604 544 per
1629 503 1726 533 om-

98 563 196 609 nia.
224 562 353 618 Ego,
381 563 449 607 ait
474 579 670 613 caesar,
693 563 848 618 probe
873 577 984 607 eum
1010 564 1140 608 noui.
1163 564 1529 610 Recedentibus
1554 574 1728 621 postea

99 639 360 696 episcopis,
388 640 568 685 Rdum.
596 640 703 685 Rem
728 639 1012 684 Victoriam
1035 641 1193 685 solum
1224 657 1390 686 secum
1423 641 1643 693 detinuit.
1682 651 1731 688 et

98 732 210 761 cum
234 716 401 761 RdztS.
430 716 490 761 P.
518 723 534 742 ἃ
566 716 704 761 huius
729 715 801 760 sui
826 715 1015 760 consilii
1041 717 1260 762 rationes
1294 719 1488 763 caesari
1514 719 1728 775 explica-

98 802 190 849 ret,
218 793 416 849 optime.
445 793 598 850 inquit
633 808 828 847 caesar,
862 792 1098 843 sciebam,
1127 809 1237 838 mea
1271 795 1412 840 vobis
1448 796 1584 840 cordi
1620 811 1730 841 esse

98 870 320 927 negotia,
348 880 395 915 et
421 870 724 926 peculiarem
759 884 851 914 vos
886 869 979 914 mei
1015 869 1219 915 honoris
1253 872 1498 917 rationem
1524 873 1725 928 habere3

99 963 159 993 ac
185 956 456 1004 propterea
481 947 593 992 huic
617 957 717 992 tam
744 946 1007 991 intricatae
1034 947 1104 991 rei
1129 947 1305 993 adesse
1329 964 1419 993 vos
1446 949 1593 994 volui.

160 1025 227 1071 19.
295 1024 424 1081 Quid
449 1025 508 1069 de
533 1024 641 1070 aliis
673 1023 976 1081 principibus
1008 1033 1055 1069 et
1089 1025 1295 1080 prelatis
1330 1028 1621 1073 recensebo?
1655 1026 1731 1072 Ea

98 1111 236 1148 certe
275 1101 496 1158 plerique
537 1117 708 1147 omnes
747 1101 1071 1146 veneratione
1116 1117 1206 1146 nos
1244 1113 1634 1159 prosequuntur,
1677 1113 1732 1149 vt

96 1196 194 1225 non
234 1179 558 1225 mediocriter
592 1180 795 1225 subinde
835 1194 924 1224 nos
958 1178 1046 1235 ipsi
1085 1180 1448 1225 confundamur
1487 1181 1529 1225 in
1572 1182 1728 1237 nobiS,

98 1257 212 1301 dum
246 1256 495 1301 cernimus
529 1265 599 1301 tot
635 1255 808 1301 officiis
841 1256 905 1301 ab
939 1255 995 1300 iis
1034 1271 1124 1300 nos
1162 1257 1459 1312 praeueniri.
1498 1256 1731 1303 Gaudent

98 1342 385 1378 nostrorum
410 1332 696 1389 praesentia
716 1342 764 1378 et
787 1331 1050 1389 magnifice
1070 1332 1129 1377 de
1154 1333 1293 1378 nobis
1320 1333 1551 1379 sentiunt.
1580 1334 1727 1380 Effla-

97 1411 292 1468 gitabat
326 1426 415 1466 per
454 1410 784 1455 secretarium
825 1425 964 1454 suum
1005 1409 1170 1455 Rdiss.
1213 1411 1560 1467 strigoniensis
1598 1412 1730 1457 hisce

97 1487 285 1539 diebus,
323 1496 377 1531 vt
411 1487 454 1531 in
491 1502 613 1532 suae
648 1486 858 1532 diocesis
891 1486 1174 1532 visitatione
1209 1488 1414 1532 alicuius
1449 1503 1512 1533 ex
1550 1489 1731 1534 nostris

97 1580 251 1621 opera
275 1563 436 1609 iuuari
461 1573 644 1619 posset;
672 1579 846 1610 verum
870 1564 932 1609 ob
957 1564 1276 1609 sacerdotum
1302 1565 1380 1621 qui
1405 1565 1481 1610 hic
1512 1581 1728 1623 eramus,

96 1641 414 1698 paucitatem,
454 1641 699 1686 desiderio
735 1641 839 1686 eius
872 1641 1167 1686 satisfacere
1201 1657 1297 1686 non
1333 1643 1596 1698 potuimus.
1634 1642 1730 1688 Ac-

97 1728 354 1765 cesserunt
389 1718 539 1763 etiam
571 1718 634 1763 ad
668 1734 757 1763 nos
791 1734 977 1775 magno
1011 1733 1120 1764 cum
1154 1718 1398 1764 famulitio
1434 1729 1729 1765 venetorum

96 1797 251 1854 legati
276 1798 306 1849 ¹,
335 1796 414 1852 qui
441 1805 550 1852 post
575 1810 772 1841 sacrum
804 1795 849 1841 in
883 1797 1068 1852 templo
1103 1806 1273 1842 nostro
1307 1797 1545 1853 auditum,
1572 1806 1729 1842 totum

97 1873 272 1919 deinde
311 1874 681 1930 perlustrarunt
721 1873 1000 1929 collegium,
1043 1883 1091 1918 et
1137 1874 1181 1918 in
1227 1889 1495 1930 pauperem
1537 1874 1731 1919 illorum

97 1966 456 2008 germanorum
481 1950 890 1996 sustentationem
916 1951 1268 1996 eleemosinam
1300 1951 1448 1997 etiam
1484 1952 1728 2008 impartie-

97 2039 226 2073 runt.
254 2027 548 2072 Rdissimus.
577 2027 750 2072 summi
773 2027 1015 2083 pontificis
1039 2028 1084 2073 in
1104 2021 1358 2073 Poloniam
1383 2029 1578 2084 legatus
1602 2044 1729 2073 sum-

97 2121 228 2150 mam
260 2120 386 2161 erga
416 2115 615 2149 nostros
649 2104 1006 2150 humanitatem
1042 2121 1236 2162 semper
1270 2105 1646 2161 demonstrauit,
1683 2116 1731 2150 et

95 2183 143 2227 in
166 2181 436 2227 vestiendis
461 2175 719 2226 ac'contra
743 2182 932 2238 hyemis
957 2182 1319 2227 inclementiam
1344 2182 1615 2227 muniendis
1640 2182 1729 2228 Pa-

97 2258 257 2304 tribus
302 2273 422 2303 suae
466 2258 885 2314 peregrinationis
925 2260 1186 2305 comitibus
1226 2265 1392 2315 snpra
1430 2258 1509 2305 39
1548 2254 1735 2305 aureos

96 2336 246 2381 credo
271 2335 290 2363 b
315 2335 611 2391 numerauit;
640 2345 789 2392 atque
813 2336 923 2382 hinc
947 2352 1096 2382 curru
1122 2336 1394 2391 discedens,
1421 2337 1619 2382 omnino
1645 2353 1729 2382 vo-

97 2413 184 2458 luit
207 2412 268 2458 R.
296 2412 349 2458 P.
378 2411 634 2457 Canisium
659 2413 879 2459 assidere
903 2423 950 2459 et
975 2414 1186 2459 alterum
1212 2414 1300 2459 sibi
1325 2415 1453 2459 latus
1476 2413 1726 2459 claudere.

156 2490 228 2536 20.
295 2490 450 2535 [Vlmc
473 2497 488 2516 C
517 2490 576 2535 de
610 2490 879 2537 Bohemiae
913 2491 1321 2537 christianissima
1355 2491 1531 2547 regina
1566 2492 1581 2515 2
1616 2491 1730 2548 quid

98 2567 337 2612 scribam?
371 2567 417 2612 Is
451 2583 571 2613 sane
602 2567 707 2613 eius
736 2583 861 2625 erga
885 2584 974 2614 nos
999 2579 1073 2614 est
1096 2568 1310 2614 affectus
1335 2583 1492 2625 eaque
1516 2568 1729 2614 beneuo-

147 2725 162 2745 fl
211 2717 295 2753 ille.
362 2717 428 2744 —b
462 2718 623 2754 multos.
676 2725 739 2745 -c
772 2718 870 2755 Iam.

149 2871 158 2890 ¹
212 2869 468 2906 Venetorum
500 2870 662 2916 legatus
694 2871 920 2907 ordinarius
953 2877 1040 2907 erat
1071 2870 1311 2907 Leonardus
1343 2870 1574 2918 Mocenigo.
1613 2871 1730 2909 Missi

98 2933 191 2965 sunt
211 2935 427 2973 praeterea
447 2929 520 2965 hoc
540 2934 722 2976 tempore
742 2931 869 2976 legati
889 2930 1201 2966 extraordinarii
1221 2931 1270 2966 ad
1289 2930 1593 2967 Ferdinandum
1609 2930 1728 2977 Joan-

97 3000 170 3024 nes
191 2987 391 3034 Cappello
411 2994 450 3024 et
467 2987 701 3026 Bernardus
716 2989 949 3037 Navagero.
969 2988 1031 3026 Cf.
1051 2989 1234 3032 Atssfflu,
1252 2990 1488 3026 Relaziom‘
1504 2990 1623 3036 degli
1638 3000 1730 3027 (zm-

99 3047 338 3084 basciatorz·
356 3050 497 3085 veneti
513 3049 560 3084 al
576 3053 740 3093 senato,
761 3049 1017 3096 Appendice,
1045 3062 1137 3096 pag.
1164 3048 1222 3091 21,
1242 3048 1301 3085 22.

147 3106 160 3126 ²
210 3106 342 3143 Maria
367 3107 600 3153 Austriaca,
624 3107 764 3145 Caroli
784 3109 825 3145 V
843 3109 941 3152 filia,
965 3114 1004 3146 et
1024 3109 1295 3145 Maximiliani
1314 3121 1426 3146 uxor.
