2051 3516
1597 279 1665 286 --,-

502 279 910 316 lissflxoorsix-xoio
940 280 982 314 1&
1009 279 1166 315 MARLII
1198 279 1287 315 1558
1595 288 1661 314 oss

78 375 400 422 includendas
435 391 496 420 ex
531 374 702 420 amicis
736 374 919 419 nostris
953 373 1150 430 quidam
1181 390 1379 428 aurum,
1414 374 1611 429 quidam
1636 389 1714 418 ar-

79 463 300 510 gentum,
337 452 419 497 alii
452 451 688 508 pecunias
723 453 1023 506 obtulerunt;
1057 450 1216 495 sacris
1247 451 1539 507 quibusdam
1565 451 1713 507 uirgi—

79 530 220 576 nibus
253 529 299 574 in
324 540 493 585 aptum
523 528 747 574 ordinem
773 527 1074 585 redigendae
1099 538 1211 572 sunt
1235 527 1466 585 traditae;
1494 544 1588 572 non
1614 543 1711 572 mo-

79 607 238 652 dicum
263 622 324 652 ex
349 606 420 651 eis
443 606 675 651 decorem
700 622 760 651 ac
785 605 1100 651 deuotionem
1124 614 1296 650 nostro
1327 605 1510 661 templo
1545 620 1714 650 acces-

80 698 251 729 suram
274 697 551 740 speramus.

140 760 207 806 10.
273 759 472 816 Insigne
513 759 761 816 quoddam
801 758 1088 805 humilitatis
1127 760 1408 815 exemplum
1443 775 1540 804 non
1575 759 1713 804 omit-

76 848 194 892 tam,
223 841 279 882 ztt
300 850 386 882 eos
409 836 499 893 qni
520 837 572 881 in
608 836 793 881 mediis
813 835 1058 894 fallaciis
1091 835 1249 880 lenius
1282 835 1480 880 saeculi
1513 836 1714 893 laqueis

78 915 374 970 zcersczsztur,
411 913 587 958 multis
611 927 676 957 ex
699 913 764 958 iis
786 914 876 970 ‹Jm‘
897 913 1111 958 arctiori
1143 926 1203 957 ac
1235 912 1539 970 perfectiori
1572 914 1712 957 uitae

75 1005 187 1037 sese
211 991 624 1047 adstrinxerunt,
659 1005 774 1036 cum
809 990 1117 1044 humilitate,
1155 993 1265 1034 tum
1290 989 1410 1034 aliis
1435 989 1713 1034 uirtutibus

77 1069 230 1126 longe
254 1068 556 1113 antecellere
583 1068 940 1125 intellegamus
966 1075 1000 1112 ⁸.
1030 1065 1158 1112 Cum
1184 1067 1350 1123 igilur
1382 1066 1444 1111 ad
1475 1075 1712 1122 augusta-

76 1161 190 1190 num
213 1145 520 1190 cardinalem
546 1146 557 1169 ¹
585 1144 887 1201 Tylingham
912 1159 1022 1189 sese
1048 1142 1199 1188 Pater
1225 1141 1457 1188 Canisius
1481 1143 1710 1188 contulis-

76 1233 167 1280 set,
195 1232 341 1278 atque
366 1222 412 1266 in
437 1221 563 1266 illius
587 1221 734 1266 domo
758 1221 934 1266 fuisset
957 1219 1167 1277 hospitio
1193 1230 1440 1275 receptus,
1468 1230 1613 1264 nocte
1649 1219 1712 1264 ad

77 1299 226 1357 ipsius
251 1299 532 1344 cubiculum
558 1300 765 1354 ipsemet
789 1298 1056 1343 cardinalis
1079 1297 1308 1353 accessit,
1336 1307 1388 1341 ut
1418 1296 1568 1352 pedes
1603 1295 1711 1353 ejus

79 1378 292 1433 lauaret,
320 1376 448 1432 quod
484 1388 530 1420 et
565 1391 748 1431 magna
783 1374 1056 1420 humilitate
1080 1373 1214 1429 fecit,
1243 1389 1302 1418 ne
1327 1373 1559 1429 cuiquam
1585 1373 1709 1418 dice-

78 1464 155 1498 ret
189 1453 386 1498 omnino
421 1468 533 1498 eum
569 1453 850 1509 prohibens.
879 1451 972 1497 Hic
1006 1450 1408 1507 religiosissimus
1443 1450 1711 1496 cardinalis

77 1546 262 1588 magno
286 1541 484 1575 nostros
509 1545 680 1576 amore
715 1529 1048 1586 prosequitur,
1085 1538 1133 1574 et
1167 1528 1257 1573 nisi
1292 1528 1443 1573 Pater
1479 1527 1711 1572 Canisius

75 1606 396 1664 grauioribus
420 1606 595 1652 fuisset
618 1606 832 1662 negotiis
856 1606 1132 1662 impeditus,
1160 1605 1439 1662 spiritualia
1466 1605 1709 1650 exercitia

76 1684 148 1730 his
173 1684 331 1729 sacris
354 1684 772 1741 quadragesimae
798 1683 970 1728 diebus
994 1683 1057 1728 ab
1081 1699 1140 1728 eo
1166 1683 1426 1739 percipere
1452 1683 1704 1728 uoluisset.

75 1761 271 1806 Nouum
297 1762 444 1807 etiam
470 1762 734 1818 collegium
759 1771 1043 1806 nostrorum
1080 1759 1363 1817 Tylinghae
1399 1776 1547 1817 quam
1583 1760 1709 1805 citis-

77 1839 196 1884 sime
231 1838 488 1884 instituere
523 1839 688 1889 uellet;
726 1838 955 1883 fauorem
990 1853 1184 1894 quoque
1225 1854 1365 1883 suum
1406 1853 1466 1883 ac
1506 1854 1712 1894 operam

77 1931 327 1972 nunquam
348 1915 488 1961 nobis
512 1931 609 1960 non
634 1924 876 1972 praestat.

139 1993 206 2038 ll.
274 1991 562 2049 Gasparum
587 1992 833 2048 quendam
856 1992 988 2037 hisce
1015 1991 1203 2047 diebus,
1231 1992 1491 2037 honestum
1512 1991 1632 2036 satis
1653 2006 1713 2036 ac

77 2070 276 2116 doctum
315 2069 561 2127 juuenem,
605 2070 734 2115 domi
774 2070 1085 2126 probandum
1126 2069 1419 2126 recepimus,
1458 2068 1537 2125 qui
1576 2069 1713 2125 prius

76 2163 187 2192 cum
231 2147 428 2192 Vienna
470 2138 847 2202 Ingolstadium,
889 2147 1035 2192 alteri
1076 2161 1140 2191 ex
1178 2147 1370 2191 nostris
1394 2145 1666 2203 fratribus
1691 2145 1709 2170 ¹³

77 2224 355 2280 adiunctus,
383 2224 561 2269 missus
585 2223 776 2280 fuisset,
798 2225 861 2269 ab
885 2225 1045 2269 altero
1070 2224 1304 2268 seductus
1328 2223 1531 2279 eiusque
1562 2222 1711 2268 uesti-

75 2301 160 2358 gia
194 2301 413 2346 imitatus
447 2316 477 2345 a
511 2299 766 2346 Societate
807 2310 1106 2352 recesserat;
1149 2310 1259 2356 post
1299 2315 1421 2345 uero
1461 2300 1709 2344 internum

76 2379 262 2436 proprii
287 2379 450 2424 delicti
475 2378 755 2424 cruciatum
778 2394 874 2423 non
899 2377 1083 2434 ferens,
1111 2378 1173 2423 ad
1198 2394 1287 2423 nos
1314 2378 1473 2433 rediit;
1500 2392 1629 2422 nunc
1653 2376 1712 2422 iis

76 2455 120 2500 in
161 2455 353 2510 muniis,
396 2455 571 2512 quibus
610 2455 837 2500 exerceri
877 2455 1048 2500 nouitii
1088 2456 1263 2506 solent,
1303 2464 1584 2509 exercetur,
1628 2455 1710 2499 bo-

77 2548 289 2590 namque
324 2533 383 2579 de
418 2548 471 2593 se
505 2533 730 2578 omnibus
764 2533 1165 2589 expectationem
1190 2532 1407 2577 exhibet.
1436 2531 1565 2587 [Deo
1584 2545 1710 2588 gra-

75 2611 177 2656 tias
201 2610 330 2668 agit,
357 2610 573 2655 meliora
596 2613 793 2666 sperat,
813 2615 996 2666 preces
1016 2609 1286 2666 postuma]

165 2687 315 2744 Vale,
342 2687 403 2733 R.
430 2687 598 2733 Pater.
625 2686 913 2743 Ingolstadii
941 2686 1054 2732 1558
1077 2687 1153 2732 die
1181 2686 1234 2731 18
1258 2686 1439 2731 Martii.

122 2898 139 2917 ³
186 2896 404 2937 antequam
424 2890 485 2926 his
503 2890 651 2926 litteris
669 2889 789 2926 finem
810 2890 1026 2937 imponam.
1081 2889 1146 2915 „b
1179 2889 1350 2925 cuidam.

124 3083 133 3101 ¹
187 3080 293 3118 Otho
312 3081 549 3119 Truehsess.

219 3165 384 3192 LITTERAE
410 3164 708 3196 QUADRLMESTRES.
730 3164 819 3190 TOM.
844 3164 878 3191 V.
1566 3162 1603 3189 37
