2051 3516
513 300 877 337 SL-VINDoBoNA
903 299 950 336 28
975 300 1169 336 Acoosn
1199 301 1289 336 1557
1605 302 1671 337 33]

87 397 187 442 Alii
210 397 346 442 multi
372 397 518 441 etiam
554 396 598 441 in
634 395 728 442 fide
751 396 998 442 catholica
1022 396 1301 440 aduersarii
1324 397 1465 440 nobis
1490 397 1721 442 videntur

85 474 327 519 maiorem
361 474 578 519 animuin
613 490 674 519 ac
706 473 932 519 fauorem
973 473 1253 525 ostendere,
1293 488 1439 529 quam
1479 474 1602 519 alias
1637 490 1719 519 un—

87 566 250 608 quam,
277 559 325 596 et
349 550 477 596 inter
501 551 591 595 hos
615 560 727 596 sunt
750 550 984 603 nonnulli,
1012 550 1092 606 qui
1117 565 1431 606 summopere
1455 566 1571 595 suos
1596 551 1719 596 filios

86 627 333 673 conuictui
371 637 543 673 nostro
583 628 887 673 concredere
931 627 1131 684 vellent,
1180 627 1408 684 quicquid
1453 638 1585 673 esset
1629 644 1720 684 pro

86 704 358 760 sumptibus
392 703 770 760 impendendum
796 710 830 758 a,
867 703 915 748 si
947 703 1096 748 modo
1121 703 1289 748 locum
1322 703 1632 748 haberemus
1666 705 1718 749 2'72

85 780 235 825 domo
263 781 394 825 satis
422 780 677 836 amplum.
708 780 934 826 Antehac
967 780 1315 836 quamplurimi
1342 779 1479 824 virus
1504 781 1716 825 maleno—

84 857 264 902 lentiae
298 873 534 903 euomere
568 868 718 915 atque
750 857 938 915 spicula
973 857 1304 912 conuitiorum
1328 857 1374 901 in
1398 872 1489 902 nos
1523 868 1716 903 contor-

85 949 236 991 quere
275 934 516 990 solebant3
555 934 649 980 iam
689 944 856 980 autem
898 934 1129 979 videntur
1173 934 1329 986 nobis,
1378 934 1507 990 quod
1548 935 1718 980 mirari

84 1011 204 1056 satis
228 1026 324 1056 non
349 1026 625 1068 possumus,
654 1027 762 1057 esse
796 1011 916 1056 facti
949 1011 1209 1065 mansueti,
1238 1021 1291 1056 vt
1324 1027 1575 1067 nunquam
1611 1012 1717 1057 fere

84 1088 279 1144 quando
315 1088 360 1133 in
396 1089 642 1144 publicum
680 1088 950 1146 prodimus,
992 1088 1321 1133 aduersitatis
1361 1088 1474 1144 quid
1508 1089 1716 1145 amplius

84 1165 358 1212 audiamus.

140 1242 183 1287 4.
250 1241 340 1287 His
372 1243 711 1299 superioribus
746 1243 917 1288 diebus
951 1242 1213 1298 episcopus
1248 1243 1546 1287 olmuzensis
1581 1244 1611 1299 ¹,
1645 1243 1716 1287 vir

82 1318 354 1363 catholicus
378 1322 427 1363 ct
446 1319 663 1375 zelosus,
691 1319 820 1364 misit
843 1319 1088 1375 quendam
1122 1319 1415 1364 canonicum
1441 1319 1503 1364 ad
1528 1335 1632 1375 nos,
1664 1329 1715 1365 vt

82 1396 267 1441 habere
296 1406 464 1452 posset
496 1396 877 1441 concionatores
910 1396 1096 1452 aliquot
1130 1412 1194 1441 ex
1226 1396 1424 1449 nostris,
1454 1396 1533 1452 qui
1559 1397 1716 1441 eccle-

29 1514 33 1515 γ
82 1473 185 1518 siae
209 1473 478 1518 olmuzensi
513 1474 559 1518 in
594 1474 820 1519 maximis
854 1473 950 1518 iam
985 1482 1034 1519 et
1066 1473 1085 1500 b
1113 1473 1350 1518 extremis
1385 1473 1714 1519 aduersitati-

81 1550 175 1609 bns
197 1556 212 1576 ς
236 1562 439 1606 propter
464 1550 746 1595 haereticos
770 1550 1061 1606 irrepentes,
1085 1549 1405 1606 porrigerent
1430 1566 1605 1594 manus
1630 1566 1715 1616 au-

82 1626 367 1672 xiliatrices.
412 1626 532 1672 Nisi
573 1628 711 1672 enim
754 1627 943 1672 haheat
986 1627 1262 1671 catholicos
1295 1632 1586 1682 praecones
1628 1641 1714 1684 qm

76 1704 356 1760 principiis
393 1704 605 1757 obstent,
643 1705 719 1749 (lit
735 1705 863 1763 sore
896 1709 950 1749 vt
982 1705 1279 1749 incendium
1318 1705 1552 1749 haeresis
1584 1709 1716 1750 tecta

81 1781 344 1826 ascendat.
372 1780 497 1826 Sunt
532 1793 580 1827 et
613 1782 694 1827 alii
728 1782 896 1839 magni
921 1782 1118 1832 domini,
1146 1782 1224 1838 qui
1250 1798 1278 1826 a
1303 1781 1442 1827 nobis
1477 1782 1715 1827 auxilium

80 1857 374 1914 efflagitant:
401 1858 486 1903 sed
512 1859 625 1916 quia
645 1859 691 1904 in
712 1859 1111 1915 praesentiarum
1136 1874 1231 1903 non
1257 1859 1498 1903 habemus
1519 1868 1590 1903 tot
1616 1859 1713 1904 fra-

79 1944 182 1980 tres
205 1935 599 1991 praedicatores,
627 1946 744 1992 quot
777 1936 1141 1986 desiderantur,
1170 1936 1409 1981 hactenus
1443 1937 1627 1981 nullum
1663 1937 1714 1982 il-

79 2011 136 2057 lis
162 2013 440 2058 concedere
464 2013 726 2069 potuimus.

136 2090 179 2135 ἶ).
247 2089 392 2146 Quod
432 2090 494 2135 ad
533 2091 754 2135 scholam
793 2091 984 2141 attinet,
1024 2091 1217 2147 agimus
1258 2091 1367 2137 Deo
1407 2093 1602 2149 gratias
1641 2093 1712 2137 ἰη-

78 2180 290 2211 mensas
323 2167 453 2223 quod
487 2167 555 2212 ita
591 2169 797 2213 eandem
833 2183 1132 2224 promouere
1167 2169 1399 2225 dignetur
1424 2169 1485 2215 ad
1511 2169 1584 2214 sui
1608 2170 1711 2226 glo-

78 2242 203 2288 riam
228 2254 276 2289 et
296 2243 568 2301 juuentutis
591 2231 871 2289 Vtilitater'n.
897 2244 951 2289 I‘n
982 2245 1083 2289 dies
1118 2250 1482 2301 augmentatur
1507 2245 1524 2272 ‘³
1546 2262 1712 2291 nume-

77 2337 161 2366 rus
186 2321 539 2374 studiosorum,
561 2332 610 2367 et
634 2323 732 2367 iam
756 2334 932 2367 auctus
957 2332 1032 2367 est
1056 2338 1210 2378 vsque
1235 2324 1298 2368 ad
1322 2339 1580 2368 numerum
1603 2323 1707 2379 450,

77 2413 221 2454 quem
251 2413 422 2444 omnes
456 2399 577 2444 satis
603 2399 782 2444 'mirari
816 2414 913 2444 non
947 2410 1168 2455 possunt.
1196 2399 1406 2445 Fratres
1436 2400 1591 2445 nostri
1626 2416 1710 2445 na-

78 2486 196 2520 uant
220 2491 422 2533 operam
459 2476 745 2533 diligentem
780 2487 834 2521 vt
868 2475 1032 2522 officio
1067 2492 1156 2522 suo
1192 2477 1364 2522 deesse
1390 2494 1485 2522 non
1512 2477 1710 2523 videan-

76 2562 174 2609 tur:
202 2562 251 2598 et
285 2554 511 2609 quamuis
546 2553 819 2599 habeamus
853 2555 1034 2599 multos
1068 2556 1292 2600 aemulos
1327 2554 1712 2600 ludimoderato-

76 2644 158 2675 res
198 2629 435 2687 publicos,
473 2639 639 2675 tamen
678 2631 861 2676 nostris
900 2631 1081 2676 scholis
1119 2632 1313 2676 laudem
1354 2632 1574 2676 tribuunt
1613 2647 1710 2677 non

123 2837 141 2858 a
174 2831 228 2867 In
248 2842 387 2877 marg.
409 2832 515 2868 add.
533 2831 628 2869 Pol.
646 2832 881 2879 impendere
898 2833 1041 2879 parati.
1096 2833 1161 2859 —b
1182 2833 1472 2878 quodammodo
1488 2833 1593 2870 add.
1612 2833 1707 2871 Pol.

77 2896 140 2917 —0
171 2890 376 2937 periculis.
430 2890 498 2918 —d
537 2898 727 2938 augetur.

125 3105 135 3124 ¹
187 3104 351 3142 Marcus
371 3104 505 3142 Kuen.
