2051 3516
564 307 839 343 sslfr'l'isstucss
865 306 910 342 ‘ll
938 306 1115 342 Ameims
1146 307 1234 342 1537
1602 310 1663 344 1557

86 401 231 446 immo
257 410 577 458 praeceptum
603 402 662 447 de
693 401 1134 459 quadrimestribus
1157 408 1174 428 ³
1209 402 1577 447 conscribendis
1612 419 1709 448 ser-

85 493 206 522 uare
231 493 545 534 cogeremur.
570 477 820 536 Siquidem
855 495 884 524 a
920 493 1088 524 mense
1123 478 1338 534 Augusti
1370 478 1533 523 miseri
1570 480 1613 523 hi
1650 480 1710 524 ci-

84 570 192 609 ues,
240 570 332 611 que
376 570 435 600 ac
479 566 664 612 quanta
713 556 844 613 passi
895 556 990 601 sint
1033 556 1096 601 ab
1140 555 1429 611 importunis
1483 557 1712 601 militibus

82 646 353 688 eorumque
389 633 702 691 praepositis,
729 634 929 690 longum
965 642 1013 679 et
1048 633 1331 679 miserabile
1362 642 1493 678 esset
1517 633 1712 690 singula

83 722 347 753 recensere
372 710 404 754 ¹.

140 785 180 830 2.
250 785 431 840 Primo,
455 785 536 831 diu
560 787 792 844 occupati
819 796 930 832 sunt
955 787 1001 832 in
1026 786 1341 833 conficiendis
1365 775 1713 844 erigendisque

81 862 351 919 aggeribus
376 878 436 908 ac
461 864 866 921 propugnaculis:
897 864 1360 921 superuenientibus
1395 865 1586 910 interea
1611 866 1711 910 vin-

82 940 267 996 demiis,
306 941 655 987 detinebantur
689 957 748 987 ne
784 943 1145 999 egrederentur
1185 943 1245 988 ad
1287 943 1480 988 fructus
1515 952 1563 988 et
1598 943 1713 988 vina

83 1017 379 1074 colligenda,
417 1028 470 1063 vt
510 1019 640 1065 bona
679 1035 796 1076 pars
842 1035 1014 1065 eorum
1057 1020 1242 1066 amissa
1282 1020 1358 1066 sit.
1404 1020 1520 1066 Inde
1566 1021 1712 1066 adue-

83 1094 326 1140 nientibus
351 1096 625 1142 cesarianis
660 1097 910 1154 militibus,
938 1098 1240 1143 locustarum
1275 1098 1321 1143 in
1356 1113 1545 1144 morem
1570 1114 1622 1144 se
1647 1098 1711 1144 ef-

80 1171 341 1218 fundentes
375 1172 421 1217 in
456 1188 674 1231 campos,
711 1175 756 1220 in
793 1174 980 1232 vineas,
1015 1173 1061 1220 in
1096 1175 1284 1234 hortos,
1322 1176 1571 1232 externplo
1608 1175 1713 1221 fere

80 1249 273 1295 fructus
297 1251 565 1296 multorum
592 1251 776 1297 milium
802 1267 1069 1298 aureorum
1094 1252 1340 1309 absumpti
1365 1262 1492 1310 sunt,
1522 1268 1613 1298 nec
1637 1269 1712 1298 sa-

79 1326 140 1371 tis
174 1326 264 1373 fuit
297 1327 408 1377 hoc:
437 1328 570 1385 quin,
596 1328 670 1375 his
703 1330 1016 1387 abeuntibus,
1049 1330 1524 1388 succedentibusque
1559 1331 1710 1377 eccle-

79 1404 290 1451 siasticis
315 1405 563 1462 militibus,
590 1423 682 1453 nec
706 1409 769 1454 ab
803 1408 1071 1454 arboribus
1104 1418 1153 1454 et
1188 1409 1369 1455 vitibus
1408 1409 1426 1436 b
1456 1409 1572 1466 ipsis
1606 1425 1711 1455 suc-

79 1482 298 1528 cidendis
322 1483 683 1530 abstinuerunt.

137 1559 180 1605 3.
249 1560 419 1606 Taceo
465 1577 559 1618 que
605 1563 735 1608 domi
782 1564 915 1621 passi
960 1574 1088 1619 sunt,
1138 1565 1286 1621 longe
1330 1564 1710 1621 miserabiliora,

79 1651 193 1681 nam
229 1638 384 1693 preda
421 1653 595 1686 eorum
629 1640 782 1686 veluti
817 1651 997 1698 essent,
1036 1658 1130 1699 que
1155 1643 1348 1688 miseris
1372 1642 1479 1688 filiis
1504 1658 1711 1699 paraue-

79 1722 209 1769 rant,
237 1714 415 1761 milites
452 1716 514 1773 vi,
542 1715 737 1774 fraude,
770 1717 1000 1775 furtibus,
1028 1719 1118 1765 sibi
1153 1720 1465 1777 diripiebant,
1493 1736 1552 1765 ac
1587 1720 1711 1765 insu-

77 1806 165 1847 per
189 1792 504 1849 cogebantur
529 1794 679 1840 etiam
703 1794 781 1852 qui
806 1795 919 1841 olim
951 1797 1124 1853 stipem
1148 1797 1238 1843 sibi
1263 1797 1468 1854 filiisque
1502 1798 1711 1843 emendi-

77 1883 196 1914 care
231 1870 474 1927 solebant‚
502 1870 702 1917 foenum
738 1874 1016 1930 aequitibus
1050 1890 1230 1931 emere,
1258 1876 1453 1932 quando
1487 1875 1577 1920 nisi
1612 1891 1710 1920 ma-

76 1961 175 2002 gno
199 1947 360 2003 pretio
386 1947 594 1994 inueniri
619 1965 716 1995 non
741 1960 956 2006 poterat.
985 1951 1295 1999 Cubitabant
1319 1953 1486 1998 miseri
1510 1953 1641 1998 humi
1666 1954 1711 1998 in

76 2024 300 2081 stabulis,
328 2025 407 2070 uel
438 2025 483 2070 in
509 2026 673 2083 aliquo
710 2028 1085 2075 incommodiori
1121 2031 1248 2085 loco,
1276 2031 1439 2076 coacti
1474 2031 1629 2076 lectos
1664 2040 1712 2076 et

76 2102 416 2148 commodiora
450 2104 561 2150 loca
596 2105 769 2150 domus
804 2106 1023 2163 linquere
1058 2108 1305 2164 militibus,
1335 2125 1544 2165 quorum
1580 2109 1709 2153 inhu—

79 2178 330 2225 maniores
350 2180 434 2225 vix
457 2182 609 2227 credo
634 2182 858 2229 inueniri.

134 2256 176 2301 4.
244 2256 482 2304 Pretereo
518 2259 844 2315 plurimarum
880 2261 1139 2308 domorum
1176 2264 1394 2320 parietes
1420 2273 1608 2309 tantum
1636 2279 1707 2308 re·

76 2333 234 2389 fictos,
272 2335 499 2381 trabibus
539 2338 891 2395 asseribusque
925 2341 1209 2397 combustis,
1248 2341 1332 2386 vix
1367 2342 1558 2398 aliquas
1601 2341 1705 2385 reli-

76 2420 286 2467 querunt
312 2422 483 2469 portas
508 2429 633 2471 quas
656 2431 750 2461 non
773 2416 887 2461 item
914 2417 1012 2474 igni
1038 2419 1349 2464 tradiderint.

132 2487 174 2534 5.
242 2488 432 2535 Omitto
468 2506 618 2548 saepe
652 2493 869 2539 abducta
895 2494 1127 2551 iumenta,
1156 2496 1398 2542 abductos
1422 2495 1621 2551 saepius
1645 2495 1708 2540 ab

76 2566 261 2611 aratris
295 2564 464 2623 boues,
504 2570 804 2626 depredatos
843 2587 1045 2629 greges,
1083 2582 1146 2629 et,
1184 2589 1244 2619 ne
1280 2573 1475 2628 longius
1508 2573 1705 2629 abeam,

75 2652 258 2699 quanta
283 2644 414 2700 passi
439 2645 549 2703 sint,
572 2648 652 2692 vel
678 2663 740 2693 ex
765 2649 858 2694 hoc
882 2650 1130 2696 coniicere
1155 2660 1315 2706 potest
1336 2650 1395 2694 R
1419 2648 1474 2694 P.
1497 2649 1555 2694 Τ.
1579 2650 1708 2706 quod

76 2718 160 2764 vix
188 2720 249 2766 sit
272 2721 449 2768 domus
472 2723 520 2768 in
545 2740 645 2781 qua
669 2741 766 2770 non
792 2726 968 2783 aliquis
992 2727 1054 2772 sit
1077 2726 1311 2773 infirmus,
1341 2742 1451 2772 cum
1477 2727 1519 2772 in
1545 2727 1708 2773 multis

121 2894 140 2912 ἢ
190 2895 498 2941 quadrimestris
519 2909 598 2934 ms.
653 2899 719 2926 —b
753 2899 845 2936 vitis
866 2911 944 2937 ms.

123 3055 132 3074 ¹
185 3054 349 3092 Bellum
369 3068 416 3092 eo
436 3062 622 3104 tempore
642 3059 865 3106 gerebatur
880 3060 984 3096 inter
1000 3071 1197 3095 summum
1214 3060 1441 3106 pontificem
1456 3061 1631 3100 Paulum
1644 3062 1707 3102 IV

75 3118 115 3149 et
135 3126 276 3161 regem
297 3114 536 3163 Hispaniae.
560 3116 623 3155 Cf.
646 3118 892 3163 POLANCUM,
919 3120 1062 3162 Cleon,
1085 3117 1157 3164 VI,
1178 3119 1223 3155 57
1242 3132 1325 3168 sqq.
