2051 3516
600 286 910 328 ‘203s—H15PAL1
937 293 959 327 7
987 291 1192 330 OcTossRis
1222 292 1312 330 1558
1654 290 1724 328 829

143 388 253 434 duci
294 388 461 443 debet,
506 387 577 432 his
622 388 917 444 praesertim
972 388 1274 445 temporibus
1324 387 1647 443 calamitosis,
1691 388 1772 433 ubi

144 465 372 511 occultae
396 465 649 521 haereses,
677 464 949 510 lutherismi
976 465 1186 521 plurimi,
1210 466 1357 522 longe
1382 466 1579 522 lateque
1600 466 1768 510 urbem

144 542 271 595 hanc
304 541 667 587 labefactantes
702 556 830 586 nunc
871 541 1067 587 demum
1108 543 1519 599 suppullularunt;
1559 542 1685 588 adeo
1722 554 1771 587 ut

145 620 325 665 multos
347 619 478 676 apud
503 619 735 676 populum
761 618 928 676 magni
964 619 1172 665 nominis·
1209 620 1340 665 uiros
1373 636 1557 666 cancer
1592 620 1683 665 iste
1708 619 1771 664 in-

143 697 335 752 fecerit,
377 697 632 754 serpserit,
675 708 722 742 et
763 696 1042 743 medullitus
1082 698 1372 744 corroserit.
1417 698 1609 744 Placuit
1650 713 1771 743 vero

145 775 281 821 Patri
306 775 780 830 misericordiarum,
809 775 890 831 qui
914 775 1040 820 hunc
1066 772 1420 832 Hispaniarum
1446 777 1685 832 angulum
1711 776 1774 820 ab

142 852 235 898 hoc
259 852 663 909 praesentissimo
700 868 891 898 ueneno
926 852 1168 898 hactenus
1203 853 1568 908 praeseruauit,
1596 854 1774 909 quique

144 929 277 975 illum
312 929 448 975 velut
482 939 774 976 terrestrem
811 929 1122 986 pasadissum
1158 929 1388 976 flammeo
1423 930 1591 986 gladio
1626 940 1774 987 atque

147 1006 383 1064 versatili,
410 1023 585 1065 nempe
624 1017 830 1053 sanctae
864 1006 1196 1064 Inquisitionis
1232 1023 1452 1056 munere,
1491 1007 1772 1059 custodiuit,

144 1085 377 1143 antiquae
401 1086 645 1143 serpentis
679 1085 882 1131 insidias
917 1085 1100 1142 detegi,
1128 1086 1354 1131 sinuosos
1388 1085 1544 1131 flexus
1578 1086 1773 1131 inuesti-

144 1164 256 1220 gari
296 1173 344 1209 et
382 1164 593 1210 bestiam
633 1164 760 1210 hanc
800 1163 1149 1209 ascendentem
1184 1163 1244 1208 de
1283 1164 1466 1220 abysso
1506 1162 1771 1208 subolfieri.

145 1239 468 1297 Quaeruntur
511 1241 801 1298 complices,
850 1241 1071 1298 ligantur
1114 1251 1397 1292 matronae,
1439 1241 1773 1297 promiscuum

147 1319 327 1376 vulgus
349 1319 581 1377 trahitur,
609 1329 719 1376 post
751 1319 1112 1376 comprehensa
1143 1318 1557 1375 dogmatistarum
1592 1319 1772 1375 capita,

144 1398 183 1443 si
217 1397 363 1443 modo
396 1397 580 1455 capita,
608 1408 657 1444 et
681 1413 777 1443 non
814 1396 978 1455 potius
1004 1397 1300 1454 acephalum
1326 1412 1509 1453 corpus
1532 1396 1592 1442 sit
1616 1396 1776 1441 dicen-

145 1475 276 1532 dum,
304 1475 433 1532 quod
454 1475 716 1521 Ecclesiae
735 1484 885 1532 caput
905 1485 1070 1521 mente
1088 1475 1340 1532 sacrilega
1359 1475 1579 1530 abnegat
1600 1476 1630 1518 ¹.
1654 1472 1776 1518 Sim-

149 1553 313 1598 bolum
350 1562 515 1599 autern
550 1564 775 1599 nostrum
811 1552 1042 1599 Christus
1078 1563 1168 1603 est,
1216 1552 1440 1598 Ecclesia
1478 1562 1569 1601 est,
1612 1561 1658 1596 et
1698 1552 1774 1608 qui

149 1630 265 1688 Xpi.
295 1631 453 1677 vicem
478 1631 524 1676 in
561 1631 709 1677 terris
744 1631 889 1688 gerit;
919 1631 1046 1688 quod
1074 1646 1229 1687 usque
1254 1631 1379 1675 adeo
1404 1630 1531 1686 apud
1559 1629 1774 1674 omnium

148 1723 298 1754 aures
322 1708 543 1764 inualuit,
573 1718 625 1754 ut
649 1718 697 1754 et
722 1708 903 1754 inimici
928 1708 1082 1754 nostri
1107 1708 1203 1754 sint
1226 1706 1432 1764 judices,
1461 1722 1635 1763 nempe
1679 1708 1776 1751 vul-

147 1786 353 1842 peculae
398 1802 524 1843 quae
578 1787 771 1832 vineam
816 1786 909 1832 Dei
959 1786 1203 1832 sabbaoth
1256 1785 1478 1831 demoliri
1532 1785 1776 1830 machina-

146 1863 341 1909 bantur.

206 1940 246 1985 2.
316 1940 538 1998 Contigit
562 1941 690 1987 enim
716 1941 892 1988 abhinc
919 1942 1090 1998 paucis
1114 1941 1285 1987 diebus
1311 1941 1598 1998 paschillum
1632 1956 1776 1998 quen-

102 2041 105 2043 ·
146 2018 258 2063 dam
299 2018 539 2076 gradibus
580 2019 782 2065 maioris
818 2018 1077 2065 Ecclesiae
1112 2017 1255 2076 hujus
1292 2018 1428 2063 urbis
1467 2018 1686 2069 affixum,
1729 2028 1775 2063 et

141 2099 372 2142 ⁴materno
413 2111 640 2142 sermone
686 2097 934 2142 conditum
983 2097 1209 2153 reperiri,
1253 2097 1330 2153 qui
1373 2097 1433 2141 ad
1475 2096 1668 2141 literam
1708 2095 1775 2141 sic

146 2173 378 2219 habebat:
420 2179 470 2227 ‹†
508 2172 604 2219 Ihs.
649 2174 826 2220 Maria.
871 2174 1106 2232 Quisquis
1142 2174 1309 2219 doceri
1351 2173 1464 2218 velit
1499 2172 1775 2218 doctrinam

147 2250 396 2306 xpianam.
435 2249 605 2298 Sancti
640 2251 820 2303 Officii,
861 2261 1056 2309 repetat
1092 2251 1255 2296 limina
1282 2250 1547 2296 Societatis
1582 2249 1685 2295 Ihu.
1713 2250 1775 2295 ibi

147 2327 274 2373 enim
300 2327 577 2386 docebitur,
605 2329 750 2374 modo
775 2345 835 2374 ne
859 2327 991 2386 juret
1017 2338 1101 2374 aut
1126 2328 1417 2374 cartharum
1445 2327 1611 2372 ludum
1637 2342 1776 2372 exer-

146 2414 303 2450 ceat.»
332 2405 477 2462 Quod
511 2421 623 2452 cum
658 2407 897 2452 sacerdos
932 2406 1129 2463 quidam
1165 2407 1409 2462 probatae
1447 2405 1577 2450 vitae
1612 2420 1670 2450 ac
1696 2420 1776 2449 no-

147 2482 218 2528 bis
244 2482 538 2542 conjunctus
560 2484 720 2541 valde,
750 2485 977 2537 resciret,
1005 2500 1139 2534 ecce,
1171 2483 1341 2539 inquit,
1371 2482 1607 2539 Cayphas
1631 2484 1774 2532 alter,

147 2561 227 2618 qui
251 2571 488 2619 corrupto
514 2562 679 2608 animo
703 2561 1018 2620 prophetauit
1045 2563 1075 2606 2'.
1104 2561 1171 2606 At
1196 2576 1318 2605 vero
1344 2559 1674 2616 inquisitores,
1698 2560 1775 2616 qui

146 2650 247 2685 tam
286 2649 400 2685 sunt
439 2639 640 2696 negotio
680 2649 851 2685 nostro
892 2639 1141 2696 propensi,
1179 2648 1231 2682 ut
1267 2647 1314 2682 et
1351 2637 1663 2693 hospitiolum
1694 2652 1776 2682 no-

147 2726 303 2762 strum
329 2717 534 2763 visitare
558 2726 606 2763 et
630 2718 758 2775 apud
780 2733 868 2764 nos
892 2729 1038 2763 tenue
1063 2715 1321 2773 prandium
1348 2715 1593 2760 interdum
1620 2730 1776 2760 sume-

149 2809 201 2839 re
245 2810 340 2839 non
386 2795 731 2852 dedignentur,
779 2795 964 2841 conscii
1008 2794 1145 2844 facti,
1195 2793 1487 2848 gaudemus,
1535 2792 1773 2849 inquiunt,

196 3002 205 3020 ¹
262 3000 378 3043 Vide.
400 3000 467 3046 sis,
489 3000 730 3038 MENENDEZ
755 3001 940 3039 PELm-o,
964 2999 1162 3036 Historia
1183 2998 1237 3035 de
1256 3000 1318 3036 los
1338 2999 1634 3036 Heterodoxos
1660 3004 1778 3045 espa-

148 3061 279 3102 noles,
299 3060 348 3103 II,
370 3073 456 3108 cap.
478 3060 550 3097 IX.

194 3121 207 3139 ‘·'
259 3119 322 3157 Cf.
340 3120 506 3167 JOANN„
528 3120 600 3165 XI,
621 3122 679 3158 51.
