2051 3516
587 251 963 288 iffi-FLORENHA
988 252 1035 288 26
1061 252 1223 289 Mirm-11
1255 254 1345 289 1538
1645 254 1716 290 533

133 351 431 397 bdomadam
466 349 556 394 sibi
592 359 723 393 esset
748 364 809 393 ex
833 348 926 393 hac
952 348 1054 393 uita
1079 348 1407 404 migrandum:
1435 350 1761 405 quamobrem

134 429 263 474 iisus
296 438 445 484 atque
479 426 723 471 choraeas
763 425 807 469 in
848 435 1032 470 metum
1072 440 1167 469 non
1207 426 1507 471 mediocrem
1544 441 1762 470 commu-

133 515 319 551 tarunt.

191 583 234 629 4.
300 581 465 638 Atque
504 580 677 625 codem
716 579 792 624 die
834 579 1129 635 peregrinus
1163 579 1359 635 quidam
1392 580 1643 636 hispanUS,
1681 580 1761 636 qui

133 668 282 703 antea
306 658 473 703 iurare
498 656 703 701 subinde
728 665 1077 712 consueuerat,
1104 656 1272 700 statim
1293 666 1344 701 ut
1363 657 1426 701 ab
1446 655 1618 701 eodem
1646 655 1756 701 Pre.

130 735 409 780 iuramenta
444 744 496 779 ut
531 742 733 778 caueret
769 742 843 778 est
877 732 1174 787 admonitUS,
1202 748 1298 777 non
1333 733 1477 778 modo
1511 749 1563 778 se
1588 748 1760 789 perpe-

131 827 239 857 ram
262 812 423 868 egisse
448 810 704 856 confessus
730 820 820 862 est,
842 825 1015 854 uerum
1040 809 1186 854 etiarn
1211 819 1532 865 peccatorum
1556 826 1762 855 suorum

129 888 246 934 fecit
270 887 693 943 hexomologesin.
723 886 948 944 Cumque
974 887 1069 931 duo
1093 887 1188 931 sint
1212 887 1256 930 in
1295 887 1387 932 hac
1420 888 1543 932 urbe
1578 887 1759 944 puella-

130 981 255 1022 rum,
285 980 408 1021 quas
433 963 698 1008 derelictas
722 974 920 1019 uocant,
950 964 1076 1019 loca,
1111 979 1319 1019 quorum
1355 964 1482 1008 alter
1521 964 1758 1021 uirgines,

130 1043 257 1087 alter
291 1056 410 1086 uero
446 1040 635 1097 puellas
671 1041 911 1097 quasdam
945 1040 1163 1085 continet
1194 1055 1337 1097 quae,
1364 1056 1474 1085 cum
1500 1051 1648 1086 antea
1673 1057 1762 1098 per

128 1119 302 1163 urbem
333 1117 514 1174 passim
550 1128 858 1173 uagarentur
892 1126 940 1162 et
973 1116 1284 1174 grauissimis
1318 1117 1552 1173 periculis
1586 1133 1760 1174 pecca-

128 1195 287 1251 tisque
321 1204 567 1251 paterent,
594 1194 788 1251 piorum
824 1194 1072 1239 hominum
1108 1192 1350 1239 industria
1381 1195 1427 1239 in
1462 1211 1612 1239 unum
1647 1211 1759 1241 coa-

129 1281 239 1317 ctae
263 1280 390 1317 sunt:
429 1272 487 1316 ad
522 1271 708 1328 primas
743 1272 937 1328 quidem
972 1271 1177 1328 singulis
1214 1271 1386 1317 diebus
1418 1272 1650 1317 mercurii
1685 1288 1760 1317 su-

128 1349 382 1405 pradictus
406 1348 558 1393 Pater
591 1348 800 1406 accedit;
828 1348 1131 1405 posteriores
1165 1359 1333 1394 autern
1368 1349 1576 1406 singulis
1611 1350 1759 1395 domi-

127 1425 249 1471 nicis
284 1425 635 1482 lunaribusque
669 1425 841 1470 diebus
877 1425 1054 1478 inuisit‚
1083 1425 1459 1483 doctrinamque
1494 1426 1603 1472 illas
1638 1427 1761 1472 chri-

128 1502 339 1547 stianam
379 1502 541 1547 docet.
581 1501 659 1547 Ex
693 1517 788 1559 quo
828 1518 921 1547 non
963 1502 1261 1548 mediocrem
1303 1503 1520 1548 fructum
1554 1504 1756 1561 percipi,

127 1580 205 1625 uel
230 1579 346 1625 illud
371 1580 523 1636 possit
548 1595 656 1625 esse
681 1590 1000 1636 argumento,
1029 1581 1159 1637 quod
1183 1596 1296 1626 cum
1320 1591 1470 1626 antea
1505 1597 1556 1626 se
1592 1582 1758 1627 Domi-

126 1672 241 1701 num
276 1655 484 1702 IESUM
519 1657 742 1702 amisisse
772 1658 965 1714 puellae
990 1657 1229 1714 dicerent,
1258 1659 1552 1714 simulatque
1577 1659 1759 1705 nostris

127 1746 239 1779 sunt
263 1734 541 1789 confessae,
569 1734 797 1779 eumdem
822 1750 874 1780 se
894 1734 1140 1791 reperisse
1166 1734 1548 1791 profitebantur.

184 1811 226 1857 5.
293 1811 449 1857 Rdus.
478 1811 630 1857 Pater
654 1812 876 1866 Fuluius,
905 1812 983 1869 qui
1019 1824 1066 1857 et
1101 1812 1227 1857 idem
1261 1813 1417 1858 nostri
1452 1814 1649 1870 collegii
1686 1829 1757 1859 re-

126 1898 234 1934 ctor
258 1899 348 1945 est,
375 1889 581 1945 singulis
605 1889 863 1934 dominicis
887 1889 1123 1946 festisque
1148 1890 1320 1935 diebus
1355 1890 1399 1935 in
1436 1901 1607 1935 nostro
1643 1901 1758 1936 tem-

126 1966 206 2023 plo
246 1966 462 2011 maximo
503 1981 615 2011 cum
650 1966 818 2012 fructu
853 1967 1194 2016 concionatur;
1232 1977 1372 2012 tanto
1408 1968 1537 2012 enim
1572 1968 1759 2013 audito-

127 2059 252 2094 rum,
282 2044 505 2100 quamuis
529 2043 742 2100 inopum,
766 2044 1010 2100 excipitur
1034 2045 1292 2100 applausu,
1315 2054 1366 2089 ut
1390 2044 1556 2090 dicere
1582 2045 1758 2090 merito

127 2136 279 2178 queas
304 2137 414 2165 eum
439 2136 588 2177 super
613 2123 791 2166 bonam
817 2133 1004 2166 terram
1032 2137 1197 2166 semen
1225 2122 1406 2177 iacere,
1445 2138 1571 2178 quae
1606 2123 1758 2167 multo

127 2191 243 2254 plus
258 2197 409 2242 affert
433 2213 579 2254 quam
605 2198 872 2255 acceperit.
901 2197 1134 2243 Priuatas
1159 2199 1308 2244 etiam
1344 2199 1406 2244 ad
1442 2209 1639 2244 nostros
1663 2199 1757 2244 sin—

126 2276 254 2332 gulis
297 2275 620 2320 hebdomadis
664 2276 814 2321 habet
858 2276 1232 2321 exhortationes
1276 2276 1452 2333 quibus
1492 2274 1758 2323 Societatis

126 2349 328 2398 nostrae
363 2354 568 2409 regulas
601 2354 729 2398 solet
762 2354 1031 2410 explicare,
1060 2354 1187 2410 quod
1222 2363 1505 2399 nostrorum
1541 2354 1756 2399 omnium

126 2430 318 2475 animos
353 2430 415 2475 ad
451 2431 662 2475 uirtutes
696 2431 1056 2487 capesssendas
1091 2447 1185 2476 non
1220 2431 1538 2476 mediocriter
1571 2430 1755 2476 inflam-

126 2517 244 2552 mat.
273 2506 497 2563 Contigit
522 2507 861 2563 superioribus
893 2507 1064 2552 diebus
1095 2518 1163 2562 ut,
1198 2508 1369 2553 eodem
1406 2508 1517 2553 Pre.
1556 2517 1757 2553 rectore

127 2585 452 2635 auscultante,
482 2583 582 2641 (qui
604 2583 736 2629 forte
761 2584 823 2629 ad
855 2585 1094 2640 quasdam
1126 2585 1234 2630 Deo
1268 2594 1501 2629 sacratas
1535 2585 1758 2642 uirgines

126 2671 413 2707 accesserat
438 2661 803 2717 concionatum)
824 2661 1021 2718 quidam
1046 2661 1140 2706 Dei
1164 2677 1339 2706 nomen
1367 2661 1753 2718 blasphemaret,

125 2754 286 2794 quem,
313 2753 439 2794 cum,
467 2747 517 2782 ut
553 2754 644 2795 par
679 2748 803 2793 erat,
841 2739 1163 2783 uehementer
1197 2738 1530 2795 obiurgasset,
1568 2738 1753 2796 effecit,

126 2824 178 2860 ut
203 2825 249 2861 et
272 2826 461 2860 terram
487 2815 654 2861 statim
689 2816 794 2861 eius
828 2816 961 2861 iussu
997 2817 1324 2868 oscularetur,
1349 2826 1397 2861 et
1421 2832 1474 2861 se
1498 2816 1648 2862 totius
1672 2832 1756 2861 an·

124 2901 322 2937 teactae
347 2893 479 2937 uitae
504 2903 713 2948 peccata
737 2892 1079 2938 confessurum
1105 2893 1440 2948 polliceretur.

182 2970 224 3015 6.
295 2969 395 3014 Eos
420 2969 568 3014 etiam
599 2970 677 3026 qui
711 2970 755 3015 in
793 2985 1000 3015 carcere
1034 2970 1183 3015 uincti
1218 2970 1514 3027 detinentur,
1548 2972 1755 3028 singulis

123 3046 447 3092 hebdomadis
472 3047 825 3092 consolaturus
849 3047 1026 3103 inuisit;
1055 3046 1184 3103 apud
1218 3063 1340 3103 quos
1374 3057 1565 3093 tantum
1590 3049 1754 3105 profe-
