2051 3516
368 296 438 332 590
833 298 1050 336 LITTERAE
1077 300 1427 345 QUADRmffls'rREs

322 403 474 436 retur.
503 390 601 436 Sed
625 408 734 437 cum
759 394 1022 450 aliquando
1056 394 1226 441 Sancti
1262 395 1473 452 Spiritus
1508 398 1715 455 impulsu
1740 401 1936 457 (multas

321 467 448 512 enim
485 469 545 512 ad
580 478 805 513 nostrum
838 472 1070 527 templum
1105 472 1295 517 diuinus
1334 473 1412 518 ille
1451 472 1662 530 Spiritus
1702 476 1863 533 mittit,
1890 479 1935 523 in

321 559 415 598 quo
440 559 672 600 magnum
707 545 796 591 sibi
831 548 1128 602 praesidium
1165 549 1480 595 constitutum
1516 553 1735 609 sperant)
1761 555 1823 598 ad
1848 570 1937 599 nos

319 619 530 665 deducta
555 632 701 677 esset,
735 631 782 667 et
816 623 1009 668 cuidam
1046 635 1326 670 nostrorum
1362 626 1697 686 confiteretur,
1734 645 1934 685 persua-

318 712 373 741 sa
392 707 466 741 est
487 707 535 741 ut
555 697 735 753 Xpum.
758 699 847 744 sibi
867 702 1030 756 sponsi
1050 702 1240 758 uirique
1266 703 1375 747 loco
1400 704 1656 760 deligeret.
1684 705 1935 762 Quamob-

319 788 422 817 rem
463 774 622 829 coepit
660 775 837 821 exinde
870 777 1075 833 singulis
1109 778 1278 823 diebus
1313 779 1567 826 dominicis
1601 794 1709 838 post
1744 784 1930 829 confes-

316 849 502 894 sionem
542 862 917 897 sacrosanctum
962 853 1073 910 Xpi.
1115 855 1280 910 sponsi
1320 856 1391 900 sui
1436 871 1615 912 corpus
1660 859 1929 915 suscipere.

316 924 554 983 Tandem,
596 936 644 971 ut
678 929 847 983 paucis
882 931 1234 987 perstringam,
1273 947 1329 975 eo
1366 932 1683 987 perfectionis
1718 935 1928 991 deuenit,

317 1012 366 1046 ut
397 1018 505 1047 cum
536 1004 763 1058 proxima
795 1005 1151 1051 incarnationis
1187 1007 1461 1053 dominicae
1496 1010 1785 1056 celebritate
1820 1028 1929 1056 con-

314 1078 573 1124 fessarium
621 1096 762 1125 suum
813 1083 1176 1139 alloqueretur,
1224 1100 1414 1130 sumina
1457 1101 1568 1130 cum
1619 1087 1931 1143 simplicitate

312 1156 582 1212 mentisque
628 1157 912 1214 integritate
951 1159 1134 1204 diceret
1179 1176 1230 1205 se
1275 1161 1469 1216 quidem
1508 1163 1720 1208 caeteris
1760 1164 1930 1210 diebus

319 1231 453 1277 fame
488 1249 581 1278 non
617 1235 850 1280 mediocri
887 1237 1058 1281 uexari
1098 1247 1300 1293 propter
1333 1239 1562 1296 inopiam,
1600 1255 1658 1284 eo
1695 1256 1812 1285 uero
1853 1242 1929 1287 die

312 1323 407 1364 quo
432 1308 544 1365 Xpi.
569 1326 750 1367 corpus
774 1313 1061 1369 susciperet,
1089 1329 1148 1358 ne
1183 1315 1430 1360 minimam
1465 1316 1658 1372 quidem
1694 1319 1928 1373 persenti-

311 1400 467 1430 scere.
497 1385 836 1442 Quamobrem
861 1390 923 1434 ab
947 1390 1119 1434 eodem
1145 1390 1255 1435 Pre.
1284 1393 1568 1447 postulabat
1586 1404 1637 1437 ut
1657 1409 1715 1438 eo
1735 1410 1928 1450 quoque

311 1461 388 1506 die
424 1472 679 1518 pateretur
713 1464 802 1509 sibi
838 1465 950 1521 Xpi.
978 1482 1156 1522 corpus
1191 1468 1510 1523 suppeditari.
1538 1468 1680 1525 Quod
1716 1471 1794 1515 ille
1829 1487 1925 1516 non

311 1551 523 1594 grauate
550 1541 783 1587 concesit.

371 1616 437 1661 10.
506 1616 855 1664 Confitentium
881 1621 1027 1665 etiam
1052 1631 1099 1666 et
1123 1621 1185 1665 ad
1209 1633 1431 1667 nostrum
1457 1625 1689 1679 templum
1715 1625 1923 1670 cofluen-

307 1692 424 1737 tium
450 1709 683 1739 numerus
708 1696 754 1739 in
779 1696 882 1741 dies
907 1698 1064 1753 magis
1099 1699 1354 1755 magisque
1389 1701 1580 1745 crescit.
1605 1700 1776 1757 Itaque
1806 1718 1922 1759 qua-

306 1778 436 1825 tuor,
464 1785 586 1826 quos
609 1772 686 1816 hic
709 1772 964 1828 habemus,
1001 1775 1308 1827 confessarii,
1334 1776 1396 1820 ad
1427 1777 1680 1822 meridiem
1716 1794 1868 1834 usque
1892 1795 1922 1824 a

306 1861 496 1891 summo
521 1863 664 1892 mane
689 1849 733 1893 in
760 1849 1013 1895 audiendis
1047 1851 1439 1898 confessionibus
1474 1864 1797 1910 occupantur.
1826 1855 1918 1900 Ne-

306 1938 399 1978 que
426 1938 547 1967 uero
573 1924 788 1969 minores
813 1935 924 1970 sunt
948 1927 1314 1982 pomeridianae
1347 1930 1714 1987 occupationes,
1743 1931 1919 1988 quippe

305 2014 430 2054 quae
470 1999 531 2043 ad
572 2001 842 2046 secundam
879 2018 1031 2059 usque
1066 2005 1223 2048 noctis
1255 2004 1430 2050 horam
1469 2006 1667 2051 eosdem
1701 2006 1837 2053 Pres.
1873 2008 1918 2053 in

303 2075 484 2131 templo
519 2076 791 2133 plerunque
825 2090 1006 2124 tenent.
1035 2079 1374 2136 Quamobrem
1409 2098 1505 2127 non
1540 2084 1784 2129 immerito
1809 2088 1919 2130 eam

303 2153 574 2197 clausulam
613 2169 709 2210 qua
749 2156 934 2200 caeteri
968 2157 1035 2201 uti
1071 2157 1245 2213 solent,
1287 2159 1426 2204 nobis
1466 2160 1611 2204 liceat
1652 2176 1912 2217 usurpare:

302 2245 511 2274 messem
546 2231 738 2286 quidem
773 2234 976 2278 multam
1012 2249 1136 2290 esse,
1164 2236 1422 2291 operarios
1457 2246 1623 2282 autem
1661 2253 1844 2294 paucos
1879 2240 1916 2284 ¹.

303 2304 644 2361 [Copz'oslores
667 2307 866 2352 litteras
883 2310 1153 2365 promittit,
1176 2316 1358 2365 preces
1377 2313 1645 2370 postulat]

387 2381 674 2428 Florentiae
698 2385 904 2440 septimo
929 2386 1019 2430 cal.
1049 2387 1247 2443 apriles,
1275 2404 1404 2433 anno
1429 2389 1601 2434 salutis
1630 2390 1756 2436 1558.

390 2458 465 2503 Ex
489 2458 599 2505 Rdi.
627 2460 750 2505 Pris.
776 2462 986 2506 rectoris
1012 2463 1259 2517 mandato,
1288 2464 1344 2509 R.
1370 2465 1422 2510 P.
1451 2465 1508 2511 T.
1536 2465 1746 2512 filiorum
1780 2468 1912 2512 mini-

297 2550 403 2579 mus
428 2551 699 2592 seruusque
727 2538 1106 2595 indignissimus,

793 2656 1127 2703 INNOCENTIUS
1161 2656 1485 2714 SPATAFORA,
1523 2662 1727 2707 calaber
1760 2663 1791 2707 2.

341 2963 349 2981 ¹
404 2961 466 2998 Cf.
488 2963 674 3005 MATTH„
696 2964 766 3007 ΙΧ,
787 2965 845 3007 37ς
866 2965 981 3011 Loc„
1002 2965 1054 3008 X,
1075 2966 1108 3003 2.

339 3021 351 3040 ²
400 3021 612 3067 Ingressus
631 3022 762 3059 [uerat
782 3023 1026 3062 Societatem
1046 3038 1150 3062 anno
1172 3026 1272 3063 1556.
1295 3026 1465 3074 Neapoli
1490 3029 1567 3076 juri
1595 3030 1719 3066 civilli
1746 3043 1910 3077 operam

291 3080 469 3117 dederat.
492 3080 598 3117 Vide
618 3081 862 3127 POLANCUM,
887 3084 1053 3129 Clzron„
1075 3084 1148 3128 VI,
1168 3084 1249 3122 243.
