<?xml version="1.0" encoding="UTF-8"?>
<!DOCTYPE html PUBLIC "-//W3C//DTD XHTML 1.0 Transitional//EN"
    "http://www.w3.org/TR/xhtml1/DTD/xhtml1-transitional.dtd">
<html xmlns="http://www.w3.org/1999/xhtml" xml:lang="en" lang="en">
 <head>
  <title>
</title>
<meta http-equiv="Content-Type" content="text/html;charset=utf-8" />
  <meta name='ocr-system' content='tesseract 3.04.00' />
  <meta name='ocr-capabilities' content='ocr_page ocr_carea ocr_par ocr_line ocrx_word'/>
</head>
<body>
  <div class='ocr_page' id='page_1' title='image "./litteraequadrime17lain_0486.png"; bbox 0 0 2051 3516; ppageno 0'>
   <div class='ocr_carea' id='block_1_1' title="bbox 383 327 1452 373">
    <p class='ocr_par' dir='ltr' id='par_1_1' title="bbox 383 327 1452 373">
     <span class='ocr_line' id='line_1_1' title="bbox 383 327 1452 373; baseline 0.002 -12"><span class='ocrx_word' id='word_1_1' title='bbox 383 327 452 362; x_wconf 72' lang='lat'>452</span> <span class='ocrx_word' id='word_1_2' title='bbox 854 329 1038 365; x_wconf 67' lang='lat' dir='ltr'>L1T&#39;1ERA</span> <span class='ocrx_word' id='word_1_3' title='bbox 1046 340 1071 364; x_wconf 82' lang='lat' dir='ltr'>E</span> <span class='ocrx_word' id='word_1_4' title='bbox 1098 328 1188 373; x_wconf 65' lang='lat' dir='ltr'>QUA</span> <span class='ocrx_word' id='word_1_5' title='bbox 1198 338 1452 364; x_wconf 77' lang='lat' dir='ltr'>DRIMESTRES</span> 
     </span>
    </p>
   </div>
   <div class='ocr_carea' id='block_1_2' title="bbox 304 421 1955 1545">
    <p class='ocr_par' dir='ltr' id='par_1_2' title="bbox 304 421 1955 1396">
     <span class='ocr_line' id='line_1_2' title="bbox 332 421 1953 479; baseline 0.002 -15"><span class='ocrx_word' id='word_1_6' title='bbox 332 422 573 477; x_wconf 85' lang='lat' dir='ltr'>principia</span> <span class='ocrx_word' id='word_1_7' title='bbox 597 421 836 479; x_wconf 77' lang='lat' dir='ltr'>declarat,</span> <span class='ocrx_word' id='word_1_8' title='bbox 863 424 929 468; x_wconf 91' lang='lat' dir='ltr'>nil</span> <span class='ocrx_word' id='word_1_9' title='bbox 952 424 1143 468; x_wconf 76' lang='lat' dir='ltr'>interim</span> <span class='ocrx_word' id='word_1_10' title='bbox 1170 422 1398 467; x_wconf 86' lang='lat' dir='ltr'>omittens</span> <span class='ocrx_word' id='word_1_11' title='bbox 1423 423 1481 466; x_wconf 90' lang='lat' dir='ltr'>de</span> <span class='ocrx_word' id='word_1_12' title='bbox 1506 423 1561 467; x_wconf 91' lang='lat' dir='ltr'>iis</span> <span class='ocrx_word' id='word_1_13' title='bbox 1588 438 1679 478; x_wconf 76' lang='lat' dir='ltr'>que</span> <span class='ocrx_word' id='word_1_14' title='bbox 1700 423 1761 467; x_wconf 84' lang='lat' dir='ltr'>ad</span> <span class='ocrx_word' id='word_1_15' title='bbox 1786 438 1953 479; x_wconf 86' lang='lat' dir='ltr'>prece-</span> 
     </span>
     <span class='ocr_line' id='line_1_3' title="bbox 336 497 1955 555; baseline 0.002 -14"><span class='ocrx_word' id='word_1_16' title='bbox 336 507 419 552; x_wconf 88' lang='lat' dir='ltr'>pta</span> <span class='ocrx_word' id='word_1_17' title='bbox 442 497 685 552; x_wconf 78' lang='lat' dir='ltr'><strong>pertinent</strong></span> <span class='ocrx_word' id='word_1_18' title='bbox 712 498 999 545; x_wconf 70' lang='lat' dir='ltr'>rhetorices.</span> <span class='ocrx_word' id='word_1_19' title='bbox 1028 500 1148 544; x_wconf 82' lang='lat' dir='ltr'>Dns.</span> <span class='ocrx_word' id='word_1_20' title='bbox 1184 498 1419 543; x_wconf 86' lang='lat' dir='ltr'>Nicolaus</span> <span class='ocrx_word' id='word_1_21' title='bbox 1446 499 1452 521; x_wconf 94' lang='lat'><strong>¹</strong></span> <span class='ocrx_word' id='word_1_22' title='bbox 1482 499 1725 544; x_wconf 86' lang='lat' dir='ltr'>rhetorice</span> <span class='ocrx_word' id='word_1_23' title='bbox 1750 515 1955 555; x_wconf 87' lang='lat' dir='ltr'>prorsus</span> 
     </span>
     <span class='ocr_line' id='line_1_4' title="bbox 334 574 1951 632; baseline 0.002 -15"><span class='ocrx_word' id='word_1_24' title='bbox 334 574 583 628; x_wconf 82' lang='lat' dir='ltr'>incumbit,</span> <span class='ocrx_word' id='word_1_25' title='bbox 606 574 686 630; x_wconf 92' lang='lat' dir='ltr'>qui</span> <span class='ocrx_word' id='word_1_26' title='bbox 710 575 802 620; x_wconf 84' lang='lat' dir='ltr'>hoe</span> <span class='ocrx_word' id='word_1_27' title='bbox 835 591 964 620; x_wconf 88' lang='lat' dir='ltr'>anno</span> <span class='ocrx_word' id='word_1_28' title='bbox 997 576 1225 632; x_wconf 80' lang='lat' dir='ltr'>grauiter</span> <span class='ocrx_word' id='word_1_29' title='bbox 1259 575 1518 619; x_wconf 80' lang='lat' dir='ltr'>admodum</span> <span class='ocrx_word' id='word_1_30' title='bbox 1555 585 1627 619; x_wconf 84' lang='lat' dir='ltr'>est</span> <span class='ocrx_word' id='word_1_31' title='bbox 1662 574 1951 632; x_wconf 82' lang='lat' dir='ltr'>infirmatus,</span> 
     </span>
     <span class='ocr_line' id='line_1_5' title="bbox 304 638 1954 709; baseline 0.001 -14"><span class='ocrx_word' id='word_1_32' title='bbox 304 638 311 645; x_wconf 34' lang='lat' dir='ltr'><strong><em>s</em></strong></span> <span class='ocrx_word' id='word_1_33' title='bbox 332 659 552 695; x_wconf 77' lang='lat' dir='ltr'>attamen</span> <span class='ocrx_word' id='word_1_34' title='bbox 578 651 684 696; x_wconf 90' lang='lat' dir='ltr'>Deo</span> <span class='ocrx_word' id='word_1_35' title='bbox 706 650 910 707; x_wconf 88' lang='lat' dir='ltr'>juuante</span> <span class='ocrx_word' id='word_1_36' title='bbox 935 653 1001 697; x_wconf 90' lang='lat' dir='ltr'>ita</span> <span class='ocrx_word' id='word_1_37' title='bbox 1026 651 1290 707; x_wconf 77' lang='lat' dir='ltr'>conualuit,</span> <span class='ocrx_word' id='word_1_38' title='bbox 1316 660 1365 695; x_wconf 82' lang='lat' dir='ltr'>vt</span> <span class='ocrx_word' id='word_1_39' title='bbox 1384 661 1498 695; x_wconf 88' lang='lat' dir='ltr'>ante</span> <span class='ocrx_word' id='word_1_40' title='bbox 1518 666 1605 696; x_wconf 80' lang='lat' dir='ltr'>sex</span> <span class='ocrx_word' id='word_1_41' title='bbox 1623 667 1779 696; x_wconf 88' lang='lat' dir='ltr'>annos</span> <span class='ocrx_word' id='word_1_42' title='bbox 1799 667 1954 709; x_wconf 86' lang='lat' dir='ltr'>aeque</span> 
     </span>
     <span class='ocr_line' id='line_1_6' title="bbox 332 726 1953 783; baseline 0.002 -13"><span class='ocrx_word' id='word_1_43' title='bbox 332 727 454 771; x_wconf 88' lang='lat' dir='ltr'>bene</span> <span class='ocrx_word' id='word_1_44' title='bbox 469 742 521 771; x_wconf 90' lang='lat' dir='ltr'>se</span> <span class='ocrx_word' id='word_1_45' title='bbox 542 743 635 771; x_wconf 88' lang='lat' dir='ltr'>non</span> <span class='ocrx_word' id='word_1_46' title='bbox 655 728 884 773; x_wconf 78' lang='lat' dir='ltr'>habuisse</span> <span class='ocrx_word' id='word_1_47' title='bbox 902 737 1125 776; x_wconf 75' lang='lat' dir='ltr'>testetur:</span> <span class='ocrx_word' id='word_1_48' title='bbox 1149 743 1207 771; x_wconf 84' lang='lat' dir='ltr'>ea</span> <span class='ocrx_word' id='word_1_49' title='bbox 1224 727 1458 783; x_wconf 85' lang='lat' dir='ltr'>siquidem</span> <span class='ocrx_word' id='word_1_50' title='bbox 1482 726 1739 772; x_wconf 85' lang='lat' dir='ltr'>infirmitas</span> <span class='ocrx_word' id='word_1_51' title='bbox 1758 744 1953 773; x_wconf 85' lang='lat' dir='ltr'>ornnem</span> 
     </span>
     <span class='ocr_line' id='line_1_7' title="bbox 331 804 1950 869; baseline 0.002 -22"><span class='ocrx_word' id='word_1_52' title='bbox 331 804 607 859; x_wconf 77' lang='lat' dir='ltr'>langorem,</span> <span class='ocrx_word' id='word_1_53' title='bbox 635 819 730 859; x_wconf 85' lang='lat' dir='ltr'>quo</span> <span class='ocrx_word' id='word_1_54' title='bbox 755 804 889 860; x_wconf 90' lang='lat' dir='ltr'>prius</span> <span class='ocrx_word' id='word_1_55' title='bbox 913 805 1240 858; x_wconf 73' lang='lat' dir='ltr'>detinebatur,</span> <span class='ocrx_word' id='word_1_56' title='bbox 1267 804 1528 869; x_wconf 75' lang='lat' dir='ltr'>abstulisse</span> <span class='ocrx_word' id='word_1_57' title='bbox 1554 804 1762 848; x_wconf 88' lang='lat' dir='ltr'>videtur.</span> <span class='ocrx_word' id='word_1_58' title='bbox 1787 804 1950 861; x_wconf 85' lang='lat' dir='ltr'>Magr.</span> 
     </span>
     <span class='ocr_line' id='line_1_8' title="bbox 330 879 1952 937; baseline 0 -12"><span class='ocrx_word' id='word_1_59' title='bbox 330 879 580 925; x_wconf 79' lang='lat' dir='ltr'>Oliuerius</span> <span class='ocrx_word' id='word_1_60' title='bbox 605 881 619 904; x_wconf 71' lang='lat'>2</span> <span class='ocrx_word' id='word_1_61' title='bbox 645 880 723 936; x_wconf 88' lang='lat' dir='ltr'>qui</span> <span class='ocrx_word' id='word_1_62' title='bbox 748 891 947 936; x_wconf 87' lang='lat' dir='ltr'>praeest</span> <span class='ocrx_word' id='word_1_63' title='bbox 972 881 1135 937; x_wconf 82' lang='lat' dir='ltr'>quinte</span> <span class='ocrx_word' id='word_1_64' title='bbox 1171 880 1330 934; x_wconf 78' lang='lat' dir='ltr'>classi,</span> <span class='ocrx_word' id='word_1_65' title='bbox 1367 879 1465 935; x_wconf 86' lang='lat' dir='ltr'>jam</span> <span class='ocrx_word' id='word_1_66' title='bbox 1500 880 1803 925; x_wconf 87' lang='lat' dir='ltr'>semiannum</span> <span class='ocrx_word' id='word_1_67' title='bbox 1835 881 1952 926; x_wconf 87' lang='lat' dir='ltr'>inte-</span> 
     </span>
     <span class='ocr_line' id='line_1_9' title="bbox 329 955 1952 1013; baseline 0.002 -14"><span class='ocrx_word' id='word_1_68' title='bbox 329 971 475 1012; x_wconf 77' lang='lat' dir='ltr'>grum</span> <span class='ocrx_word' id='word_1_69' title='bbox 498 955 637 1001; x_wconf 79' lang='lat' dir='ltr'>febre</span> <span class='ocrx_word' id='word_1_70' title='bbox 662 968 904 1012; x_wconf 84' lang='lat' dir='ltr'>quartana</span> <span class='ocrx_word' id='word_1_71' title='bbox 929 956 1191 1005; x_wconf 72' lang='lat' dir='ltr'>laborauit,</span> <span class='ocrx_word' id='word_1_72' title='bbox 1221 956 1356 1000; x_wconf 85' lang='lat' dir='ltr'>cuius</span> <span class='ocrx_word' id='word_1_73' title='bbox 1376 956 1651 1001; x_wconf 87' lang='lat' dir='ltr'>molestiam</span> <span class='ocrx_word' id='word_1_74' title='bbox 1671 965 1770 1001; x_wconf 86' lang='lat' dir='ltr'>tam</span> <span class='ocrx_word' id='word_1_75' title='bbox 1794 972 1952 1013; x_wconf 91' lang='lat' dir='ltr'>aequo</span> 
     </span>
     <span class='ocr_line' id='line_1_10' title="bbox 331 1032 1951 1089; baseline 0.001 -12"><span class='ocrx_word' id='word_1_76' title='bbox 331 1033 493 1077; x_wconf 84' lang='lat' dir='ltr'>animo</span> <span class='ocrx_word' id='word_1_77' title='bbox 518 1034 739 1083; x_wconf 77' lang='lat' dir='ltr'>sustinet,</span> <span class='ocrx_word' id='word_1_78' title='bbox 770 1042 820 1078; x_wconf 83' lang='lat' dir='ltr'>vt</span> <span class='ocrx_word' id='word_1_79' title='bbox 844 1034 906 1078; x_wconf 83' lang='lat' dir='ltr'>nil</span> <span class='ocrx_word' id='word_1_80' title='bbox 932 1033 1076 1078; x_wconf 76' lang='lat' dir='ltr'>officii</span> <span class='ocrx_word' id='word_1_81' title='bbox 1102 1033 1310 1077; x_wconf 86' lang='lat' dir='ltr'>omittat.</span> <span class='ocrx_word' id='word_1_82' title='bbox 1345 1032 1454 1077; x_wconf 86' lang='lat' dir='ltr'>Hoc</span> <span class='ocrx_word' id='word_1_83' title='bbox 1479 1048 1645 1077; x_wconf 87' lang='lat' dir='ltr'>mense</span> <span class='ocrx_word' id='word_1_84' title='bbox 1670 1033 1768 1089; x_wconf 87' lang='lat' dir='ltr'>(qui</span> <span class='ocrx_word' id='word_1_85' title='bbox 1803 1033 1951 1078; x_wconf 87' lang='lat' dir='ltr'>etiam</span> 
     </span>
     <span class='ocr_line' id='line_1_11' title="bbox 330 1108 1952 1165; baseline 0.001 -12"><span class='ocrx_word' id='word_1_86' title='bbox 330 1124 496 1153; x_wconf 88' lang='lat' dir='ltr'>mense</span> <span class='ocrx_word' id='word_1_87' title='bbox 520 1108 812 1165; x_wconf 81' lang='lat' dir='ltr'>Septembre</span> <span class='ocrx_word' id='word_1_88' title='bbox 846 1109 1119 1165; x_wconf 73' lang='lat' dir='ltr'>laboraret)</span> <span class='ocrx_word' id='word_1_89' title='bbox 1155 1110 1319 1165; x_wconf 79' lang='lat' dir='ltr'>Magr.</span> <span class='ocrx_word' id='word_1_90' title='bbox 1357 1109 1602 1153; x_wconf 66' lang='lat' dir='ltr'>Antonius</span> <span class='ocrx_word' id='word_1_91' title='bbox 1632 1110 1663 1161; x_wconf 76' lang='lat'>3,</span> <span class='ocrx_word' id='word_1_92' title='bbox 1699 1110 1777 1165; x_wconf 90' lang='lat' dir='ltr'>qui</span> <span class='ocrx_word' id='word_1_93' title='bbox 1811 1120 1952 1155; x_wconf 82' lang='lat' dir='ltr'>sexte</span> 
     </span>
     <span class='ocr_line' id='line_1_12' title="bbox 328 1185 1952 1242; baseline 0.001 -13"><span class='ocrx_word' id='word_1_94' title='bbox 328 1185 475 1229; x_wconf 78' lang='lat' dir='ltr'>classi</span> <span class='ocrx_word' id='word_1_95' title='bbox 500 1185 784 1241; x_wconf 73' lang='lat' dir='ltr'>praefectus</span> <span class='ocrx_word' id='word_1_96' title='bbox 808 1195 896 1241; x_wconf 81' lang='lat' dir='ltr'>est,</span> <span class='ocrx_word' id='word_1_97' title='bbox 925 1196 1026 1231; x_wconf 85' lang='lat' dir='ltr'>tarn</span> <span class='ocrx_word' id='word_1_98' title='bbox 1051 1186 1277 1242; x_wconf 77' lang='lat' dir='ltr'>grauiter</span> <span class='ocrx_word' id='word_1_99' title='bbox 1302 1185 1550 1230; x_wconf 84' lang='lat' dir='ltr'>laborauit</span> <span class='ocrx_word' id='word_1_100' title='bbox 1576 1195 1628 1230; x_wconf 84' lang='lat' dir='ltr'>vt</span> <span class='ocrx_word' id='word_1_101' title='bbox 1652 1185 1710 1230; x_wconf 88' lang='lat' dir='ltr'>de</span> <span class='ocrx_word' id='word_1_102' title='bbox 1746 1186 1849 1231; x_wconf 88' lang='lat' dir='ltr'>vita</span> <span class='ocrx_word' id='word_1_103' title='bbox 1873 1202 1952 1242; x_wconf 92' lang='lat' dir='ltr'>pe·</span> 
     </span>
     <span class='ocr_line' id='line_1_13' title="bbox 330 1261 1949 1318; baseline 0.001 -12"><span class='ocrx_word' id='word_1_104' title='bbox 330 1261 573 1307; x_wconf 84' lang='lat' dir='ltr'>riclitatus</span> <span class='ocrx_word' id='word_1_105' title='bbox 597 1263 673 1318; x_wconf 86' lang='lat' dir='ltr'>sit;</span> <span class='ocrx_word' id='word_1_106' title='bbox 701 1263 785 1306; x_wconf 91' lang='lat' dir='ltr'>sed</span> <span class='ocrx_word' id='word_1_107' title='bbox 810 1263 1038 1308; x_wconf 87' lang='lat' dir='ltr'>misertus</span> <span class='ocrx_word' id='word_1_108' title='bbox 1062 1263 1218 1307; x_wconf 83' lang='lat' dir='ltr'>nostri</span> <span class='ocrx_word' id='word_1_109' title='bbox 1244 1262 1484 1307; x_wconf 86' lang='lat' dir='ltr'>Dominus</span> <span class='ocrx_word' id='word_1_110' title='bbox 1519 1263 1736 1307; x_wconf 80' lang='lat' dir='ltr'>maxima</span> <span class='ocrx_word' id='word_1_111' title='bbox 1769 1264 1949 1308; x_wconf 84' lang='lat' dir='ltr'>sanita-</span> 
     </span>
     <span class='ocr_line' id='line_1_14' title="bbox 325 1338 1196 1396; baseline 0.002 -14"><span class='ocrx_word' id='word_1_112' title='bbox 325 1338 386 1383; x_wconf 91' lang='lat' dir='ltr'>tis</span> <span class='ocrx_word' id='word_1_113' title='bbox 409 1340 782 1395; x_wconf 79' lang='lat' dir='ltr'>recuperandae</span> <span class='ocrx_word' id='word_1_114' title='bbox 807 1341 981 1396; x_wconf 90' lang='lat' dir='ltr'>prebet</span> <span class='ocrx_word' id='word_1_115' title='bbox 1004 1340 1196 1385; x_wconf 85' lang='lat' dir='ltr'>indicia.</span> 
     </span>
    </p>

    <p class='ocr_par' dir='ltr' id='par_1_3' title="bbox 330 1415 1951 1545">
     <span class='ocr_line' id='line_1_15' title="bbox 385 1415 1951 1472; baseline 0.001 -12"><span class='ocrx_word' id='word_1_116' title='bbox 385 1415 427 1459; x_wconf 76' lang='lat'>3.</span> <span class='ocrx_word' id='word_1_117' title='bbox 494 1415 603 1460; x_wconf 88' lang='lat' dir='ltr'>Hoc</span> <span class='ocrx_word' id='word_1_118' title='bbox 627 1431 756 1460; x_wconf 85' lang='lat' dir='ltr'>anno</span> <span class='ocrx_word' id='word_1_119' title='bbox 781 1431 875 1460; x_wconf 84' lang='lat' dir='ltr'>non</span> <span class='ocrx_word' id='word_1_120' title='bbox 900 1416 1043 1460; x_wconf 90' lang='lat' dir='ltr'>modo</span> <span class='ocrx_word' id='word_1_121' title='bbox 1067 1416 1189 1460; x_wconf 84' lang='lat' dir='ltr'>haec</span> <span class='ocrx_word' id='word_1_122' title='bbox 1214 1416 1388 1460; x_wconf 87' lang='lat' dir='ltr'>ciuitas</span> <span class='ocrx_word' id='word_1_123' title='bbox 1415 1416 1564 1460; x_wconf 77' lang='lat' dir='ltr'>variis</span> <span class='ocrx_word' id='word_1_124' title='bbox 1589 1431 1649 1460; x_wconf 88' lang='lat' dir='ltr'>ac</span> <span class='ocrx_word' id='word_1_125' title='bbox 1674 1417 1867 1472; x_wconf 85' lang='lat' dir='ltr'>magnis</span> <span class='ocrx_word' id='word_1_126' title='bbox 1886 1417 1951 1462; x_wconf 91' lang='lat' dir='ltr'>in-</span> 
     </span>
     <span class='ocr_line' id='line_1_16' title="bbox 330 1491 1950 1545; baseline 0.001 -9"><span class='ocrx_word' id='word_1_127' title='bbox 330 1491 643 1537; x_wconf 72' lang='lat' dir='ltr'>firmitatibus</span> <span class='ocrx_word' id='word_1_128' title='bbox 679 1492 918 1537; x_wconf 85' lang='lat' dir='ltr'>afflictata</span> <span class='ocrx_word' id='word_1_129' title='bbox 953 1492 1059 1545; x_wconf 70' lang='lat' dir='ltr'>fuit,</span> <span class='ocrx_word' id='word_1_130' title='bbox 1086 1507 1261 1536; x_wconf 70' lang='lat' dir='ltr'>verum</span> <span class='ocrx_word' id='word_1_131' title='bbox 1296 1492 1442 1536; x_wconf 79' lang='lat' dir='ltr'>&#39;etiam</span> <span class='ocrx_word' id='word_1_132' title='bbox 1477 1502 1582 1537; x_wconf 84' lang='lat' dir='ltr'>tota</span> <span class='ocrx_word' id='word_1_133' title='bbox 1616 1493 1739 1538; x_wconf 85' lang='lat' dir='ltr'>baec</span> <span class='ocrx_word' id='word_1_134' title='bbox 1763 1494 1950 1538; x_wconf 71' lang='lat' dir='ltr'>Aruer-</span> 
     </span>
    </p>
   </div>
   <div class='ocr_carea' id='block_1_3' title="bbox 326 1568 1949 1625">
    <p class='ocr_par' dir='ltr' id='par_1_4' title="bbox 326 1568 1949 1625">
     <span class='ocr_line' id='line_1_17' title="bbox 326 1568 1949 1625; baseline 0.001 -12"><span class='ocrx_word' id='word_1_135' title='bbox 326 1568 422 1625; x_wconf 72' lang='lat' dir='ltr'>nia:</span> <span class='ocrx_word' id='word_1_136' title='bbox 451 1585 544 1624; x_wconf 91' lang='lat' dir='ltr'>que</span> <span class='ocrx_word' id='word_1_137' title='bbox 569 1569 761 1625; x_wconf 86' lang='lat' dir='ltr'>quidem</span> <span class='ocrx_word' id='word_1_138' title='bbox 788 1584 867 1613; x_wconf 87' lang='lat' dir='ltr'>res</span> <span class='ocrx_word' id='word_1_139' title='bbox 890 1585 986 1613; x_wconf 92' lang='lat' dir='ltr'>non</span> <span class='ocrx_word' id='word_1_140' title='bbox 1012 1584 1185 1625; x_wconf 87' lang='lat' dir='ltr'>parum</span> <span class='ocrx_word' id='word_1_141' title='bbox 1212 1578 1407 1613; x_wconf 82' lang='lat' dir='ltr'>nostros</span> <span class='ocrx_word' id='word_1_142' title='bbox 1434 1569 1631 1614; x_wconf 86' lang='lat' dir='ltr'>labores</span> <span class='ocrx_word' id='word_1_143' title='bbox 1656 1569 1700 1613; x_wconf 92' lang='lat' dir='ltr'>in</span> <span class='ocrx_word' id='word_1_144' title='bbox 1727 1570 1949 1615; x_wconf 88' lang='lat' dir='ltr'>erudien-</span> 
     </span>
    </p>
   </div>
   <div class='ocr_carea' id='block_1_4' title="bbox 327 1644 2016 1702">
    <p class='ocr_par' dir='ltr' id='par_1_5' title="bbox 327 1644 2016 1702">
     <span class='ocr_line' id='line_1_18' title="bbox 327 1644 2016 1702; baseline 0.001 -13"><span class='ocrx_word' id='word_1_145' title='bbox 327 1645 389 1689; x_wconf 86' lang='lat' dir='ltr'>da</span> <span class='ocrx_word' id='word_1_146' title='bbox 411 1644 668 1701; x_wconf 88' lang='lat' dir='ltr'>juuentute</span> <span class='ocrx_word' id='word_1_147' title='bbox 702 1645 915 1701; x_wconf 85' lang='lat' dir='ltr'>quotidie</span> <span class='ocrx_word' id='word_1_148' title='bbox 945 1654 1202 1701; x_wconf 79' lang='lat' dir='ltr'>susceptos</span> <span class='ocrx_word' id='word_1_149' title='bbox 1242 1656 1497 1689; x_wconf 82' lang='lat' dir='ltr'>remorata</span> <span class='ocrx_word' id='word_1_150' title='bbox 1527 1655 1615 1690; x_wconf 89' lang='lat' dir='ltr'>est.</span> <span class='ocrx_word' id='word_1_151' title='bbox 1653 1646 1780 1690; x_wconf 90' lang='lat' dir='ltr'>Nam</span> <span class='ocrx_word' id='word_1_152' title='bbox 1806 1647 1947 1702; x_wconf 89' lang='lat' dir='ltr'>pleri-</span> <span class='ocrx_word' id='word_1_153' title='bbox 2013 1650 2016 1655; x_wconf 83' lang='lat'>&#39;</span> 
     </span>
    </p>
   </div>
   <div class='ocr_carea' id='block_1_5' title="bbox 323 1721 1947 2619">
    <p class='ocr_par' dir='ltr' id='par_1_6' title="bbox 323 1721 1947 2160">
     <span class='ocr_line' id='line_1_19' title="bbox 329 1721 1947 1778; baseline 0.001 -12"><span class='ocrx_word' id='word_1_154' title='bbox 329 1737 421 1777; x_wconf 87' lang='lat' dir='ltr'>que</span> <span class='ocrx_word' id='word_1_155' title='bbox 446 1722 796 1778; x_wconf 87' lang='lat' dir='ltr'>discipulorum</span> <span class='ocrx_word' id='word_1_156' title='bbox 820 1722 929 1766; x_wconf 86' lang='lat' dir='ltr'>hinc</span> <span class='ocrx_word' id='word_1_157' title='bbox 950 1722 1128 1766; x_wconf 86' lang='lat' dir='ltr'>domun</span> <span class='ocrx_word' id='word_1_158' title='bbox 1156 1722 1339 1766; x_wconf 84' lang='lat' dir='ltr'>reuerti</span> <span class='ocrx_word' id='word_1_159' title='bbox 1365 1723 1427 1766; x_wconf 91' lang='lat' dir='ltr'>ob</span> <span class='ocrx_word' id='word_1_160' title='bbox 1445 1721 1730 1778; x_wconf 74' lang='lat' dir='ltr'>frequentes</span> <span class='ocrx_word' id='word_1_161' title='bbox 1753 1722 1947 1768; x_wconf 42' lang='lat' dir='ltr'>infirmi*</span> 
     </span>
     <span class='ocr_line' id='line_1_20' title="bbox 328 1798 1945 1855; baseline 0.002 -13"><span class='ocrx_word' id='word_1_162' title='bbox 328 1808 455 1843; x_wconf 85' lang='lat' dir='ltr'>tates</span> <span class='ocrx_word' id='word_1_163' title='bbox 475 1798 635 1843; x_wconf 87' lang='lat' dir='ltr'>coacti</span> <span class='ocrx_word' id='word_1_164' title='bbox 654 1798 871 1847; x_wconf 76' lang='lat' dir='ltr'>fuerunt:</span> <span class='ocrx_word' id='word_1_165' title='bbox 894 1814 984 1843; x_wconf 87' lang='lat' dir='ltr'>nec</span> <span class='ocrx_word' id='word_1_166' title='bbox 1003 1809 1103 1842; x_wconf 89' lang='lat' dir='ltr'>tam</span> <span class='ocrx_word' id='word_1_167' title='bbox 1123 1798 1382 1854; x_wconf 82' lang='lat' dir='ltr'>diligenter</span> <span class='ocrx_word' id='word_1_168' title='bbox 1402 1799 1447 1843; x_wconf 90' lang='lat' dir='ltr'>id</span> <span class='ocrx_word' id='word_1_169' title='bbox 1463 1814 1643 1844; x_wconf 86' lang='lat' dir='ltr'>curare</span> <span class='ocrx_word' id='word_1_170' title='bbox 1663 1809 1945 1855; x_wconf 80' lang='lat' dir='ltr'>potuerunt,</span> 
     </span>
     <span class='ocr_line' id='line_1_21' title="bbox 328 1875 1945 1931; baseline 0.002 -12"><span class='ocrx_word' id='word_1_171' title='bbox 328 1875 440 1931; x_wconf 88' lang='lat' dir='ltr'>quin</span> <span class='ocrx_word' id='word_1_172' title='bbox 470 1875 605 1919; x_wconf 89' lang='lat' dir='ltr'>multi</span> <span class='ocrx_word' id='word_1_173' title='bbox 642 1875 993 1930; x_wconf 85' lang='lat' dir='ltr'>discipulorum</span> <span class='ocrx_word' id='word_1_174' title='bbox 1027 1875 1083 1919; x_wconf 89' lang='lat' dir='ltr'>iis</span> <span class='ocrx_word' id='word_1_175' title='bbox 1118 1876 1301 1920; x_wconf 82' lang='lat' dir='ltr'>morbis</span> <span class='ocrx_word' id='word_1_176' title='bbox 1336 1875 1631 1921; x_wconf 73' lang='lat' dir='ltr'>affectorum</span> <span class='ocrx_word' id='word_1_177' title='bbox 1668 1892 1693 1921; x_wconf 89' lang='lat' dir='ltr'>e</span> <span class='ocrx_word' id='word_1_178' title='bbox 1726 1877 1829 1922; x_wconf 84' lang='lat' dir='ltr'>vita</span> <span class='ocrx_word' id='word_1_179' title='bbox 1869 1878 1945 1922; x_wconf 93' lang='lat' dir='ltr'>de-</span> 
     </span>
     <span class='ocr_line' id='line_1_22' title="bbox 324 1951 1946 2010; baseline 0.002 -15"><span class='ocrx_word' id='word_1_180' title='bbox 324 1951 479 1996; x_wconf 72' lang='lat' dir='ltr'>functi</span> <span class='ocrx_word' id='word_1_181' title='bbox 503 1951 614 1996; x_wconf 86' lang='lat' dir='ltr'>sint.</span> <span class='ocrx_word' id='word_1_182' title='bbox 643 1951 865 1996; x_wconf 79' lang='lat' dir='ltr'>Necdum</span> <span class='ocrx_word' id='word_1_183' title='bbox 891 1951 972 2006; x_wconf 78' lang='lat' dir='ltr'>&lt;ob</span> <span class='ocrx_word' id='word_1_184' title='bbox 996 1951 1127 1996; x_wconf 83' lang='lat' dir='ltr'>a&#39;eris</span> <span class='ocrx_word' id='word_1_185' title='bbox 1163 1952 1499 2007; x_wconf 85' lang='lat' dir='ltr'>intemperiem</span> <span class='ocrx_word' id='word_1_186' title='bbox 1534 1953 1669 2010; x_wconf 85' lang='lat' dir='ltr'>puto)</span> <span class='ocrx_word' id='word_1_187' title='bbox 1694 1953 1946 1998; x_wconf 85' lang='lat' dir='ltr'>infirmita-</span> 
     </span>
     <span class='ocr_line' id='line_1_23' title="bbox 323 2026 1945 2075; baseline 0.002 -3"><span class='ocrx_word' id='word_1_188' title='bbox 323 2039 398 2073; x_wconf 88' lang='lat' dir='ltr'>tes</span> <span class='ocrx_word' id='word_1_189' title='bbox 422 2028 688 2073; x_wconf 87' lang='lat' dir='ltr'>desierunt.</span> <span class='ocrx_word' id='word_1_190' title='bbox 717 2026 950 2072; x_wconf 86' lang='lat' dir='ltr'>Seruabit</span> <span class='ocrx_word' id='word_1_191' title='bbox 970 2028 1211 2072; x_wconf 86' lang='lat' dir='ltr'>Dominus</span> <span class='ocrx_word' id='word_1_192' title='bbox 1230 2028 1356 2073; x_wconf 82' lang='lat' dir='ltr'>hanc</span> <span class='ocrx_word' id='word_1_193' title='bbox 1376 2028 1622 2074; x_wconf 88' lang='lat' dir='ltr'>minimam</span> <span class='ocrx_word' id='word_1_194' title='bbox 1642 2028 1945 2075; x_wconf 83' lang='lat' dir='ltr'>Societatem</span> 
     </span>
     <span class='ocr_line' id='line_1_24' title="bbox 326 2104 1237 2160; baseline 0 -12"><span class='ocrx_word' id='word_1_195' title='bbox 326 2105 370 2149; x_wconf 92' lang='lat' dir='ltr'>in</span> <span class='ocrx_word' id='word_1_196' title='bbox 396 2104 589 2149; x_wconf 87' lang='lat' dir='ltr'>laudem</span> <span class='ocrx_word' id='word_1_197' title='bbox 614 2115 660 2148; x_wconf 91' lang='lat' dir='ltr'>et</span> <span class='ocrx_word' id='word_1_198' title='bbox 679 2104 892 2160; x_wconf 79' lang='lat' dir='ltr'>gloriam</span> <span class='ocrx_word' id='word_1_199' title='bbox 918 2104 1124 2147; x_wconf 87' lang='lat' dir='ltr'>nominis</span> <span class='ocrx_word' id='word_1_200' title='bbox 1148 2104 1237 2148; x_wconf 85' lang='lat' dir='ltr'>sui.</span> 
     </span>
    </p>

    <p class='ocr_par' dir='ltr' id='par_1_7' title="bbox 323 2180 1947 2542">
     <span class='ocr_line' id='line_1_25' title="bbox 383 2180 1947 2237; baseline 0.001 -12"><span class='ocrx_word' id='word_1_201' title='bbox 383 2182 426 2225; x_wconf 66' lang='lat'>4.</span> <span class='ocrx_word' id='word_1_202' title='bbox 492 2181 688 2225; x_wconf 88' lang='lat' dir='ltr'>Interea</span> <span class='ocrx_word' id='word_1_203' title='bbox 728 2181 953 2224; x_wconf 89' lang='lat' dir='ltr'>dominus</span> <span class='ocrx_word' id='word_1_204' title='bbox 998 2181 1303 2225; x_wconf 83' lang='lat' dir='ltr'>reuerendus</span> <span class='ocrx_word' id='word_1_205' title='bbox 1344 2180 1603 2237; x_wconf 81' lang='lat' dir='ltr'>episcopus</span> <span class='ocrx_word' id='word_1_206' title='bbox 1642 2183 1687 2227; x_wconf 89' lang='lat' dir='ltr'>in</span> <span class='ocrx_word' id='word_1_207' title='bbox 1723 2184 1947 2228; x_wconf 84' lang='lat' dir='ltr'>absentia</span> 
     </span>
     <span class='ocr_line' id='line_1_26' title="bbox 325 2256 1942 2315; baseline 0.001 -13"><span class='ocrx_word' id='word_1_208' title='bbox 325 2257 563 2302; x_wconf 86' lang='lat' dir='ltr'>commisit</span> <span class='ocrx_word' id='word_1_209' title='bbox 594 2256 845 2301; x_wconf 80' lang='lat' dir='ltr'>officiariis</span> <span class='ocrx_word' id='word_1_210' title='bbox 881 2256 979 2301; x_wconf 86' lang='lat' dir='ltr'>suis</span> <span class='ocrx_word' id='word_1_211' title='bbox 1014 2272 1071 2300; x_wconf 88' lang='lat' dir='ltr'>ne</span> <span class='ocrx_word' id='word_1_212' title='bbox 1106 2257 1216 2312; x_wconf 83' lang='lat' dir='ltr'>quid</span> <span class='ocrx_word' id='word_1_213' title='bbox 1254 2272 1419 2302; x_wconf 85' lang='lat' dir='ltr'>rerum</span> <span class='ocrx_word' id='word_1_214' title='bbox 1455 2258 1617 2314; x_wconf 85' lang='lat' dir='ltr'>inopia</span> <span class='ocrx_word' id='word_1_215' title='bbox 1644 2269 1942 2315; x_wconf 75' lang='lat' dir='ltr'>pateremur:</span> 
     </span>
     <span class='ocr_line' id='line_1_27' title="bbox 324 2333 1947 2390; baseline 0.002 -12"><span class='ocrx_word' id='word_1_216' title='bbox 324 2334 405 2390; x_wconf 87' lang='lat' dir='ltr'>qui</span> <span class='ocrx_word' id='word_1_217' title='bbox 444 2333 681 2389; x_wconf 84' lang='lat' dir='ltr'>siquidem</span> <span class='ocrx_word' id='word_1_218' title='bbox 721 2333 900 2388; x_wconf 68' lang='lat' dir='ltr'>omnia,</span> <span class='ocrx_word' id='word_1_219' title='bbox 939 2348 1064 2388; x_wconf 85' lang='lat' dir='ltr'>quae</span> <span class='ocrx_word' id='word_1_220' title='bbox 1102 2333 1388 2378; x_wconf 88' lang='lat' dir='ltr'>necessaria</span> <span class='ocrx_word' id='word_1_221' title='bbox 1429 2347 1537 2378; x_wconf 80' lang='lat' dir='ltr'>sunt</span> <span class='ocrx_word' id='word_1_222' title='bbox 1576 2335 1636 2379; x_wconf 86' lang='lat' dir='ltr'>ad</span> <span class='ocrx_word' id='word_1_223' title='bbox 1678 2336 1860 2381; x_wconf 84' lang='lat' dir='ltr'>victum</span> <span class='ocrx_word' id='word_1_224' title='bbox 1901 2348 1947 2382; x_wconf 91' lang='lat' dir='ltr'>et</span> 
     </span>
     <span class='ocr_line' id='line_1_28' title="bbox 324 2409 1945 2466; baseline 0.002 -11"><span class='ocrx_word' id='word_1_225' title='bbox 324 2411 523 2463; x_wconf 75' lang='lat' dir='ltr'>cultum,</span> <span class='ocrx_word' id='word_1_226' title='bbox 550 2419 778 2466; x_wconf 91' lang='lat' dir='ltr'>prompto</span> <span class='ocrx_word' id='word_1_227' title='bbox 802 2409 1115 2465; x_wconf 86' lang='lat' dir='ltr'>suppeditant</span> <span class='ocrx_word' id='word_1_228' title='bbox 1140 2409 1317 2457; x_wconf 77' lang='lat' dir='ltr'>animo,</span> <span class='ocrx_word' id='word_1_229' title='bbox 1357 2411 1445 2455; x_wconf 84' lang='lat' dir='ltr'>etsi</span> <span class='ocrx_word' id='word_1_230' title='bbox 1470 2411 1563 2455; x_wconf 89' lang='lat' dir='ltr'>hoc</span> <span class='ocrx_word' id='word_1_231' title='bbox 1586 2427 1714 2456; x_wconf 81' lang='lat' dir='ltr'>anno</span> <span class='ocrx_word' id='word_1_232' title='bbox 1749 2428 1945 2458; x_wconf 80' lang='lat' dir='ltr'>annona</span> 
     </span>
     <span class='ocr_line' id='line_1_29' title="bbox 323 2486 1941 2542; baseline 0.002 -11"><span class='ocrx_word' id='word_1_233' title='bbox 323 2488 491 2532; x_wconf 87' lang='lat' dir='ltr'>carior</span> <span class='ocrx_word' id='word_1_234' title='bbox 514 2486 664 2531; x_wconf 77' lang='lat' dir='ltr'>fuerit</span> <span class='ocrx_word' id='word_1_235' title='bbox 687 2487 732 2531; x_wconf 92' lang='lat' dir='ltr'>in</span> <span class='ocrx_word' id='word_1_236' title='bbox 756 2487 850 2530; x_wconf 84' lang='lat' dir='ltr'>hac</span> <span class='ocrx_word' id='word_1_237' title='bbox 869 2486 1073 2542; x_wconf 84' lang='lat' dir='ltr'>regione</span> <span class='ocrx_word' id='word_1_238' title='bbox 1099 2502 1244 2542; x_wconf 88' lang='lat' dir='ltr'>quam</span> <span class='ocrx_word' id='word_1_239' title='bbox 1269 2497 1383 2531; x_wconf 88' lang='lat' dir='ltr'>ante</span> <span class='ocrx_word' id='word_1_240' title='bbox 1418 2502 1598 2532; x_wconf 84' lang='lat' dir='ltr'>annum</span> <span class='ocrx_word' id='word_1_241' title='bbox 1623 2488 1941 2534; x_wconf 57' lang='lat' dir='ltr'>tricesimum.</span> 
     </span>
    </p>

    <p class='ocr_par' dir='ltr' id='par_1_8' title="bbox 379 2561 1945 2619">
     <span class='ocr_line' id='line_1_30' title="bbox 379 2561 1945 2619; baseline 0.001 -11"><span class='ocrx_word' id='word_1_242' title='bbox 379 2565 421 2609; x_wconf 84' lang='lat'>5.</span> <span class='ocrx_word' id='word_1_243' title='bbox 451 2579 454 2582; x_wconf 76' lang='grc'><strong><em>’</em></strong></span> <span class='ocrx_word' id='word_1_244' title='bbox 489 2562 726 2619; x_wconf 83' lang='lat' dir='ltr'>Superest</span> <span class='ocrx_word' id='word_1_245' title='bbox 749 2561 847 2619; x_wconf 86' lang='lat' dir='ltr'>jam</span> <span class='ocrx_word' id='word_1_246' title='bbox 872 2562 1091 2607; x_wconf 86' lang='lat' dir='ltr'>breuiter</span> <span class='ocrx_word' id='word_1_247' title='bbox 1115 2577 1355 2607; x_wconf 86' lang='lat' dir='ltr'>enarrare</span> <span class='ocrx_word' id='word_1_248' title='bbox 1380 2578 1475 2618; x_wconf 89' lang='lat' dir='ltr'>quo</span> <span class='ocrx_word' id='word_1_249' title='bbox 1509 2564 1554 2608; x_wconf 90' lang='lat' dir='ltr'>in</span> <span class='ocrx_word' id='word_1_250' title='bbox 1590 2575 1721 2610; x_wconf 88' lang='lat' dir='ltr'>statu</span> <span class='ocrx_word' id='word_1_251' title='bbox 1746 2565 1841 2610; x_wconf 72' lang='lat' dir='ltr'>sint</span> <span class='ocrx_word' id='word_1_252' title='bbox 1866 2581 1945 2610; x_wconf 89' lang='lat' dir='ltr'>res</span> 
     </span>
    </p>
   </div>
   <div class='ocr_carea' id='block_1_6' title="bbox 319 2763 1945 3166">
    <p class='ocr_par' dir='ltr' id='par_1_9' title="bbox 324 2763 1945 2926">
     <span class='ocr_line' id='line_1_31' title="bbox 372 2763 1945 2813; baseline 0.001 -11"><span class='ocrx_word' id='word_1_253' title='bbox 372 2769 380 2786; x_wconf 82' lang='lat'><strong>¹</strong></span> <span class='ocrx_word' id='word_1_254' title='bbox 433 2766 624 2802; x_wconf 77' lang='lat' dir='ltr'>Nicolaus</span> <span class='ocrx_word' id='word_1_255' title='bbox 650 2765 817 2801; x_wconf 85' lang='lat' dir='ltr'>Lietard</span> <span class='ocrx_word' id='word_1_256' title='bbox 836 2764 1079 2801; x_wconf 84' lang='lat' dir='ltr'>Paradensis</span> <span class='ocrx_word' id='word_1_257' title='bbox 1104 2776 1176 2800; x_wconf 82' lang='lat' dir='ltr'>Seu</span> <span class='ocrx_word' id='word_1_258' title='bbox 1201 2763 1457 2809; x_wconf 84' lang='lat' dir='ltr'>Paredensis,</span> <span class='ocrx_word' id='word_1_259' title='bbox 1486 2767 1673 2803; x_wconf 78' lang='lat' dir='ltr'>sacerdos</span> <span class='ocrx_word' id='word_1_260' title='bbox 1702 2767 1873 2813; x_wconf 75' lang='lat' dir='ltr'>Neapoli</span> <span class='ocrx_word' id='word_1_261' title='bbox 1888 2767 1945 2803; x_wconf 77' lang='lat' dir='ltr'>fa-</span> 
     </span>
     <span class='ocr_line' id='line_1_32' title="bbox 324 2822 1943 2869; baseline 0.001 -8"><span class='ocrx_word' id='word_1_262' title='bbox 324 2832 411 2862; x_wconf 85' lang='lat' dir='ltr'>ctus</span> <span class='ocrx_word' id='word_1_263' title='bbox 430 2838 533 2861; x_wconf 85' lang='lat' dir='ltr'>anno</span> <span class='ocrx_word' id='word_1_264' title='bbox 556 2824 646 2860; x_wconf 73' lang='lat'>1553</span> <span class='ocrx_word' id='word_1_265' title='bbox 664 2825 736 2860; x_wconf 84' lang='lat' dir='ltr'>sub</span> <span class='ocrx_word' id='word_1_266' title='bbox 756 2829 911 2860; x_wconf 85' lang='lat' dir='ltr'>rectore</span> <span class='ocrx_word' id='word_1_267' title='bbox 931 2822 1184 2860; x_wconf 86' lang='lat' dir='ltr'>Salmerone.</span> <span class='ocrx_word' id='word_1_268' title='bbox 1206 2822 1439 2866; x_wconf 67' lang='lat' dir='ltr'>POLANCUs,</span> <span class='ocrx_word' id='word_1_269' title='bbox 1464 2824 1631 2865; x_wconf 55' lang='lat' dir='ltr'>Cliton„</span> <span class='ocrx_word' id='word_1_270' title='bbox 1652 2825 1720 2869; x_wconf 82' lang='grc' dir='ltr'>ΙΙΙ,</span> <span class='ocrx_word' id='word_1_271' title='bbox 1741 2826 1817 2862; x_wconf 81' lang='lat'>170.</span> <span class='ocrx_word' id='word_1_272' title='bbox 1840 2826 1943 2862; x_wconf 80' lang='lat' dir='ltr'>Fou-</span> 
     </span>
     <span class='ocr_line' id='line_1_33' title="bbox 324 2883 811 2926; baseline 0.004 -9"><span class='ocrx_word' id='word_1_273' title='bbox 324 2894 509 2926; x_wconf 77' lang='lat' dir='ltr'>QUERAY,</span> <span class='ocrx_word' id='word_1_274' title='bbox 531 2885 605 2920; x_wconf 82' lang='lat' dir='ltr'>loe.</span> <span class='ocrx_word' id='word_1_275' title='bbox 628 2884 709 2924; x_wconf 64' lang='lat' dir='ltr'>cit,</span> <span class='ocrx_word' id='word_1_276' title='bbox 733 2883 811 2919; x_wconf 71' lang='lat'>185.</span> 
     </span>
    </p>

    <p class='ocr_par' dir='ltr' id='par_1_10' title="bbox 320 2940 1939 3039">
     <span class='ocr_line' id='line_1_34' title="bbox 369 2940 1939 2988; baseline 0.001 -10"><span class='ocrx_word' id='word_1_277' title='bbox 369 2944 381 2962; x_wconf 87' lang='lat'>‘-’</span> <span class='ocrx_word' id='word_1_278' title='bbox 433 2942 637 2979; x_wconf 84' lang='lat' dir='ltr'>Oliverius</span> <span class='ocrx_word' id='word_1_279' title='bbox 658 2943 708 2978; x_wconf 90' lang='lat' dir='ltr'>du</span> <span class='ocrx_word' id='word_1_280' title='bbox 730 2943 890 2984; x_wconf 74' lang='lat' dir='ltr'>Hamel,</span> <span class='ocrx_word' id='word_1_281' title='bbox 919 2941 1090 2988; x_wconf 85' lang='lat' dir='ltr'>optimus</span> <span class='ocrx_word' id='word_1_282' title='bbox 1115 2940 1258 2976; x_wconf 84' lang='lat' dir='ltr'>deinde</span> <span class='ocrx_word' id='word_1_283' title='bbox 1287 2942 1573 2980; x_wconf 83' lang='lat' dir='ltr'>missionarius.</span> <span class='ocrx_word' id='word_1_284' title='bbox 1605 2944 1879 2987; x_wconf 67' lang='lat' dir='ltr'>FOUQUERAY,</span> <span class='ocrx_word' id='word_1_285' title='bbox 1910 2944 1939 2987; x_wconf 81' lang='lat' dir='ltr'>I,</span> 
     </span>
     <span class='ocr_line' id='line_1_35' title="bbox 320 3002 402 3039; baseline 0.012 -1"><span class='ocrx_word' id='word_1_286' title='bbox 320 3002 402 3039; x_wconf 72' lang='lat'>552.</span> 
     </span>
    </p>

    <p class='ocr_par' dir='ltr' id='par_1_11' title="bbox 319 3058 1943 3166">
     <span class='ocr_line' id='line_1_36' title="bbox 368 3058 1943 3107; baseline 0.002 -11"><span class='ocrx_word' id='word_1_287' title='bbox 368 3063 380 3081; x_wconf 84' lang='lat'>³</span> <span class='ocrx_word' id='word_1_288' title='bbox 431 3061 635 3097; x_wconf 79' lang='lat' dir='ltr'>Antonius</span> <span class='ocrx_word' id='word_1_289' title='bbox 655 3060 855 3105; x_wconf 76' lang='lat' dir='ltr'>Monachi,</span> <span class='ocrx_word' id='word_1_290' title='bbox 877 3060 944 3106; x_wconf 86' lang='lat' dir='ltr'>qui</span> <span class='ocrx_word' id='word_1_291' title='bbox 971 3059 1133 3095; x_wconf 75' lang='lat' dir='ltr'>tandem</span> <span class='ocrx_word' id='word_1_292' title='bbox 1161 3058 1256 3094; x_wconf 85' lang='lat' dir='ltr'>obiit</span> <span class='ocrx_word' id='word_1_293' title='bbox 1280 3059 1391 3096; x_wconf 90' lang='lat' dir='ltr'>initio</span> <span class='ocrx_word' id='word_1_294' title='bbox 1419 3063 1624 3107; x_wconf 87' lang='lat' dir='ltr'>sequentis</span> <span class='ocrx_word' id='word_1_295' title='bbox 1655 3062 1761 3099; x_wconf 84' lang='lat' dir='ltr'>anni.</span> <span class='ocrx_word' id='word_1_296' title='bbox 1793 3061 1855 3099; x_wconf 82' lang='lat' dir='ltr'>Cf.</span> <span class='ocrx_word' id='word_1_297' title='bbox 1887 3063 1943 3098; x_wconf 86' lang='lat' dir='ltr'>in-</span> 
     </span>
     <span class='ocr_line' id='line_1_37' title="bbox 319 3111 1674 3166; baseline -0.003 -8"><span class='ocrx_word' id='word_1_298' title='bbox 319 3121 443 3158; x_wconf 80' lang='lat' dir='ltr'>ferius</span> <span class='ocrx_word' id='word_1_299' title='bbox 463 3120 577 3166; x_wconf 87' lang='lat' dir='ltr'>epist.</span> <span class='ocrx_word' id='word_1_300' title='bbox 599 3120 644 3155; x_wconf 84' lang='lat' dir='ltr'>P.</span> <span class='ocrx_word' id='word_1_301' title='bbox 668 3119 895 3166; x_wconf 75' lang='lat' dir='ltr'>Clayssonii</span> <span class='ocrx_word' id='word_1_302' title='bbox 914 3119 937 3155; x_wconf 76' lang='grc' dir='ltr'>Ξ)</span> <span class='ocrx_word' id='word_1_303' title='bbox 955 3117 1165 3154; x_wconf 83' lang='lat' dir='ltr'>Februarii</span> <span class='ocrx_word' id='word_1_304' title='bbox 1186 3118 1277 3154; x_wconf 79' lang='lat'>1558</span> <span class='ocrx_word' id='word_1_305' title='bbox 1294 3118 1441 3157; x_wconf 84' lang='lat' dir='ltr'>datam.</span> <span class='ocrx_word' id='word_1_306' title='bbox 1671 3111 1674 3113; x_wconf 17' lang='grc' dir='ltr'><strong>Α</strong></span> 
     </span>
    </p>
   </div>
   <div class='ocr_carea' id='block_1_7' title="bbox 2036 2214 2051 2637">
    <p class='ocr_par' dir='ltr' id='par_1_12' title="bbox 2036 2214 2051 2637">
     <span class='ocr_line' id='line_1_38' title="bbox 2036 2214 2051 2637; textangle 90"><span class='ocrx_word' id='word_1_307' title='bbox 2042 2611 2051 2637; x_wconf 67' lang='lat' dir='ltr'>s.</span> <span class='ocrx_word' id='word_1_308' title='bbox 2036 2350 2051 2590; x_wconf 50' lang='lat' dir='ltr'>hml&amp;;*„——s</span> <span class='ocrx_word' id='word_1_309' title='bbox 2038 2323 2040 2326; x_wconf 92' lang='lat'>&#39;</span> <span class='ocrx_word' id='word_1_310' title='bbox 2038 2279 2045 2297; x_wconf 49' lang='lat'>“⁸</span> <span class='ocrx_word' id='word_1_311' title='bbox 2039 2214 2043 2228; x_wconf 78' lang='grc'><strong>”</strong></span> 
     </span>
    </p>
   </div>
  </div>
 </body>
</html>
