2051 3516
298 300 368 336 576
770 300 985 337 LITTERAE
1013 302 1048 346 Q
1055 312 1103 337 UA
1112 312 1162 337 DR
1169 312 1365 337 lMESTRES

253 395 497 439 ralissime
532 395 671 440 nobis
706 405 780 440 est
814 396 1069 452 elargitus.
1109 396 1272 452 Quam
1306 396 1527 452 plurimis
1562 396 1878 442 diuersarum

253 470 571 515 scimtiarum
611 486 670 515 ac
709 471 988 528 linguarum
1031 472 1189 528 libris,
1232 481 1380 529 atque
1414 472 1486 516 his
1524 472 1873 529 selectissimiS,

251 562 360 592 esse
385 546 622 592 refertam
658 547 787 592 nulli
819 550 994 594 uenire
1034 551 1083 594 in
1121 548 1332 593 dubium
1367 548 1523 593 dehet.
1567 548 1707 606 Quid
1742 549 1879 606 quod

251 637 313 667 ea
336 630 353 649 ²¹
386 623 497 667 talis
528 632 618 679 est,
656 632 707 668 ut
742 623 945 670 similem
980 625 1044 670 illi
1080 640 1137 669 ac
1173 640 1343 680 parem
1379 625 1426 669 in
1460 633 1565 670 tota
1600 624 1875 670 Germania

251 699 471 743 inuenire
497 703 588 743 (mi
608 698 627 725 b
653 698 989 746 difficillimum
1014 702 1094 757 sit,
1123 704 1215 745 ant
1232 705 1452 756 prorsus
1475 701 1804 757 impossibile.

308 780 351 820 δ’.
414 775 540 820 Cum
560 775 887 831 grauissimus
909 777 1103 833 quidam
1125 777 1200 820 uir
1221 776 1361 821 nobis
1381 777 1724 833 deditissimus,
1749 777 1874 833 prin-

251 852 341 907 cipi
367 867 560 908 quoque
584 861 754 896 nostro
779 852 992 909 intimus,
1019 853 1206 898 fratres
1229 861 1428 897 nostros
1452 853 1514 897 ab
1538 853 1793 898 haeretico
1816 860 1832 880 ⁰
1860 855 1872 877 ¹

257 929 519 985 Fernandi,
568 929 701 985 regis
746 929 962 986 piissimi,
1010 929 1123 983 filio,
1166 940 1306 985 patre
1345 930 1549 974 absente
1589 929 1873 985 (Francfor—

250 1005 378 1050 diam
405 1006 529 1050 enim
554 1005 898 1050 Ferdinandus
922 1021 1011 1051 rex
1035 1021 1086 1050 se
1112 1007 1404 1059 contulerat,
1433 1005 1511 1050 ubi
1547 1005 1606 1050 de
1640 1006 1753 1050 noui
1790 1006 1874 1050 im-

249 1083 496 1139 peratoris
538 1082 778 1127 electione
823 1084 1070 1138 agendum
1115 1084 1260 1138 erat),
1298 1081 1496 1127 Vienna
1536 1082 1869 1128 extrudendos

247 1159 358 1204 fore
382 1159 577 1203 omnino
602 1159 954 1215 arbitraretur,
982 1160 1143 1204 locum
1179 1158 1223 1202 in
1261 1158 1480 1209 Bauaria
1515 1174 1608 1214 quo
1633 1159 1787 1203 nostri
1813 1158 1870 1215 (si

249 1235 294 1280 id
326 1236 595 1292 accideret>
631 1251 682 1280 se
717 1246 916 1291 possent
950 1237 1189 1292 recipere,
1226 1235 1456 1291 principis
1490 1236 1644 1280 nostri
1678 1235 1872 1280 nomine

249 1312 390 1357 nobis
414 1312 603 1357 obtulit.
646 1312 724 1357 Ex
756 1312 938 1369 quibus
964 1313 1251 1357 maximam
1287 1325 1415 1368 erga
1450 1325 1542 1356 1203
1576 1312 1871 1356 beneuolen-

247 1390 378 1434 tiam
418 1403 477 1433 ac
516 1388 873 1434 liberalitatem
912 1389 1167 1445 principis
1200 1388 1356 1433 liuius
1390 1388 1629 1444 colligere
1663 1402 1762 1432 non
1799 1392 1876 1432 est

248 1466 484 1523 dzsficilej
523 1465 582 1510 ob
616 1479 772 1523 qnam
807 1479 907 1510 noti
942 1466 1215 1510 minimam
1249 1464 1545 1509 animormn
1580 1468 1872 1509 nostrorum

251 1543 303 1587 in
337 1557 391 1587 se
424 1543 800 1587 devinctionem
835 1542 1177 1598 comparauit.
1206 1541 1281 1585 De
1306 1540 1544 1597 collegiis,
1573 1557 1697 1597 quae
1722 1542 1870 1586 uellet

248 1619 522 1675 instituere,
549 1629 709 1670 taceo;
738 1635 847 1663 cum
884 1619 946 1663 ob
980 1618 1327 1675 operariorum
1353 1618 1608 1673 penuriam
1645 1617 1748 1662 eius
1782 1633 1864 1662 uo-

247 1696 420 1741 luntati
446 1711 633 1740 morem
657 1711 837 1752 gerere
862 1711 955 1740 non
982 1697 1251 1740 ualeamus.

304 1774 346 1818 9.
414 1773 523 1817 Non
549 1782 680 1818 esset
705 1773 817 1817 mihi
842 1772 1037 1829 longius
1061 1771 1496 1828 progrediendum:
1524 1771 1607 1816 sed
1639 1771 1866 1826 quoniam

245 1849 489 1905 quaedam
513 1849 673 1894 adhuc
692 1849 891 1905 cognitu
916 1865 1010 1893 non
1037 1849 1235 1904 indigna
1256 1848 1461 1893 dicenda
1486 1856 1764 1904 supersunt,
1789 1848 1868 1892 illa

244 1927 463 1971 breuiter
501 1926 744 1971 indicabo.
788 1925 939 1970 Pater
977 1935 1147 1970 noster
1186 1924 1416 1970 Canisius
1456 1924 1593 1969 breui
1633 1924 1870 1979 temporis

244 2003 404 2058 spatio
438 2003 633 2058 saepius
668 2002 729 2047 ad
755 2018 842 2047 nos
867 2002 1026 2053 rediit,
1054 2011 1200 2058 atque
1230 2013 1330 2046 tam
1364 2016 1515 2057 saepe
1539 2000 1632 2046 huc
1657 2000 1866 2056 illucque

245 2079 495 2136 discurrit,
523 2090 573 2124 ut
597 2094 845 2135 nunquam
870 2077 976 2123 fere
1001 2078 1045 2122 in
1082 2078 1242 2134 quiete
1277 2078 1339 2122 sit
1372 2077 1572 2133 positus
1611 2075 1869 2132 Uigesima

244 2166 386 2201 sexta
411 2155 561 2212 igitur
591 2155 815 2215 Januarii
846 2154 1124 2211 Argentina
1158 2154 1219 2199 ad
1255 2170 1344 2198 nos
1381 2153 1539 2209 rediit,
1576 2152 1870 2198 necessariis

245 2232 470 2277 omnibus
500 2232 563 2277 ab
590 2231 1024 2288 argentinensibus
1057 2231 1307 2275 canonicis
1340 2230 1404 2274 illi
1437 2230 1499 2274 ad
1523 2230 1616 2274 iter
1640 2228 1868 2274 submini-

243 2309 428 2363 stratis,
481 2324 540 2354 ac
588 2309 794 2353 honesto
838 2308 1099 2353 sacerdote
1144 2307 1207 2352 illi
1252 2307 1297 2351 in
1343 2307 1570 2352 comitem
1615 2307 1864 2362 adiuncto;

243 2385 632 2441 quamplurimas
657 2394 821 2430 autem
848 2384 957 2429 inde
981 2394 1266 2429 sanctorum
1292 2383 1525 2439 reliquias
1544 2383 1605 2427 ad
1631 2384 1865 2438 templum

241 2471 465 2507 nostrum
490 2462 829 2507 exornandum
855 2462 1032 2516 attulit,
1069 2460 1130 2505 ad
1172 2476 1292 2516 quas
1328 2460 1466 2516 operi
1500 2459 1696 2505 affabre
1730 2460 1865 2504 facto

289 2658 305 2677 ὃ
373 2650 656 2687 constatlmo.
711 2649 776 2676 -b
823 2649 885 2685 sit.
942 2655 1001 2675 -Ο
1038 2647 1372 2684 aMaximiliano.

240 2812 320 2855 4?st
343 2825 420 2858 quo
444 2812 481 2847 in
511 2813 610 2853 loco,
645 2816 687 2846 ut
714 2816 854 2846 auctor
880 2809 929 2846 ad
960 2822 1031 2845 nos
1062 2808 1234 2854 scripsit,
1268 2820 1338 2854 pro
1367 2807 1599 2852 <1506-1575)
1629 2808 1713 2854 legi
1743 2808 1863 2844 debet

241 2870 487 2914 ‹1506-1557).
511 2870 570 2906 De
598 2870 687 2906 aliis
713 2870 826 2905 libris
844 2868 1018 2915 collegio
1049 2867 1355 2914 ingolstadiensi
1383 2867 1538 2903 donatis
1566 2866 1657 2903 vide
1683 2866 1790 2907 ibid„
1812 2866 1861 2908 II,

239 2930 305 2966 901
327 2943 415 2976 sqq.

289 2996 298 3014 ¹
352 2993 415 3031 Cf.
435 2994 791 3035 BRAUNSBERGER,
812 2994 886 3029 loc.
908 2993 989 3032 cit.,
1014 2991 1176 3028 193-196.
1195 2990 1384 3028 Canisius
1398 2991 1439 3026 in
1453 2991 1524 3026 illa
1539 2990 1711 3037 epistola
1728 3002 1863 3036 «aper-

239 3062 319 3090 tam
339 3066 444 3089 nunc
470 3053 739 3099 impietatem»
771 3051 1039 3089 Maximiliani
1067 3056 1277 3087 memorat.
1309 3049 1382 3086 Est
1409 3056 1544 3086 autem
1573 3050 1743 3096 epistola
1770 3050 1862 3085 data

236 3113 499 3159 Ingolstadio.
521 3112 583 3149 die
603 3113 625 3148 3
643 3112 859 3148 Februarii
880 3111 985 3147 1558.
