2051 3516
405 282 475 321 932
868 281 1084 322 LITTERAE
1112 282 1464 330 QUADRIMEs'rREs

361 380 429 435 pit
452 378 606 434 spolia
630 378 852 434 capitalis
877 388 1078 425 nostrae
1101 380 1272 426 salutis
1295 380 1463 437 hostis,
1501 390 1722 427 tractare
1755 391 1803 427 et
1832 397 1975 427 exco-

359 456 461 500 lere
484 454 664 500 norint.

447 530 588 576 Haec
610 539 736 587 sunt,
762 531 824 576 mi
848 531 908 577 R.
935 531 1009 588 P.‚
1036 547 1132 578 non
1151 542 1253 578 tam
1273 548 1455 590 magna
1473 548 1644 589 opera,
1666 549 1811 590 quam
1831 549 1976 578 cona-

358 616 437 653 tus
460 616 507 653 et
530 607 611 664 pia
634 607 879 653 desideria
903 617 1099 654 tuorum
1122 609 1364 655 inutilium
1387 625 1666 666 seruorum,
1694 625 1820 666 quae
1843 609 1901 654 T.
1921 609 1974 656 P.

360 684 620 730 scribenda
639 684 881 741 duximus,
907 700 1033 741 quae
1058 695 1173 732 tuae
1191 687 1504 742 paternitatis
1527 693 1543 713 ³
1568 687 1788 732 charitas
1812 686 1912 732 suis
1931 695 1978 731 et

361 760 575 806 omnium
611 760 815 806 Patrum
853 770 902 807 et
934 761 1147 808 fratrum
1177 763 1482 809 orationibus
1518 778 1754 819 rogamus
1786 777 1978 819 promo-

360 846 491 893 ueat,
518 847 566 883 et
590 836 800 882 fidelium
829 839 1175 895 operariorum
1211 839 1427 885 aduentu
1461 855 1550 885 nos
1584 839 1872 885 anhelantes
1904 855 1978 884 su-

360 923 557 970 stentet,
595 913 673 970 qui
707 914 923 971 aliquam
958 931 1116 972 opem,
1153 916 1351 973 aliquod
1386 916 1404 943 b
1438 917 1657 962 solamen
1691 925 1763 962 tot
1797 915 1981 961 Christi

362 991 639 1047 animabus,
660 992 945 1048 parentibus
964 1002 1242 1049 apportent.
1265 991 1447 1039 Seruet
1465 1005 1600 1039 tuam
1621 993 1980 1039 paternitatem

362 1067 425 1113 ad
448 1083 589 1114 suam
612 1068 826 1125 gloriam
852 1069 931 1114 diu
953 1070 1094 1115 nobis
1116 1069 1268 1115 XruS.
1297 1070 1607 1116 incolumem.
1648 1069 1814 1126 Praga
1852 1068 1978 1123 1558,

364 1144 554 1190 decimo
577 1156 718 1190 sexto
743 1146 866 1191 cale.
892 1145 1134 1203 Januarii.
1166 1145 1273 1204 [sic]

451 1220 592 1266 Tuus
614 1220 843 1278 indignus
866 1237 1060 1278 seruus,

1126 1299 1411 1346 GERARDUS
1444 1300 1741 1346 WERTENUS
1773 1301 1804 1346 ¹.

450 1390 741 1448 Inscriptio.
768 1397 796 1446 †
819 1392 945 1439 Rdo.
972 1393 1017 1438 in
1043 1393 1193 1440 Chro.
1222 1394 1357 1440 Patri
1381 1394 1510 1450 Mg.⁰
1542 1394 1733 1454 Jacobo
1767 1393 1980 1450 Laynes,

365 1465 630 1513 Societatis
652 1468 770 1528 jesu
793 1468 919 1515 Rdo.
948 1469 1084 1515 Patri
1111 1471 1298 1516 vicario
1322 1470 1544 1526 generali
1565 1471 1610 1516 in
1630 1471 1799 1527 primis
1818 1471 1983 1515 obser-

365 1544 543 1591 uando.
569 1544 776 1592 Romae.

455 1621 632 1679 Sigilli
652 1623 947 1681 vestigium.

1157 1808 1212 1859 II

435 1926 782 1975 NICOLAUS
816 1920 1132 1988 GRACiDA
1166 1931 1218 1976 Ρ.
1258 1927 1668 1977 EMMANUELI
1702 1930 1921 1976 LOPEZ

801 2034 1053 2062 CONIMBRICA
1083 2026 1125 2061 14
1150 2035 1381 2062 FEBRUARII
1410 2025 1501 2062 1558
1528 2026 1552 2062 ².

372 2106 402 2141 1.
437 2104 659 2151 Epistolae
691 2107 907 2144 ratio—2.
941 2107 1252 2153 Magistrorum
1280 2109 1658 2145 mutationes—3.
1680 2107 1990 2153 Philosophiae

443 2175 621 2201 cursum
639 2166 692 2202 P.
714 2166 902 2203 Fonseca
932 2177 1095 2213 magna
1123 2169 1323 2204 omnium
1351 2169 1643 2214 expectatione
1669 2171 1707 2204 et
1732 2166 1987 2203 auditorum

442 2227 696 2274 frequentia
723 2227 1080 2272 auspicatur-4.
1104 2226 1417 2272 Magistrorztm
1437 2230 1635 2270 conatas,·
1652 2226 1986 2271 discipulorum,

441 2288 677 2334 praecipue
695 2287 1002 2331 convictorum,
1025 2287 1070 2322 in
1089 2286 1326 2323 virtutihus
1345 2290 1384 2324 et
1414 2289 1458 2324 iu
1488 2287 1642 2323 litteris
1665 2291 1988 2332 progressas.—

444 2347 479 2383 5.
516 2346 666 2383 Nostri
697 2346 902 2390 magistri
932 2347 978 2382 in
1013 2347 1334 2383 examinatores
1369 2346 1684 2383 admittuntur.
1704 2344 1802 2380 —6.
1843 2344 1989 2381 Oratio

444 2405 495 2443 P.
525 2405 792 2451 Perpinz'am‘
816 2406 861 2441 in
888 2405 1093 2441 honorem
1113 2405 1263 2441 beatae
1282 2405 1503 2443 Elisabeth
1524 2404 1864 2450 reginae-742.
1900 2403 1990 2439 Sol-

422 2567 439 2587 a
484 2559 662 2606 paternis
681 2569 760 2595 ms.
816 2558 881 2586 ——b
913 2558 1050 2605 aliqud
1069 2569 1151 2595 ms.

424 2722 434 2740 ¹
486 2719 695 2767 Superius,
717 2732 810 2766 pag.
831 2718 914 2761 525,
936 2722 1069 2755 annot.
1089 2716 1125 2754 2.

424 2779 437 2798 ²
487 2778 549 2815 Ex
568 2778 755 2825 originali
774 2778 814 2814 in
839 2778 974 2815 codice
1011 2777 1140 2814 Varia
1168 2775 1380 2820 Historia,
1408 2776 1459 2819 ΙΙ,
1488 2775 1531 2813 ff.
1559 2775 1657 2812 8-15.
1686 2775 1805 2811 Initio
1831 2774 1989 2821 quidem

379 2838 574 2884 epistolae
601 2838 701 2874 haec
727 2838 866 2874 notula
893 2850 914 2873 a
943 2837 1159 2873 collectore
1186 2835 1314 2881 posita
1342 2839 1414 2871 est:
1445 2833 1574 2882 Copia
1594 2834 1643 2870 de
1662 2835 1779 2880 larga
1797 2837 1908 2869 carta
1927 2833 1991 2870 del

379 2897 510 2933 Padre
529 2896 693 2933 Nicolas
712 2895 905 2939 Gracida,
926 2895 975 2931 de
995 2893 1185 2931 Coimbra
1205 2906 1228 2929 a
1249 2893 1291 2929 14
1309 2893 1357 2930 de
1377 2893 1559 2930 Febrero
1580 2892 1681 2929 1558.
1704 2892 1805 2928 Dice
1825 2892 1864 2928 el
1890 2903 1991 2938 gran

381 2955 508 2992 fructo
527 2968 603 3002 que
624 2968 673 2991 en
701 2956 739 2991 el
766 2956 912 3002 Reyno
939 2955 987 2990 de
1015 2953 1212 2999 Portugal
1239 2953 1354 2989 hacia
1381 2954 1420 2988 la
1448 2952 1672 2998 Compafii'a
1699 2952 1747 2988 de
1774 2950 1906 2997 Jeslis.
1934 2950 1991 2986 Al

382 3015 424 3051 P.
444 3016 593 3050 Rcctor
609 3015 656 3050 de
674 3014 858 3054 Alcala»2
876 3014 944 3049 sed
961 3013 1151 3050 attentius
1166 3011 1449 3055 consideranti,
1468 3024 1517 3048 ex
1531 3010 1835 3056 subscriptione,
1858 3009 1992 3045 inscri—

382 3074 514 3120 ptione
536 3083 573 3108 et
596 3073 776 3109 loliorum
798 3072 1003 3119 plicaturis
1026 3071 1180 3107 videtur
1199 3083 1287 3106 esse
1305 3071 1391 3116 ipsa
1409 3070 1620 3116 originalis
1640 3070 1822 3115 epistola.
