<?xml version="1.0" encoding="UTF-8"?>
<!DOCTYPE html PUBLIC "-//W3C//DTD XHTML 1.0 Transitional//EN"
    "http://www.w3.org/TR/xhtml1/DTD/xhtml1-transitional.dtd">
<html xmlns="http://www.w3.org/1999/xhtml" xml:lang="en" lang="en">
 <head>
  <title>
</title>
<meta http-equiv="Content-Type" content="text/html;charset=utf-8" />
  <meta name='ocr-system' content='tesseract 3.04.00' />
  <meta name='ocr-capabilities' content='ocr_page ocr_carea ocr_par ocr_line ocrx_word'/>
</head>
<body>
  <div class='ocr_page' id='page_1' title='image "./litteraequadrime17lain_0718.png"; bbox 0 0 2051 3516; ppageno 0'>
   <div class='ocr_carea' id='block_1_1' title="bbox 302 319 1366 365">
    <p class='ocr_par' dir='ltr' id='par_1_1' title="bbox 302 319 1366 365">
     <span class='ocr_line' id='line_1_1' title="bbox 302 319 1366 365; baseline -0.001 -8"><span class='ocrx_word' id='word_1_1' title='bbox 302 319 372 357; x_wconf 75' lang='lat'>682</span> <span class='ocrx_word' id='word_1_2' title='bbox 767 321 863 357; x_wconf 75' lang='lat' dir='ltr'>Lm</span> <span class='ocrx_word' id='word_1_3' title='bbox 872 331 985 357; x_wconf 69' lang='lat' dir='ltr'><strong>ERAE</strong></span> <span class='ocrx_word' id='word_1_4' title='bbox 1012 321 1366 365; x_wconf 80' lang='lat' dir='ltr'><strong>QUADRIMESTRES</strong></span> 
     </span>
    </p>
   </div>
   <div class='ocr_carea' id='block_1_2' title="bbox 246 414 1919 2849">
    <p class='ocr_par' dir='ltr' id='par_1_2' title="bbox 251 414 1875 1464">
     <span class='ocr_line' id='line_1_2' title="bbox 257 414 1873 474; baseline 0.002 -15"><span class='ocrx_word' id='word_1_5' title='bbox 257 430 348 471; x_wconf 87' lang='lat' dir='ltr'>que</span> <span class='ocrx_word' id='word_1_6' title='bbox 372 414 434 459; x_wconf 92' lang='lat' dir='ltr'>ad</span> <span class='ocrx_word' id='word_1_7' title='bbox 458 430 546 459; x_wconf 89' lang='lat' dir='ltr'>nos</span> <span class='ocrx_word' id='word_1_8' title='bbox 572 414 729 459; x_wconf 88' lang='lat' dir='ltr'>missis</span> <span class='ocrx_word' id='word_1_9' title='bbox 753 416 906 471; x_wconf 88' lang='lat' dir='ltr'>plenis</span> <span class='ocrx_word' id='word_1_10' title='bbox 926 416 1300 461; x_wconf 86' lang='lat' dir='ltr'>beneuolentiae</span> <span class='ocrx_word' id='word_1_11' title='bbox 1324 426 1372 461; x_wconf 93' lang='lat' dir='ltr'>et</span> <span class='ocrx_word' id='word_1_12' title='bbox 1395 417 1659 471; x_wconf 84' lang='lat' dir='ltr'>comitatis,</span> <span class='ocrx_word' id='word_1_13' title='bbox 1682 433 1771 474; x_wconf 88' lang='lat' dir='ltr'>pro</span> <span class='ocrx_word' id='word_1_14' title='bbox 1790 418 1873 462; x_wconf 83' lang='lat' dir='ltr'>ali-</span> 
     </span>
     <span class='ocr_line' id='line_1_3' title="bbox 255 491 1873 548; baseline 0.002 -12"><span class='ocrx_word' id='word_1_15' title='bbox 255 507 349 548; x_wconf 86' lang='lat' dir='ltr'>quo</span> <span class='ocrx_word' id='word_1_16' title='bbox 374 491 610 547; x_wconf 91' lang='lat' dir='ltr'>principio</span> <span class='ocrx_word' id='word_1_17' title='bbox 635 492 885 548; x_wconf 88' lang='lat' dir='ltr'>amplioris</span> <span class='ocrx_word' id='word_1_18' title='bbox 909 501 1180 548; x_wconf 77' lang='lat' dir='ltr'>conceptae</span> <span class='ocrx_word' id='word_1_19' title='bbox 1205 493 1321 548; x_wconf 89' lang='lat' dir='ltr'>spei,</span> <span class='ocrx_word' id='word_1_20' title='bbox 1346 494 1468 538; x_wconf 92' lang='lat' dir='ltr'>duos</span> <span class='ocrx_word' id='word_1_21' title='bbox 1493 493 1873 539; x_wconf 79' lang='lat' dir='ltr'>concionatores</span> 
     </span>
     <span class='ocr_line' id='line_1_4' title="bbox 257 568 1873 625; baseline 0.001 -12"><span class='ocrx_word' id='word_1_22' title='bbox 257 584 318 613; x_wconf 88' lang='lat' dir='ltr'>ex</span> <span class='ocrx_word' id='word_1_23' title='bbox 342 568 524 613; x_wconf 87' lang='lat' dir='ltr'>nostris</span> <span class='ocrx_word' id='word_1_24' title='bbox 554 569 873 614; x_wconf 84' lang='lat' dir='ltr'>vehementer</span> <span class='ocrx_word' id='word_1_25' title='bbox 908 569 1058 625; x_wconf 88' lang='lat' dir='ltr'>petiit.</span> <span class='ocrx_word' id='word_1_26' title='bbox 1087 569 1310 625; x_wconf 83' lang='lat' dir='ltr'>Legatus</span> <span class='ocrx_word' id='word_1_27' title='bbox 1335 570 1468 625; x_wconf 86' lang='lat' dir='ltr'>regis</span> <span class='ocrx_word' id='word_1_28' title='bbox 1493 569 1728 615; x_wconf 86' lang='lat' dir='ltr'>Poloniae</span> <span class='ocrx_word' id='word_1_29' title='bbox 1762 586 1873 616; x_wconf 91' lang='lat' dir='ltr'>cum</span> 
     </span>
     <span class='ocr_line' id='line_1_5' title="bbox 256 638 1875 696; baseline 0.002 -13"><span class='ocrx_word' id='word_1_30' title='bbox 256 638 487 695; x_wconf 85' lang='lat' dir='ltr'>flagranti</span> <span class='ocrx_word' id='word_1_31' title='bbox 533 654 726 696; x_wconf 85' lang='lat' dir='ltr'>quoque</span> <span class='ocrx_word' id='word_1_32' title='bbox 766 639 1007 685; x_wconf 72' lang='lat' dir='ltr'>desiderio</span> <span class='ocrx_word' id='word_1_33' title='bbox 1048 655 1279 696; x_wconf 84' lang='lat' dir='ltr'>magnam</span> <span class='ocrx_word' id='word_1_34' title='bbox 1325 655 1461 696; x_wconf 92' lang='lat' dir='ltr'>spem</span> <span class='ocrx_word' id='word_1_35' title='bbox 1505 641 1700 696; x_wconf 86' lang='lat' dir='ltr'>collegii</span> <span class='ocrx_word' id='word_1_36' title='bbox 1745 641 1875 686; x_wconf 81' lang='lat' dir='ltr'>dedit</span> 
     </span>
     <span class='ocr_line' id='line_1_6' title="bbox 255 715 1873 774; baseline 0.002 -15"><span class='ocrx_word' id='word_1_37' title='bbox 255 716 297 760; x_wconf 89' lang='lat' dir='ltr'>in</span> <span class='ocrx_word' id='word_1_38' title='bbox 325 715 592 772; x_wconf 80' lang='lat' dir='ltr'>Cracouia3</span> <span class='ocrx_word' id='word_1_39' title='bbox 620 715 715 773; x_wconf 87' lang='lat' dir='ltr'>qui,</span> <span class='ocrx_word' id='word_1_40' title='bbox 743 732 772 761; x_wconf 89' lang='lat' dir='ltr'>a</span> <span class='ocrx_word' id='word_1_41' title='bbox 807 717 1037 761; x_wconf 75' lang='lat' dir='ltr'>defuncto</span> <span class='ocrx_word' id='word_1_42' title='bbox 1074 716 1284 772; x_wconf 85' lang='lat' dir='ltr'>quodam</span> <span class='ocrx_word' id='word_1_43' title='bbox 1320 717 1553 773; x_wconf 77' lang='lat' dir='ltr'>pecunias</span> <span class='ocrx_word' id='word_1_44' title='bbox 1587 717 1778 774; x_wconf 87' lang='lat' dir='ltr'>aliquas</span> <span class='ocrx_word' id='word_1_45' title='bbox 1812 718 1873 763; x_wconf 92' lang='lat' dir='ltr'>ad</span> 
     </span>
     <span class='ocr_line' id='line_1_7' title="bbox 255 791 1874 849; baseline 0.002 -13"><span class='ocrx_word' id='word_1_46' title='bbox 255 791 380 836; x_wconf 91' lang='lat' dir='ltr'>istud</span> <span class='ocrx_word' id='word_1_47' title='bbox 407 791 694 849; x_wconf 85' lang='lat' dir='ltr'>destinatas,</span> <span class='ocrx_word' id='word_1_48' title='bbox 722 792 766 837; x_wconf 87' lang='lat' dir='ltr'>in</span> <span class='ocrx_word' id='word_1_49' title='bbox 793 808 939 837; x_wconf 86' lang='lat' dir='ltr'>manu</span> <span class='ocrx_word' id='word_1_50' title='bbox 966 792 1166 845; x_wconf 78' lang='lat' dir='ltr'>habens,</span> <span class='ocrx_word' id='word_1_51' title='bbox 1197 793 1340 837; x_wconf 87' lang='lat' dir='ltr'>valde</span> <span class='ocrx_word' id='word_1_52' title='bbox 1371 793 1501 838; x_wconf 88' lang='lat' dir='ltr'>serio</span> <span class='ocrx_word' id='word_1_53' title='bbox 1532 809 1680 849; x_wconf 84' lang='lat' dir='ltr'>super</span> <span class='ocrx_word' id='word_1_54' title='bbox 1705 794 1797 839; x_wconf 85' lang='lat' dir='ltr'>hac</span> <span class='ocrx_word' id='word_1_55' title='bbox 1821 810 1874 839; x_wconf 88' lang='lat' dir='ltr'>re</span> 
     </span>
     <span class='ocr_line' id='line_1_8' title="bbox 254 868 1875 926; baseline 0.002 -14"><span class='ocrx_word' id='word_1_56' title='bbox 254 883 364 912; x_wconf 91' lang='lat' dir='ltr'>cum</span> <span class='ocrx_word' id='word_1_57' title='bbox 391 868 441 912; x_wconf 82' lang='lat' dir='ltr'>P.</span> <span class='ocrx_word' id='word_1_58' title='bbox 481 868 681 913; x_wconf 85' lang='lat' dir='ltr'>Canisio</span> <span class='ocrx_word' id='word_1_59' title='bbox 717 869 926 925; x_wconf 85' lang='lat' dir='ltr'>colloqui</span> <span class='ocrx_word' id='word_1_60' title='bbox 967 869 1282 915; x_wconf 74' lang='lat' dir='ltr'>desiderabat</span> <span class='ocrx_word' id='word_1_61' title='bbox 1320 869 1344 913; x_wconf 85' lang='lat'>¹.</span> <span class='ocrx_word' id='word_1_62' title='bbox 1379 869 1531 915; x_wconf 91' lang='lat' dir='ltr'>Italus</span> <span class='ocrx_word' id='word_1_63' title='bbox 1566 870 1762 926; x_wconf 87' lang='lat' dir='ltr'>quidam</span> <span class='ocrx_word' id='word_1_64' title='bbox 1799 871 1875 915; x_wconf 93' lang='lat' dir='ltr'>vir</span> 
     </span>
     <span class='ocr_line' id='line_1_9' title="bbox 254 945 1873 1002; baseline 0.001 -12"><span class='ocrx_word' id='word_1_65' title='bbox 254 945 390 990; x_wconf 86' lang='lat' dir='ltr'>diues</span> <span class='ocrx_word' id='word_1_66' title='bbox 429 955 476 991; x_wconf 92' lang='lat' dir='ltr'>et</span> <span class='ocrx_word' id='word_1_67' title='bbox 513 961 608 990; x_wconf 91' lang='lat' dir='ltr'>non</span> <span class='ocrx_word' id='word_1_68' title='bbox 649 961 836 1002; x_wconf 88' lang='lat' dir='ltr'>paruae</span> <span class='ocrx_word' id='word_1_69' title='bbox 871 946 1167 1002; x_wconf 79' lang='lat' dir='ltr'>autoritatis,</span> <span class='ocrx_word' id='word_1_70' title='bbox 1206 947 1281 991; x_wconf 90' lang='lat' dir='ltr'>cui</span> <span class='ocrx_word' id='word_1_71' title='bbox 1317 962 1495 992; x_wconf 91' lang='lat' dir='ltr'>nomen</span> <span class='ocrx_word' id='word_1_72' title='bbox 1529 947 1776 992; x_wconf 81' lang='lat' dir='ltr'>Antonius</span> <span class='ocrx_word' id='word_1_73' title='bbox 1814 948 1873 992; x_wconf 93' lang='lat' dir='ltr'>de</span> 
     </span>
     <span class='ocr_line' id='line_1_10' title="bbox 254 1022 1874 1089; baseline 0.002 -23"><span class='ocrx_word' id='word_1_74' title='bbox 254 1022 489 1078; x_wconf 84' lang='lat' dir='ltr'>Quadros</span> <span class='ocrx_word' id='word_1_75' title='bbox 523 1022 680 1079; x_wconf 82' lang='lat' dir='ltr'>(cuius</span> <span class='ocrx_word' id='word_1_76' title='bbox 715 1023 867 1069; x_wconf 87' lang='lat' dir='ltr'>literis</span> <span class='ocrx_word' id='word_1_77' title='bbox 900 1039 929 1068; x_wconf 90' lang='lat' dir='ltr'>a</span> <span class='ocrx_word' id='word_1_78' title='bbox 968 1023 1029 1068; x_wconf 77' lang='lat' dir='ltr'>V.</span> <span class='ocrx_word' id='word_1_79' title='bbox 1059 1023 1111 1068; x_wconf 82' lang='lat' dir='ltr'>P.</span> <span class='ocrx_word' id='word_1_80' title='bbox 1139 1039 1428 1080; x_wconf 88' lang='lat' dir='ltr'>responsum</span> <span class='ocrx_word' id='word_1_81' title='bbox 1448 1024 1555 1089; x_wconf 55' lang='lat' dir='ltr'>pst)</span> <span class='ocrx_word' id='word_1_82' title='bbox 1580 1024 1639 1069; x_wconf 94' lang='lat' dir='ltr'>de</span> <span class='ocrx_word' id='word_1_83' title='bbox 1663 1025 1874 1081; x_wconf 87' lang='lat' dir='ltr'>collegio</span> 
     </span>
     <span class='ocr_line' id='line_1_11' title="bbox 253 1099 1872 1158; baseline 0.002 -15"><span class='ocrx_word' id='word_1_84' title='bbox 253 1099 465 1156; x_wconf 87' lang='lat' dir='ltr'>quodam</span> <span class='ocrx_word' id='word_1_85' title='bbox 505 1100 634 1156; x_wconf 91' lang='lat' dir='ltr'>apud</span> <span class='ocrx_word' id='word_1_86' title='bbox 679 1100 873 1146; x_wconf 82' lang='lat' dir='ltr'>Vallem</span> <span class='ocrx_word' id='word_1_87' title='bbox 912 1100 1207 1146; x_wconf 89' lang='lat' dir='ltr'>Toletanam</span> <span class='ocrx_word' id='word_1_88' title='bbox 1253 1101 1339 1157; x_wconf 91' lang='lat' dir='ltr'>(ita</span> <span class='ocrx_word' id='word_1_89' title='bbox 1383 1101 1556 1158; x_wconf 83' lang='lat' dir='ltr'>opinor</span> <span class='ocrx_word' id='word_1_90' title='bbox 1598 1102 1767 1147; x_wconf 85' lang='lat' dir='ltr'>vocari</span> <span class='ocrx_word' id='word_1_91' title='bbox 1808 1103 1872 1147; x_wconf 93' lang='lat' dir='ltr'>lo-</span> 
     </span>
     <span class='ocr_line' id='line_1_12' title="bbox 254 1176 1873 1236; baseline 0.002 -15"><span class='ocrx_word' id='word_1_92' title='bbox 254 1176 383 1233; x_wconf 88' lang='lat' dir='ltr'>cum)</span> <span class='ocrx_word' id='word_1_93' title='bbox 418 1177 432 1201; x_wconf 76' lang='lat'><strong>²</strong></span> <span class='ocrx_word' id='word_1_94' title='bbox 467 1177 741 1222; x_wconf 84' lang='lat' dir='ltr'>extruendo</span> <span class='ocrx_word' id='word_1_95' title='bbox 776 1188 972 1223; x_wconf 85' lang='lat' dir='ltr'>nostros</span> <span class='ocrx_word' id='word_1_96' title='bbox 1006 1178 1250 1231; x_wconf 84' lang='lat' dir='ltr'>conuenit,</span> <span class='ocrx_word' id='word_1_97' title='bbox 1278 1178 1407 1236; x_wconf 92' lang='lat' dir='ltr'>quod</span> <span class='ocrx_word' id='word_1_98' title='bbox 1443 1178 1576 1224; x_wconf 92' lang='lat' dir='ltr'>velut</span> <span class='ocrx_word' id='word_1_99' title='bbox 1610 1194 1777 1224; x_wconf 86' lang='lat' dir='ltr'>arcem</span> <span class='ocrx_word' id='word_1_100' title='bbox 1814 1195 1873 1225; x_wconf 89' lang='lat' dir='ltr'>ac</span> 
     </span>
     <span class='ocr_line' id='line_1_13' title="bbox 254 1254 1872 1301; baseline 0.001 -3"><span class='ocrx_word' id='word_1_101' title='bbox 254 1254 602 1299; x_wconf 85' lang='lat' dir='ltr'>munimentum</span> <span class='ocrx_word' id='word_1_102' title='bbox 628 1254 870 1299; x_wconf 88' lang='lat' dir='ltr'>aduersus</span> <span class='ocrx_word' id='word_1_103' title='bbox 894 1255 1258 1299; x_wconf 87' lang='lat' dir='ltr'>haereticorum</span> <span class='ocrx_word' id='word_1_104' title='bbox 1283 1255 1588 1300; x_wconf 69' lang='lat' dir='ltr'>incursiones</span> <span class='ocrx_word' id='word_1_105' title='bbox 1612 1255 1721 1301; x_wconf 76' lang='lat' dir='ltr'>fore</span> <span class='ocrx_word' id='word_1_106' title='bbox 1745 1256 1872 1301; x_wconf 89' lang='lat' dir='ltr'>arbi-</span> 
     </span>
     <span class='ocr_line' id='line_1_14' title="bbox 251 1329 1873 1388; baseline 0.001 -13"><span class='ocrx_word' id='word_1_107' title='bbox 251 1330 497 1376; x_wconf 88' lang='lat' dir='ltr'>trabatur.</span> <span class='ocrx_word' id='word_1_108' title='bbox 526 1329 626 1376; x_wconf 85' lang='lat' dir='ltr'>Sex</span> <span class='ocrx_word' id='word_1_109' title='bbox 650 1340 814 1376; x_wconf 90' lang='lat' dir='ltr'>autem</span> <span class='ocrx_word' id='word_1_110' title='bbox 842 1331 1065 1387; x_wconf 87' lang='lat' dir='ltr'>personis</span> <span class='ocrx_word' id='word_1_111' title='bbox 1089 1331 1301 1388; x_wconf 79' lang='lat' dir='ltr'>domum,</span> <span class='ocrx_word' id='word_1_112' title='bbox 1329 1331 1590 1377; x_wconf 89' lang='lat' dir='ltr'>ecclesiam</span> <span class='ocrx_word' id='word_1_113' title='bbox 1616 1341 1663 1377; x_wconf 92' lang='lat' dir='ltr'>et</span> <span class='ocrx_word' id='word_1_114' title='bbox 1687 1332 1873 1378; x_wconf 89' lang='lat' dir='ltr'>reditus</span> 
     </span>
     <span class='ocr_line' id='line_1_15' title="bbox 255 1408 928 1464; baseline 0.001 -12"><span class='ocrx_word' id='word_1_115' title='bbox 255 1416 521 1464; x_wconf 87' lang='lat' dir='ltr'>perpetuos</span> <span class='ocrx_word' id='word_1_116' title='bbox 545 1408 928 1464; x_wconf 89' lang='lat' dir='ltr'>pollicitabatur.</span> 
     </span>
    </p>

    <p class='ocr_par' dir='ltr' id='par_1_3' title="bbox 246 1484 1919 2849">
     <span class='ocr_line' id='line_1_16' title="bbox 313 1484 1870 1543; baseline 0.002 -15"><span class='ocrx_word' id='word_1_117' title='bbox 313 1484 379 1530; x_wconf 88' lang='lat'>11.</span> <span class='ocrx_word' id='word_1_118' title='bbox 450 1484 613 1530; x_wconf 84' lang='lat' dir='ltr'>Patris</span> <span class='ocrx_word' id='word_1_119' title='bbox 651 1484 837 1530; x_wconf 89' lang='lat' dir='ltr'>Canisii</span> <span class='ocrx_word' id='word_1_120' title='bbox 872 1485 1136 1530; x_wconf 87' lang='lat' dir='ltr'>aduentum</span> <span class='ocrx_word' id='word_1_121' title='bbox 1172 1486 1562 1541; x_wconf 81' lang='lat' dir='ltr'>expectabamus</span> <span class='ocrx_word' id='word_1_122' title='bbox 1586 1486 1630 1530; x_wconf 89' lang='lat' dir='ltr'>in</span> <span class='ocrx_word' id='word_1_123' title='bbox 1663 1486 1870 1543; x_wconf 88' lang='lat' dir='ltr'>quadra-</span> 
     </span>
     <span class='ocr_line' id='line_1_17' title="bbox 250 1561 1870 1618; baseline 0.002 -12"><span class='ocrx_word' id='word_1_124' title='bbox 250 1561 457 1618; x_wconf 85' lang='lat' dir='ltr'>gesima,</span> <span class='ocrx_word' id='word_1_125' title='bbox 496 1577 667 1606; x_wconf 90' lang='lat' dir='ltr'>verum</span> <span class='ocrx_word' id='word_1_126' title='bbox 703 1562 931 1607; x_wconf 88' lang='lat' dir='ltr'>detentus</span> <span class='ocrx_word' id='word_1_127' title='bbox 965 1571 1038 1607; x_wconf 91' lang='lat' dir='ltr'>est</span> <span class='ocrx_word' id='word_1_128' title='bbox 1072 1578 1100 1606; x_wconf 89' lang='lat' dir='ltr'>a</span> <span class='ocrx_word' id='word_1_129' title='bbox 1136 1561 1385 1607; x_wconf 82' lang='lat' dir='ltr'>Bauariae</span> <span class='ocrx_word' id='word_1_130' title='bbox 1424 1563 1548 1607; x_wconf 90' lang='lat' dir='ltr'>duce</span> <span class='ocrx_word' id='word_1_131' title='bbox 1583 1563 1625 1607; x_wconf 90' lang='lat' dir='ltr'>in</span> <span class='ocrx_word' id='word_1_132' title='bbox 1661 1564 1870 1609; x_wconf 91' lang='lat' dir='ltr'>straubi-</span> 
     </span>
     <span class='ocr_line' id='line_1_18' title="bbox 250 1638 1872 1695; baseline 0.002 -13"><span class='ocrx_word' id='word_1_133' title='bbox 250 1638 389 1694; x_wconf 81' lang='lat' dir='ltr'>gensi</span> <span class='ocrx_word' id='word_1_134' title='bbox 424 1638 626 1684; x_wconf 89' lang='lat' dir='ltr'>ciuitate</span> <span class='ocrx_word' id='word_1_135' title='bbox 661 1639 722 1683; x_wconf 87' lang='lat' dir='ltr'>ad</span> <span class='ocrx_word' id='word_1_136' title='bbox 758 1638 1080 1684; x_wconf 91' lang='lat' dir='ltr'>concionandi</span> <span class='ocrx_word' id='word_1_137' title='bbox 1121 1654 1311 1683; x_wconf 88' lang='lat' dir='ltr'>munus.</span> <span class='ocrx_word' id='word_1_138' title='bbox 1350 1638 1592 1684; x_wconf 86' lang='lat' dir='ltr'>Pistorem</span> <span class='ocrx_word' id='word_1_139' title='bbox 1629 1640 1872 1695; x_wconf 88' lang='lat' dir='ltr'>quendam</span> 
     </span>
     <span class='ocr_line' id='line_1_19' title="bbox 253 1714 1873 1773; baseline 0.002 -14"><span class='ocrx_word' id='word_1_140' title='bbox 253 1714 464 1760; x_wconf 78' lang='lat' dir='ltr'>fratrem</span> <span class='ocrx_word' id='word_1_141' title='bbox 490 1716 569 1771; x_wconf 88' lang='lat' dir='ltr'>qui</span> <span class='ocrx_word' id='word_1_142' title='bbox 592 1715 723 1761; x_wconf 78' lang='lat' dir='ltr'>forte</span> <span class='ocrx_word' id='word_1_143' title='bbox 748 1715 946 1761; x_wconf 83' lang='lat' dir='ltr'>fortuna</span> <span class='ocrx_word' id='word_1_144' title='bbox 970 1716 1143 1761; x_wconf 89' lang='lat' dir='ltr'>eodem</span> <span class='ocrx_word' id='word_1_145' title='bbox 1169 1731 1318 1761; x_wconf 89' lang='lat' dir='ltr'>curru</span> <span class='ocrx_word' id='word_1_146' title='bbox 1338 1731 1447 1762; x_wconf 89' lang='lat' dir='ltr'>cum</span> <span class='ocrx_word' id='word_1_147' title='bbox 1472 1716 1577 1773; x_wconf 90' lang='lat' dir='ltr'>ipso</span> <span class='ocrx_word' id='word_1_148' title='bbox 1598 1717 1873 1762; x_wconf 89' lang='lat' dir='ltr'>vehebatur</span> 
     </span>
     <span class='ocr_line' id='line_1_20' title="bbox 250 1792 1869 1850; baseline 0.001 -14"><span class='ocrx_word' id='word_1_149' title='bbox 250 1807 338 1847; x_wconf 93' lang='lat' dir='ltr'>per</span> <span class='ocrx_word' id='word_1_150' title='bbox 371 1792 480 1848; x_wconf 71' lang='lat' dir='ltr'>iter,</span> <span class='ocrx_word' id='word_1_151' title='bbox 507 1792 569 1837; x_wconf 91' lang='lat' dir='ltr'>ad</span> <span class='ocrx_word' id='word_1_152' title='bbox 603 1808 692 1838; x_wconf 91' lang='lat' dir='ltr'>nos</span> <span class='ocrx_word' id='word_1_153' title='bbox 726 1792 1014 1848; x_wconf 78' lang='lat' dir='ltr'>transmisit3</span> <span class='ocrx_word' id='word_1_154' title='bbox 1043 1792 1181 1837; x_wconf 89' lang='lat' dir='ltr'>cuius</span> <span class='ocrx_word' id='word_1_155' title='bbox 1205 1792 1564 1849; x_wconf 89' lang='lat' dir='ltr'>simplicissima</span> <span class='ocrx_word' id='word_1_156' title='bbox 1594 1793 1869 1850; x_wconf 74' lang='lat' dir='ltr'>integritas,</span> 
     </span>
     <span class='ocr_line' id='line_1_21' title="bbox 250 1861 1872 1926; baseline 0.001 -12"><span class='ocrx_word' id='word_1_157' title='bbox 250 1885 434 1926; x_wconf 85' lang='lat' dir='ltr'>magna</span> <span class='ocrx_word' id='word_1_158' title='bbox 457 1869 656 1926; x_wconf 82' lang='lat' dir='ltr'>gratiae</span> <span class='ocrx_word' id='word_1_159' title='bbox 681 1886 740 1915; x_wconf 90' lang='lat' dir='ltr'>ac</span> <span class='ocrx_word' id='word_1_160' title='bbox 764 1869 1040 1915; x_wconf 88' lang='lat' dir='ltr'>deuotionis</span> <span class='ocrx_word' id='word_1_161' title='bbox 1060 1870 1377 1923; x_wconf 84' lang='lat' dir='ltr'>abundantia,</span> <span class='ocrx_word' id='word_1_162' title='bbox 1401 1886 1496 1926; x_wconf 89' lang='lat' dir='ltr'>qua</span> <span class='ocrx_word' id='word_1_163' title='bbox 1521 1870 1760 1916; x_wconf 89' lang='lat' dir='ltr'>Dominus</span> <span class='ocrx_word' id='word_1_164' title='bbox 1786 1861 1872 1916; x_wconf 89' lang='lat' dir='ltr'>cor</span> 
     </span>
     <span class='ocr_line' id='line_1_22' title="bbox 247 1945 1870 2003; baseline 0.001 -12"><span class='ocrx_word' id='word_1_165' title='bbox 247 1946 351 1991; x_wconf 86' lang='lat' dir='ltr'>eius</span> <span class='ocrx_word' id='word_1_166' title='bbox 373 1946 557 2003; x_wconf 79' lang='lat' dir='ltr'>implet,</span> <span class='ocrx_word' id='word_1_167' title='bbox 585 1962 755 1991; x_wconf 89' lang='lat' dir='ltr'>omnes</span> <span class='ocrx_word' id='word_1_168' title='bbox 779 1945 1022 2003; x_wconf 79' lang='lat' dir='ltr'>aedificat3</span> <span class='ocrx_word' id='word_1_169' title='bbox 1050 1946 1127 1991; x_wconf 91' lang='lat' dir='ltr'>cui</span> <span class='ocrx_word' id='word_1_170' title='bbox 1152 1946 1197 1991; x_wconf 91' lang='lat' dir='ltr'>in</span> <span class='ocrx_word' id='word_1_171' title='bbox 1223 1946 1368 1992; x_wconf 89' lang='lat' dir='ltr'>Oibin</span> <span class='ocrx_word' id='word_1_172' title='bbox 1393 1946 1526 1992; x_wconf 88' lang='lat' dir='ltr'>iussu</span> <span class='ocrx_word' id='word_1_173' title='bbox 1561 1947 1870 1993; x_wconf 90' lang='lat' dir='ltr'>obedientiae</span> 
     </span>
     <span class='ocr_line' id='line_1_23' title="bbox 248 2022 1870 2080; baseline 0.001 -13"><span class='ocrx_word' id='word_1_174' title='bbox 248 2022 577 2079; x_wconf 89' lang='lat' dir='ltr'>proficiscenti</span> <span class='ocrx_word' id='word_1_175' title='bbox 604 2033 792 2069; x_wconf 87' lang='lat' dir='ltr'>vestem</span> <span class='ocrx_word' id='word_1_176' title='bbox 819 2024 1028 2069; x_wconf 86' lang='lat' dir='ltr'>talarem</span> <span class='ocrx_word' id='word_1_177' title='bbox 1054 2039 1162 2067; x_wconf 91' lang='lat' dir='ltr'>cum</span> <span class='ocrx_word' id='word_1_178' title='bbox 1187 2024 1435 2080; x_wconf 86' lang='lat' dir='ltr'>daremus,</span> <span class='ocrx_word' id='word_1_179' title='bbox 1458 2023 1578 2069; x_wconf 86' lang='lat' dir='ltr'>fleus</span> <span class='ocrx_word' id='word_1_180' title='bbox 1602 2039 1661 2069; x_wconf 86' lang='lat' dir='ltr'>ac</span> <span class='ocrx_word' id='word_1_181' title='bbox 1696 2024 1870 2069; x_wconf 89' lang='lat' dir='ltr'>lachri-</span> 
     </span>
     <span class='ocr_line' id='line_1_24' title="bbox 249 2101 1869 2158; baseline 0.001 -14"><span class='ocrx_word' id='word_1_182' title='bbox 249 2115 387 2145; x_wconf 87' lang='lat' dir='ltr'>mans</span> <span class='ocrx_word' id='word_1_183' title='bbox 422 2101 608 2146; x_wconf 91' lang='lat' dir='ltr'>vultum</span> <span class='ocrx_word' id='word_1_184' title='bbox 643 2101 875 2150; x_wconf 87' lang='lat' dir='ltr'>deiiciens</span> <span class='ocrx_word' id='word_1_185' title='bbox 908 2101 1001 2146; x_wconf 91' lang='lat' dir='ltr'>hac</span> <span class='ocrx_word' id='word_1_186' title='bbox 1035 2116 1087 2145; x_wconf 89' lang='lat' dir='ltr'>se</span> <span class='ocrx_word' id='word_1_187' title='bbox 1122 2101 1356 2146; x_wconf 87' lang='lat' dir='ltr'>honorari</span> <span class='ocrx_word' id='word_1_188' title='bbox 1391 2101 1686 2157; x_wconf 79' lang='lat' dir='ltr'>deplorauit,</span> <span class='ocrx_word' id='word_1_189' title='bbox 1723 2117 1869 2158; x_wconf 83' lang='lat' dir='ltr'>quum</span> 
     </span>
     <span class='ocr_line' id='line_1_25' title="bbox 248 2177 1870 2235; baseline 0.001 -13"><span class='ocrx_word' id='word_1_190' title='bbox 248 2193 338 2222; x_wconf 89' lang='lat' dir='ltr'>nec</span> <span class='ocrx_word' id='word_1_191' title='bbox 362 2177 539 2223; x_wconf 87' lang='lat' dir='ltr'>doctor</span> <span class='ocrx_word' id='word_1_192' title='bbox 563 2187 710 2232; x_wconf 76' lang='lat' dir='ltr'>esset,</span> <span class='ocrx_word' id='word_1_193' title='bbox 738 2194 797 2223; x_wconf 91' lang='lat' dir='ltr'>ac</span> <span class='ocrx_word' id='word_1_194' title='bbox 829 2179 1077 2224; x_wconf 88' lang='lat' dir='ltr'>minimum</span> <span class='ocrx_word' id='word_1_195' title='bbox 1107 2188 1153 2224; x_wconf 89' lang='lat' dir='ltr'>et</span> <span class='ocrx_word' id='word_1_196' title='bbox 1179 2178 1566 2235; x_wconf 84' lang='lat' dir='ltr'>indignissimum</span> <span class='ocrx_word' id='word_1_197' title='bbox 1601 2179 1750 2224; x_wconf 90' lang='lat' dir='ltr'>totius</span> <span class='ocrx_word' id='word_1_198' title='bbox 1784 2179 1870 2224; x_wconf 81' lang='lat' dir='ltr'>So-</span> 
     </span>
     <span class='ocr_line' id='line_1_26' title="bbox 248 2254 1869 2311; baseline 0.002 -12"><span class='ocrx_word' id='word_1_199' title='bbox 248 2254 439 2300; x_wconf 87' lang='lat' dir='ltr'>cietatis</span> <span class='ocrx_word' id='word_1_200' title='bbox 473 2270 525 2300; x_wconf 89' lang='lat' dir='ltr'>se</span> <span class='ocrx_word' id='word_1_201' title='bbox 560 2255 780 2300; x_wconf 89' lang='lat' dir='ltr'>duceret.</span> <span class='ocrx_word' id='word_1_202' title='bbox 809 2256 859 2300; x_wconf 81' lang='lat' dir='ltr'>P.</span> <span class='ocrx_word' id='word_1_203' title='bbox 889 2256 1137 2311; x_wconf 71' lang='lat' dir='ltr'>Victoria,</span> <span class='ocrx_word' id='word_1_204' title='bbox 1175 2256 1286 2301; x_wconf 90' lang='lat' dir='ltr'>dum</span> <span class='ocrx_word' id='word_1_205' title='bbox 1323 2256 1374 2301; x_wconf 85' lang='lat' dir='ltr'>P.</span> <span class='ocrx_word' id='word_1_206' title='bbox 1404 2255 1656 2301; x_wconf 86' lang='lat' dir='ltr'>Canisium</span> <span class='ocrx_word' id='word_1_207' title='bbox 1697 2254 1869 2302; x_wconf 81' lang='lat' dir='ltr'>Strau-</span> 
     </span>
     <span class='ocr_line' id='line_1_27' title="bbox 248 2331 1868 2390; baseline 0.001 -14"><span class='ocrx_word' id='word_1_208' title='bbox 248 2331 394 2388; x_wconf 82' lang='lat' dir='ltr'>bigae</span> <span class='ocrx_word' id='word_1_209' title='bbox 420 2332 667 2389; x_wconf 76' lang='lat' dir='ltr'>inuiseret,</span> <span class='ocrx_word' id='word_1_210' title='bbox 696 2333 740 2378; x_wconf 86' lang='lat' dir='ltr'>in</span> <span class='ocrx_word' id='word_1_211' title='bbox 767 2332 1001 2378; x_wconf 87' lang='lat' dir='ltr'>hussitica</span> <span class='ocrx_word' id='word_1_212' title='bbox 1031 2333 1244 2389; x_wconf 88' lang='lat' dir='ltr'>quadam</span> <span class='ocrx_word' id='word_1_213' title='bbox 1275 2333 1478 2378; x_wconf 88' lang='lat' dir='ltr'>ciuitate</span> <span class='ocrx_word' id='word_1_214' title='bbox 1503 2334 1565 2378; x_wconf 89' lang='lat' dir='ltr'>ab</span> <span class='ocrx_word' id='word_1_215' title='bbox 1589 2333 1779 2390; x_wconf 89' lang='lat' dir='ltr'>hospite</span> <span class='ocrx_word' id='word_1_216' title='bbox 1806 2334 1868 2378; x_wconf 94' lang='lat' dir='ltr'>di-</span> 
     </span>
     <span class='ocr_line' id='line_1_28' title="bbox 247 2408 1869 2466; baseline 0.001 -13"><span class='ocrx_word' id='word_1_217' title='bbox 247 2408 448 2464; x_wconf 81' lang='lat' dir='ltr'>tissimo,</span> <span class='ocrx_word' id='word_1_218' title='bbox 487 2409 750 2455; x_wconf 89' lang='lat' dir='ltr'>diuersatis</span> <span class='ocrx_word' id='word_1_219' title='bbox 785 2410 955 2454; x_wconf 90' lang='lat' dir='ltr'>eodem</span> <span class='ocrx_word' id='word_1_220' title='bbox 997 2408 1492 2465; x_wconf 82' lang='lat' dir='ltr'>magnificentissimis</span> <span class='ocrx_word' id='word_1_221' title='bbox 1533 2409 1653 2454; x_wconf 86' lang='lat' dir='ltr'>viris</span> <span class='ocrx_word' id='word_1_222' title='bbox 1687 2426 1869 2466; x_wconf 85' lang='lat' dir='ltr'>magno</span> 
     </span>
     <span class='ocr_line' id='line_1_29' title="bbox 246 2485 1867 2542; baseline 0.001 -13"><span class='ocrx_word' id='word_1_223' title='bbox 246 2485 479 2530; x_wconf 85' lang='lat' dir='ltr'>satellitio</span> <span class='ocrx_word' id='word_1_224' title='bbox 519 2486 726 2542; x_wconf 75' lang='lat' dir='ltr'>stipatis,</span> <span class='ocrx_word' id='word_1_225' title='bbox 765 2485 1255 2531; x_wconf 85' lang='lat' dir='ltr'>honorificentissime</span> <span class='ocrx_word' id='word_1_226' title='bbox 1295 2494 1343 2531; x_wconf 93' lang='lat' dir='ltr'>et</span> <span class='ocrx_word' id='word_1_227' title='bbox 1381 2485 1730 2531; x_wconf 88' lang='lat' dir='ltr'>humanissime</span> <span class='ocrx_word' id='word_1_228' title='bbox 1769 2496 1867 2531; x_wconf 89' lang='lat' dir='ltr'>tra-</span> 
     </span>
     <span class='ocr_line' id='line_1_30' title="bbox 247 2560 1869 2619; baseline 0.001 -14"><span class='ocrx_word' id='word_1_229' title='bbox 247 2570 407 2606; x_wconf 90' lang='lat' dir='ltr'>ctatus</span> <span class='ocrx_word' id='word_1_230' title='bbox 442 2571 529 2607; x_wconf 92' lang='lat' dir='ltr'>est.</span> <span class='ocrx_word' id='word_1_231' title='bbox 555 2560 733 2618; x_wconf 79' lang='lat' dir='ltr'>Saepe,</span> <span class='ocrx_word' id='word_1_232' title='bbox 762 2562 946 2606; x_wconf 86' lang='lat' dir='ltr'>relictis</span> <span class='ocrx_word' id='word_1_233' title='bbox 979 2561 1071 2607; x_wconf 89' lang='lat' dir='ltr'>illis</span> <span class='ocrx_word' id='word_1_234' title='bbox 1105 2563 1440 2619; x_wconf 82' lang='lat' dir='ltr'>magnatibus,</span> <span class='ocrx_word' id='word_1_235' title='bbox 1467 2563 1869 2619; x_wconf 86' lang='lat' dir='ltr'>conquerebatur</span> 
     </span>
     <span class='ocr_line' id='line_1_31' title="bbox 246 2638 1866 2697; baseline 0.001 -14"><span class='ocrx_word' id='word_1_236' title='bbox 246 2638 375 2694; x_wconf 86' lang='lat' dir='ltr'>apud</span> <span class='ocrx_word' id='word_1_237' title='bbox 401 2638 600 2683; x_wconf 85' lang='lat' dir='ltr'>Patrem</span> <span class='ocrx_word' id='word_1_238' title='bbox 626 2639 819 2695; x_wconf 73' lang='lat' dir='ltr'>hospes,</span> <span class='ocrx_word' id='word_1_239' title='bbox 848 2648 896 2683; x_wconf 92' lang='lat' dir='ltr'>et</span> <span class='ocrx_word' id='word_1_240' title='bbox 920 2639 1089 2683; x_wconf 88' lang='lat' dir='ltr'>dolens</span> <span class='ocrx_word' id='word_1_241' title='bbox 1123 2653 1175 2683; x_wconf 91' lang='lat' dir='ltr'>se</span> <span class='ocrx_word' id='word_1_242' title='bbox 1211 2639 1355 2684; x_wconf 90' lang='lat' dir='ltr'>valde</span> <span class='ocrx_word' id='word_1_243' title='bbox 1385 2639 1665 2684; x_wconf 90' lang='lat' dir='ltr'>humaniter</span> <span class='ocrx_word' id='word_1_244' title='bbox 1689 2655 1866 2697; x_wconf 84' lang='lat' dir='ltr'>purga-</span> 
     </span>
     <span class='ocr_line' id='line_1_32' title="bbox 246 2709 1919 2773; baseline 0.001 -14"><span class='ocrx_word' id='word_1_245' title='bbox 246 2716 344 2771; x_wconf 78' lang='lat' dir='ltr'>bat,</span> <span class='ocrx_word' id='word_1_246' title='bbox 373 2716 499 2771; x_wconf 86' lang='lat' dir='ltr'>quod</span> <span class='ocrx_word' id='word_1_247' title='bbox 539 2716 675 2761; x_wconf 85' lang='lat' dir='ltr'>Patri</span> <span class='ocrx_word' id='word_1_248' title='bbox 711 2731 804 2760; x_wconf 88' lang='lat' dir='ltr'>non</span> <span class='ocrx_word' id='word_1_249' title='bbox 840 2727 1007 2773; x_wconf 90' lang='lat' dir='ltr'>posset</span> <span class='ocrx_word' id='word_1_250' title='bbox 1041 2725 1093 2760; x_wconf 89' lang='lat' dir='ltr'>vt</span> <span class='ocrx_word' id='word_1_251' title='bbox 1128 2716 1277 2760; x_wconf 90' lang='lat' dir='ltr'>vellet</span> <span class='ocrx_word' id='word_1_252' title='bbox 1310 2717 1484 2761; x_wconf 91' lang='lat' dir='ltr'>adesse</span> <span class='ocrx_word' id='word_1_253' title='bbox 1515 2732 1575 2761; x_wconf 92' lang='lat' dir='ltr'>ac</span> <span class='ocrx_word' id='word_1_254' title='bbox 1605 2717 1864 2773; x_wconf 83' lang='lat' dir='ltr'>inseruire,</span> <span class='ocrx_word' id='word_1_255' title='bbox 1911 2709 1919 2715; x_wconf 37' lang='lat'><em>³</em></span> 
     </span>
     <span class='ocr_line' id='line_1_33' title="bbox 246 2792 1867 2849; baseline 0.002 -13"><span class='ocrx_word' id='word_1_256' title='bbox 246 2792 373 2847; x_wconf 87' lang='lat' dir='ltr'>quod</span> <span class='ocrx_word' id='word_1_257' title='bbox 398 2793 725 2838; x_wconf 88' lang='lat' dir='ltr'>obseruantes</span> <span class='ocrx_word' id='word_1_258' title='bbox 750 2792 813 2837; x_wconf 89' lang='lat' dir='ltr'>illi</span> <span class='ocrx_word' id='word_1_259' title='bbox 839 2792 927 2849; x_wconf 89' lang='lat' dir='ltr'>ipsi</span> <span class='ocrx_word' id='word_1_260' title='bbox 951 2792 1194 2848; x_wconf 88' lang='lat' dir='ltr'>principes</span> <span class='ocrx_word' id='word_1_261' title='bbox 1220 2792 1310 2837; x_wconf 88' lang='lat' dir='ltr'>viri</span> <span class='ocrx_word' id='word_1_262' title='bbox 1342 2792 1635 2838; x_wconf 86' lang='lat' dir='ltr'>amicissime</span> <span class='ocrx_word' id='word_1_263' title='bbox 1668 2793 1867 2839; x_wconf 84' lang='lat' dir='ltr'>Patrem</span> 
     </span>
    </p>
   </div>
   <div class='ocr_carea' id='block_1_3' title="bbox 252 2896 395 2900">
    <p class='ocr_par' dir='ltr' id='par_1_4' title="bbox 252 2896 395 2900">
     <span class='ocr_line' id='line_1_34' title="bbox 252 2896 395 2900; baseline 0 0"><span class='ocrx_word' id='word_1_264' title='bbox 252 2896 395 2900; x_wconf 95' lang='lat' dir='ltr'> </span> 
     </span>
    </p>
   </div>
   <div class='ocr_carea' id='block_1_4' title="bbox 429 2896 529 2899">
    <p class='ocr_par' dir='ltr' id='par_1_5' title="bbox 429 2896 529 2899">
     <span class='ocr_line' id='line_1_35' title="bbox 429 2896 529 2899; baseline 0 0"><span class='ocrx_word' id='word_1_265' title='bbox 429 2896 529 2899; x_wconf 95' lang='lat' dir='ltr'> </span> 
     </span>
    </p>
   </div>
   <div class='ocr_carea' id='block_1_5' title="bbox 242 2940 1869 3163">
    <p class='ocr_par' dir='ltr' id='par_1_6' title="bbox 292 2940 679 2987">
     <span class='ocr_line' id='line_1_36' title="bbox 292 2940 679 2987; baseline 0.008 -12"><span class='ocrx_word' id='word_1_266' title='bbox 292 2942 301 2959; x_wconf 86' lang='lat'><em>¹</em></span> <span class='ocrx_word' id='word_1_267' title='bbox 354 2940 462 2976; x_wconf 90' lang='lat' dir='ltr'>Vide</span> <span class='ocrx_word' id='word_1_268' title='bbox 484 2953 575 2987; x_wconf 84' lang='lat' dir='ltr'>pag.</span> <span class='ocrx_word' id='word_1_269' title='bbox 596 2940 679 2978; x_wconf 79' lang='lat'>528.</span> 
     </span>
    </p>

    <p class='ocr_par' dir='ltr' id='par_1_7' title="bbox 242 2999 1869 3163">
     <span class='ocr_line' id='line_1_37' title="bbox 290 2999 1865 3047; baseline 0.001 -12"><span class='ocrx_word' id='word_1_270' title='bbox 290 2999 302 3018; x_wconf 76' lang='lat'><em>²</em></span> <span class='ocrx_word' id='word_1_271' title='bbox 353 3000 417 3036; x_wconf 90' lang='lat' dir='ltr'>De</span> <span class='ocrx_word' id='word_1_272' title='bbox 436 3000 610 3046; x_wconf 85' lang='lat' dir='ltr'>collegio</span> <span class='ocrx_word' id='word_1_273' title='bbox 629 3000 794 3037; x_wconf 80' lang='lat' dir='ltr'>fundato</span> <span class='ocrx_word' id='word_1_274' title='bbox 813 3002 863 3038; x_wconf 87' lang='lat' dir='ltr'>ab</span> <span class='ocrx_word' id='word_1_275' title='bbox 882 3002 955 3038; x_wconf 90' lang='lat' dir='ltr'>hoc</span> <span class='ocrx_word' id='word_1_276' title='bbox 975 3002 1074 3044; x_wconf 71' lang='lat' dir='ltr'>viro,</span> <span class='ocrx_word' id='word_1_277' title='bbox 1095 3001 1134 3037; x_wconf 91' lang='lat' dir='ltr'>in</span> <span class='ocrx_word' id='word_1_278' title='bbox 1153 3001 1295 3047; x_wconf 88' lang='lat' dir='ltr'>oppido</span> <span class='ocrx_word' id='word_1_279' title='bbox 1314 3001 1456 3045; x_wconf 84' lang='lat' dir='ltr'>Ponte,</span> <span class='ocrx_word' id='word_1_280' title='bbox 1484 3001 1524 3037; x_wconf 92' lang='lat' dir='ltr'>in</span> <span class='ocrx_word' id='word_1_281' title='bbox 1544 3001 1668 3037; x_wconf 87' lang='lat' dir='ltr'>Valle</span> <span class='ocrx_word' id='word_1_282' title='bbox 1688 3001 1865 3044; x_wconf 77' lang='lat' dir='ltr'>Tellina,</span> 
     </span>
     <span class='ocr_line' id='line_1_38' title="bbox 244 3060 1869 3107; baseline 0.001 -12"><span class='ocrx_word' id='word_1_283' title='bbox 244 3060 369 3096; x_wconf 87' lang='lat' dir='ltr'>multa</span> <span class='ocrx_word' id='word_1_284' title='bbox 397 3065 556 3096; x_wconf 81' lang='lat' dir='ltr'>exstant</span> <span class='ocrx_word' id='word_1_285' title='bbox 586 3060 625 3095; x_wconf 83' lang='lat' dir='ltr'>in</span> <span class='ocrx_word' id='word_1_286' title='bbox 653 3061 807 3098; x_wconf 77' lang='lat' dir='ltr'>Lainiz&#39;</span> <span class='ocrx_word' id='word_1_287' title='bbox 833 3061 1041 3102; x_wconf 77' lang='lat' dir='ltr'>M072um.,</span> <span class='ocrx_word' id='word_1_288' title='bbox 1070 3060 1138 3103; x_wconf 78' lang='grc' dir='ltr'>ΙΙΙ,</span> <span class='ocrx_word' id='word_1_289' title='bbox 1166 3065 1205 3097; x_wconf 88' lang='lat' dir='ltr'>et</span> <span class='ocrx_word' id='word_1_290' title='bbox 1235 3072 1336 3107; x_wconf 86' lang='lat' dir='ltr'>sqq.;</span> <span class='ocrx_word' id='word_1_291' title='bbox 1366 3061 1629 3097; x_wconf 74' lang='lat' dir='ltr'>Bobadmae</span> <span class='ocrx_word' id='word_1_292' title='bbox 1655 3060 1869 3104; x_wconf 78' lang='lat' dir='ltr'>Monum.;</span> 
     </span>
     <span class='ocr_line' id='line_1_39' title="bbox 242 3118 603 3163; baseline 0.006 -9"><span class='ocrx_word' id='word_1_293' title='bbox 242 3118 554 3163; x_wconf 71' lang='lat' dir='ltr'>Rz&#39;badetzeira,</span> <span class='ocrx_word' id='word_1_294' title='bbox 576 3119 603 3156; x_wconf 90' lang='lat' dir='ltr'>I.</span> 
     </span>
    </p>
   </div>
  </div>
 </body>
</html>
