2051 3516
556 333 903 371 186—GRANATA
930 332 976 368 ‘29
1005 333 1196 369 AUGUsu
1227 331 1316 368 1558
1636 329 1707 365 769

116 461 193 496 tre
217 449 423 494 doctore
444 448 597 505 Placa
622 452 630 476 ¹
658 445 934 504 paternitas
958 454 1044 491 tua
1069 446 1283 501 nouerit,
1312 446 1452 490 cuius
1481 444 1751 490 aduentum

115 529 218 584 ipse
242 535 291 572 et
313 540 403 570 nos
428 525 525 570 iam
550 524 739 581 pridem
763 531 1088 580 expectamus
1108 521 1164 578 (si
1190 523 1252 567 ad
1277 522 1371 568 Dei
1397 521 1611 577 gloriam
1636 519 1750 576 est).

174 604 216 648 7.
286 601 587 658 Episcopum
611 600 670 646 de
695 598 895 645 Guadix
920 599 935 623 2
960 598 1061 655 (qui
1080 599 1226 642 modo
1251 598 1296 642 in
1323 598 1416 642 hac
1436 597 1638 643 ciuitate
1658 597 1754 652 est)

121 678 318 735 saepius
344 677 563 732 visimus,
589 676 832 734 singulari
867 675 993 721 enim
1026 690 1117 720 nos
1151 673 1339 720 affectu
1363 674 1681 730 prosequitur
1705 683 1755 718 et

117 754 426 801 eleemosinis
466 754 619 799 iuuat.
658 753 878 809 Exoptat
918 767 1068 797 vnum
1107 767 1169 796 ex
1209 741 1392 795 nostris
1431 750 1752 796 concionato-

118 848 239 887 rem,
268 842 315 876 et
339 831 401 876 ad
425 840 617 887 tempus
641 830 843 887 expetit,
871 830 951 886 qui
982 844 1072 886 pro
1107 828 1188 873 illo
1224 827 1323 872 suis
1359 827 1534 872 ouibus
1557 827 1756 872 concio·

122 918 284 954 netur:
313 908 416 964 ipse
441 908 588 953 etiam
613 908 728 953 visit
751 922 856 952 nos.

178 985 221 1031 8.
290 984 587 1041 Tempestas
612 984 693 1029 illa
716 984 813 1029 iam
838 983 1019 1028 dudum
1054 982 1194 1028 nobis
1228 981 1435 1027 suborta
1460 981 1634 1037 (nostri
1660 981 1753 1026 dis-

117 1063 310 1119 sidium,
338 1063 468 1118 quod
502 1062 699 1119 dicam),
726 1062 902 1107 sedata
935 1070 1011 1106 est
1044 1059 1290 1106 foeliciori
1324 1059 1476 1115 exitU,
1505 1058 1751 1103 affectant

118 1140 244 1185 enim
268 1139 456 1184 fratres
479 1139 546 1184 illi
570 1139 710 1184 nobis
734 1138 991 1184 conciliari
1025 1148 1074 1183 et
1108 1138 1153 1182 in
1189 1137 1448 1194 pristinam
1472 1136 1751 1181 amiciciam

120 1217 298 1263 redire.
338 1216 488 1261 Faxit
528 1217 786 1273 Dominus,
825 1225 877 1261 vt
916 1215 1104 1261 amoris
1138 1215 1244 1260 eius
1277 1213 1640 1269 redintegratio
1678 1213 1756 1268 sit,

118 1294 247 1351 apud
273 1310 420 1350 quem
443 1294 539 1339 tuis
564 1292 821 1339 sacrificiis
855 1302 904 1339 et
937 1292 1247 1338 orationibus
1281 1290 1495 1336 maxime
1521 1305 1550 1335 a
1574 1299 1621 1335 te
1647 1305 1757 1335 esse

116 1371 493 1417 commendatos
517 1387 606 1416 nos
630 1386 801 1417 omnes
825 1370 1178 1427 supplicamus.
1206 1369 1347 1426 Opus
1370 1367 1569 1425 collegii
1594 1367 1754 1412 nostri

123 1449 305 1494 bonum
331 1448 569 1504 assurgit,
594 1447 681 1493 sed
705 1448 946 1504 paulatim
972 1447 1034 1492 ob
1059 1447 1335 1503 penuriam.

207 1523 470 1571 Granatae
503 1526 531 1570 4
564 1525 800 1570 calendas
835 1524 1143 1582 Septembris
1178 1539 1309 1569 anno
1348 1522 1475 1569 1558.
1514 1523 1592 1567 Ex
1627 1537 1758 1567 com·

124 1602 358 1648 missione
382 1602 655 1659 superioris
678 1603 709 1659 3,
737 1601 791 1647 P.
820 1602 878 1647 T.
907 1602 1137 1658 indignus
1161 1616 1339 1646 seruus
1365 1601 1411 1644 in
1436 1599 1608 1655 Chro.,

1402 1703 1429 1751 †

1207 1765 1235 1813 ἢ·
1270 1755 1510 1800 FONSECA
1545 1763 1573 1811 -ζ-
1606 1756 1637 1799 4.

207 1869 503 1926 Inscriptio.
528 1875 555 1923 †
579 1869 674 1916 Ihs.
703 1870 989 1915 Admodum
1014 1868 1123 1914 deo
1147 1869 1193 1913 in
1220 1867 1372 1913 Chro.
1402 1867 1474 1913 n.0
1494 1867 1633 1912 Patri
1659 1882 1757 1911 ma-

121 1945 319 2004 [gis]tro
358 1947 561 2004 Lainez,
600 1946 867 1992 Societatis
902 1947 1023 2006 Jesu
1058 1946 1346 2002 praeposito
1385 1944 1666 2003 ge[nerali].
1706 1944 1761 1989 ln

124 2024 249 2069 vrbe
275 2024 456 2070 Roma.

212 2101 392 2157 sigilli
413 2102 712 2160 vestzgz'um.

168 2278 178 2302 ¹
233 2282 279 2319 P.
298 2281 479 2328 Joannes
494 2279 632 2325 Plaza,
649 2279 813 2326 collegii
830 2284 977 2322 rector,
996 2279 1169 2315 Romam
1186 2278 1236 2314 ad
1251 2278 1492 2324 generalem
1508 2277 1658 2313 ordinis
1673 2289 1769 2314 con—

122 2348 291 2381 ventum
311 2340 518 2389 profectus
537 2345 638 2377 erat.

169 2405 182 2424 2
237 2402 442 2439 Martinus
460 2400 590 2437 Perez
609 2400 658 2437 de
677 2400 831 2448 Ayala.

169 2464 182 2483 ³
234 2462 279 2500 P.
299 2461 540 2508 Alphonsus
559 2459 678 2497 Ruiz.

168 2524 182 2543 ⁴
234 2522 421 2559 Fonseca
436 2520 599 2567 quidam
615 2519 804 2563 novitius,
823 2520 937 2568 cujus
953 2531 1204 2566 praenomen
1219 2523 1390 2561 tacetur,
1408 2520 1648 2552 numeratur
1662 2516 1769 2551 inter

122 2583 278 2619 incolas
298 2580 463 2627 collegii
482 2579 742 2626 granatensis
761 2580 801 2615 in
821 2580 993 2626 epistola
1014 2578 1063 2615 P.
1090 2578 1294 2626 Alphonsi
1313 2577 1418 2613 Ruiz
1437 2575 1515 2612 diei
1533 2575 1556 2612 9
1583 2574 1768 2622 Septem-

120 2643 204 2679 bris
222 2642 343 2690 hujus
363 2640 472 2682 anni,
494 2639 600 2686 apud
617 2639 772 2676 Laz‘m'i
788 2639 1002 2685 Monmn.,
1019 2638 1088 2681 III,
1109 2639 1179 2675 507
1198 2650 1283 2684 sqq.

234 3228 401 3256 LlTTERAE
422 3227 719 3261 QUADRIMESTRES.
741 3231 828 3255 TOM.
851 3227 888 3255 V.
1627 3225 1663 3252 49
