2051 3516
451 296 860 334 lot-INGOLsTAmo
885 296 908 333 8
935 295 1141 334 Ocronms
1173 299 1263 334 1537
1558 300 1627 337 403

104 392 146 438 6.
213 391 323 437 Dici
347 407 443 437 non
469 402 647 449 potest,
674 392 781 438 Rfle
805 392 972 447 Pater,
1011 408 1156 448 quam
1191 394 1471 440 desiderent
1504 397 1671 442 rustici

46 470 298 526 antiquam
325 469 612 526 religionem
637 471 683 516 in
710 470 851 527 pagis
876 469 1066 515 uicinis.
1104 470 1193 515 His
1228 471 1398 517 diebus
1424 473 1524 517 MEO
1549 473 1672 518 Her-

48 547 228 593 mando
252 557 300 593 et
318 547 501 592 Iodoco
522 549 553 603 ¹,
581 548 659 604 qui
686 563 813 592 nunc
836 547 999 592 factus
1024 556 1098 592 est
1122 548 1472 606 subdiaconus,
1497 534 1672 607 ut'pos

48 626 109 671 sit
133 625 234 670 sine
259 624 469 670 aliorum
496 624 805 671 detractione
829 624 1133 681 concionari,
1161 641 1271 670 cum
1297 641 1393 670 non
1429 627 1489 671 sit
1523 628 1675 672 moris

48 703 125 748 hic
149 702 433 748 concionari
459 702 628 756 laicos,
656 704 884 760 loquutus
908 710 982 747 est
1006 702 1053 746 in
1078 702 1253 748 itinere
1278 703 1475 759 quidam
1513 704 1674 760 deplo-

48 796 164 826 rans
189 779 440 825 miseriam
466 779 539 825 sui
564 779 697 837 pagi,
726 780 805 836 qui
830 788 904 824 est
928 778 1136 837 uicinUS,
1163 779 1249 824 sed
1273 781 1364 826 sub
1399 781 1498 825 alio
1534 782 1673 839 duce,

47 858 235 903 scilicet
258 856 455 902 Othone
480 857 511 912 2,
549 855 596 901 in
630 872 726 913 quo
761 856 928 901 aiebat
963 856 1035 901 bis
1058 856 1406 902 concionatum
1435 857 1675 914 quendam

48 935 451 980 concionatorem
487 934 820 991 lutheranum,
863 933 941 990 qui
982 933 1098 978 nihil
1138 933 1271 979 aliud
1306 934 1514 980 haberet
1549 935 1678 991 quod

47 1012 331 1058 concionari
357 1020 542 1069 posset,
569 998 715 1068 quam
741 1010 957 1056 conuitia
981 1010 1026 1055 in
1053 1009 1333 1066 pontificem
1365 1020 1412 1056 et
1447 1013 1676 1057 sacerdo-

45 1102 134 1147 teS,
162 1089 355 1136 interim
377 1089 687 1134 cessantibus
712 1098 759 1134 et
783 1087 989 1133 sublatis
1013 1088 1172 1133 missis
1197 1103 1256 1133 ac
1281 1088 1678 1135 solemnitatibus

46 1178 350 1214 sanctorum,
378 1166 512 1212 Inter
536 1176 757 1220 caetera,
784 1165 937 1222 inquit
971 1181 1023 1210 se
1058 1165 1234 1210 timore
1270 1175 1498 1211 coactum
1526 1168 1677 1212 semel

46 1245 439 1291 communicasse
478 1246 568 1290 sub
608 1253 835 1300 utraque;
878 1254 926 1288 at
966 1259 1063 1288 non
1097 1242 1350 1288 iacturum
1384 1259 1437 1288 se
1470 1244 1679 1300 amplius

46 1322 291 1379 pollicitus
316 1331 406 1379 est,
433 1331 481 1367 et
505 1322 668 1378 potius
691 1337 744 1366 se
770 1320 893 1366 mori
918 1320 1044 1365 uelle
1069 1319 1207 1365 dixit.

106 1401 147 1445 7.
214 1399 489 1446 Praeterea
513 1400 593 1445 alii
620 1399 790 1445 rustici
814 1398 1165 1451 welsierkiani,
1204 1399 1272 1444 ita
1307 1399 1435 1444 enim
1466 1409 1679 1445 uocatur

47 1494 223 1536 pagus,
266 1479 329 1524 ad
368 1493 512 1535 quem
551 1477 761 1523 Iodocus
801 1477 1192 1522 concionaturus
1237 1477 1444 1532 accedit,
1494 1493 1677 1533 magna

48 1556 309 1601 deuotione
335 1572 387 1601 se
411 1565 459 1601 et
483 1571 572 1600 sua
598 1555 663 1600 illi
687 1556 989 1610 obtulerunt,
1017 1564 1382 1610 conquerentes
1407 1554 1536 1610 quod
1561 1570 1677 1599 nun-

48 1649 194 1691 quam
223 1633 314 1678 sub
348 1633 520 1678 domos
554 1648 726 1677 eorum
762 1631 916 1676 nostri
951 1631 1143 1687 ingredi
1179 1630 1458 1687 dignentur.
1498 1630 1573 1675 De
1608 1630 1681 1675 his

47 1727 168 1757 uere
192 1710 285 1756 dici
309 1720 487 1766 potest:
525 1710 721 1767 paruuli
756 1709 1002 1766 petierunt
1037 1724 1232 1765 panem,
1271 1717 1318 1752 et
1353 1724 1447 1752 non
1488 1718 1562 1752 est
1602 1708 1680 1765 qui

50 1789 274 1845 porrigat
298 1789 367 1833 eis
392 1788 423 1833 3.

104 1866 148 1911 8.
217 1865 498 1911 Conciones
537 1866 685 1911 latine
725 1876 771 1910 et
810 1863 1148 1921 germanicae,
1187 1871 1288 1907 tam
1325 1871 1469 1907 extra
1505 1863 1679 1907 urbem

48 1960 195 2001 quam
234 1945 380 2000 intra,
423 1959 519 1989 non
559 1943 870 1999 omittuntur,
913 1950 961 1987 et
1000 1941 1108 1986 Deo
1148 1940 1334 1997 gratia,
1376 1955 1473 1984 non
1507 1940 1681 1985 desunt

48 2022 317 2079 auditores,
365 2021 560 2079 quique,
603 2030 654 2066 ut
694 2029 919 2077 apparet,
964 2019 1123 2075 magis
1164 2018 1262 2063 iam
1305 2027 1678 2074 permouentur.

47 2099 256 2156 Agimus
281 2115 393 2145 cum
416 2098 509 2144 illis
532 2099 579 2144 in
604 2098 924 2144 concionibus
948 2096 1127 2150 mitius,
1167 2097 1235 2141 ita
1267 2095 1392 2140 enim
1423 2105 1536 2140 sunt
1570 2112 1679 2151 ger-

48 2193 309 2223 manorum
335 2177 548 2233 ingenia:
577 2176 688 2221 duci
713 2175 898 2230 uolunt,
921 2189 1017 2219 non
1039 2174 1182 2219 trahi.
1207 2173 1303 2230 Qui
1324 2173 1682 2219 concionantur

48 2254 197 2300 latine
221 2264 324 2300 tres
363 2264 489 2299 sunt:
522 2253 834 2301 Theodorus,
872 2252 1187 2297 Hermannus
1223 2261 1271 2297 et
1306 2250 1612 2296 Couillonius
1645 2252 1677 2295 ⁴.

48 2333 144 2390 Qui
183 2332 489 2390 germanice,
516 2331 767 2377 Dionisius
791 2332 806 2353 ⁴³
831 2330 962 2375 intra
996 2330 1186 2380 urbem,
1216 2339 1264 2374 et
1287 2329 1497 2374 Iodocus
1534 2338 1679 2373 extra

48 2425 174 2456 eam:
203 2410 323 2468 legit
347 2420 615 2467 praeterea
653 2408 699 2454 in
735 2407 947 2463 collegio
982 2423 1112 2452 nouo
1149 2407 1164 2430 ⁶
1199 2405 1509 2463 stipendiatis
1544 2405 1681 2449 ducis

47 2489 100 2534 Ρ.
128 2489 396 2545 Dionisius,
423 2503 551 2545 quae
576 2502 656 2532 res
681 2486 830 2532 etiam
852 2484 991 2530 nobis
1011 2484 1127 2529 illud
1147 2484 1410 2541 collegium
1432 2482 1679 2528 conciliat.

106 2567 147 2613 O.
216 2566 589 2624 Disputationes
613 2565 660 2610 in
684 2563 938 2620 theologia
962 2563 1041 2608 uel
1071 2563 1277 2619 singulis
1314 2561 1575 2611 mensibus,
1605 2561 1682 2605 uel

48 2645 243 2702 singulo
267 2659 462 2701 quoque
487 2642 707 2689 bimestri
727 2658 755 2687 a
775 2641 958 2686 nostris
977 2640 1310 2695 instituuntur,
1335 2640 1395 2683 ad
1416 2654 1539 2695 quas
1558 2653 1681 2683 sem-

97 2775 106 2792 ¹
154 2773 327 2819 Jodocus
347 2771 624 2809 Cat-caeneus.
647 2769 1008 2811 BRAUNSBERGER,
1030 2767 1105 2803 loc.
1125 2766 1207 2811 cit,
1229 2765 1312 2801 3⁶21.

95 2835 108 2853 ²
158 2833 335 2870 Videtur
364 2831 476 2869 innui
505 2830 600 2868 Otto
632 2829 850 2874 Henricus,
884 2829 1037 2864 elector
1068 2826 1286 2873 palatinus.
1320 2824 1680 2866 BRAUNSBERGER,

50 2894 160 2937 ibid„
184 2894 263 2930 184.

96 2954 109 2973 3
161 2952 224 2990 Cf.
241 2952 409 2999 JEREM.,
438 2951 608 2995 Narem,
632 2949 706 2995 IV,
727 2949 761 2986 4.

95 3014 109 3034 4
164 3013 355 3050 Peltanus
375 3017 415 3049 et
432 3011 660 3058 Thyraeus,
682 3015 722 3047 et
740 3009 785 3046 P.
802 3008 982 3055 Joannes
1002 3005 1305 3044 Couvillonius.

97 3075 109 3093 ⁵
162 3073 382 3120 Dionysius
402 3071 658 3120 Feyrabend.
680 3069 1037 3106 BRAUNSBER1‘2ER.
1061 3066 1169 3109 ibid,
1191 3064 1272 3102 392.

97 3137 110 3155 ‘³'
161 3134 433 3172 Seminarium
454 3133 736 3179 georgianum.
758 3130 830 3172 Ii„
854 3129 963 3170 ibid„
985 3130 1017 3160 Γι.
1041 3126 1123 3162 ἯΒ.
