2051 3516
522 326 807 365 Qua—Egon
833 326 875 363 21
906 326 1114 364 Ocromus
1144 327 1233 364 155ss
1577 327 1647 363 837

69 423 188 467 tant,
217 412 261 457 in
289 411 463 469 quibus
486 427 538 457 se
563 421 700 457 tanto
726 427 837 457 cum
863 427 1135 469 progressu
1168 421 1216 458 et
1249 412 1412 458 fructu
1438 421 1691 467 exercent,

68 499 120 535 ut
144 490 346 547 dignum
372 489 700 534 admiratione
723 488 965 535 uideatur.

124 568 167 613 3.
235 566 463 612 Nonnulli
487 566 635 611 etiam
660 566 738 623 qui
763 575 912 612 antea
936 566 1236 612 uidebantur
1259 583 1288 612 a
1312 567 1451 612 nobis
1476 567 1693 624 aliquan·

67 646 222 691 tulum
247 644 410 700 alieni,
441 644 586 689 modo
611 644 679 690 ita
703 653 901 689 nostros
926 653 1112 700 amant,
1139 654 1192 690 ut
1216 644 1471 690 domestici
1496 645 1692 690 uidean-

67 732 163 779 tur,
189 721 576 778 saepissimeque
602 721 867 766 mundandi
891 721 1040 766 animi
1071 737 1225 767 causa
1257 722 1318 766 ad
1353 737 1443 767 nos
1478 723 1691 768 ueniant.

67 800 281 856 Aegi-oti
306 815 428 845 uero
453 808 738 844 nostrorum
763 798 1044 844 uisitatione
1068 798 1253 856 ingenti
1279 799 1456 844 solatio
1476 799 1694 845 afficiun-

67 888 162 932 tur;
201 878 524 934 quamobrem
564 876 645 921 diu
679 885 928 932 noctuque
962 876 1023 921 ad
1061 891 1148 921 eos
1180 876 1226 921 in
1262 887 1485 922 extremo
1520 876 1695 933 spiritu

68 955 403 1002 subleuandos
438 963 783 1009 accersuntur,
819 954 947 1010 quod
978 962 1213 999 externos
1248 970 1340 999 non
1378 954 1696 1000 mediocriter

68 1034 297 1089 delectat,
344 1047 456 1077 curn
502 1031 703 1077 uideant
749 1030 925 1076 Patres
970 1046 1280 1087 quacumque
1323 1031 1448 1077 hora
1492 1041 1696 1088 paratos

68 1126 192 1157 esse.
240 1109 482 1166 Quamuis
527 1118 692 1154 autem
744 1108 941 1164 aegroti
991 1108 1208 1153 habeant
1252 1108 1443 1165 aliquos
1487 1123 1694 1164 quorum

68 1188 354 1246 praesentia
387 1196 434 1232 et
466 1186 711 1243 colloquio
738 1186 958 1231 recreari
983 1185 1184 1242 possint,
1207 1201 1403 1242 semper
1426 1195 1590 1231 tamen
1614 1202 1694 1230 no-

67 1277 197 1311 stros
221 1274 504 1320 accersunt,
547 1263 677 1322 quod
712 1279 775 1309 ex
807 1263 933 1308 miro
973 1278 1099 1320 erga
1133 1278 1222 1308 nos
1256 1263 1418 1329 studio
1452 1262 1696 1319 proficisci

68 1353 259 1389 certum
295 1351 385 1388 est.
414 1341 713 1398 Conciones,
741 1351 950 1398 excepto
974 1341 1295 1387 uacationum
1320 1350 1562 1397 tempore,
1600 1356 1696 1386 me·

68 1421 222 1467 diocri
261 1420 512 1465 hominum
551 1434 798 1464 concursu
836 1418 1053 1475 habitae,
1095 1434 1186 1464 nec
1230 1418 1494 1464 mediocris
1532 1430 1696 1464 tamen

68 1499 177 1544 inde
201 1499 386 1544 utilitas
411 1507 665 1555 percepta;
693 1497 829 1543 multi
860 1496 988 1542 enim
1023 1497 1086 1542 ad
1120 1496 1459 1542 confessiones
1483 1512 1698 1542 commo-

67 1586 264 1634 uentur,
292 1577 372 1622 alii
398 1592 518 1622 uero
553 1576 649 1621 iam
675 1576 828 1621 ueluti
852 1583 1112 1621 currentes
1137 1575 1209 1632 (ut
1233 1575 1386 1631 aiunt)
1412 1575 1695 1621 incitantur.

156 1655 345 1700 Eorum
372 1654 450 1711 qui
476 1654 521 1699 in
547 1653 754 1700 uinculis
778 1662 906 1710 sunt,
934 1654 1153 1699 maxima
1177 1669 1300 1699 cura
1324 1653 1552 1709 habetur,
1576 1669 1697 1699 sem-

70 1748 157 1790 per
182 1732 310 1778 enim
336 1748 366 1778 a
391 1732 605 1789 quodam
625 1731 775 1777 Patre
795 1731 857 1776 ad
876 1730 996 1776 uitia
1014 1730 1252 1788 fugienda
1277 1740 1325 1776 et
1351 1731 1555 1776 uirtutes
1574 1746 1699 1776 sum·

69 1826 148 1856 mo
173 1810 321 1855 animi
355 1810 537 1855 ardore
568 1809 954 1866 amplectendas,
982 1809 1044 1854 ad
1068 1824 1271 1854 suorum
1306 1808 1561 1854 criminum
1586 1823 1697 1853 con-

69 1887 310 1934 fessiones
330 1896 378 1933 et
397 1887 762 1933 sanctissimum
779 1886 965 1932 Christi
983 1902 1165 1944 corpus
1182 1886 1470 1932 sumendum
1491 1886 1699 1931 excitari

69 1967 243 2011 solent.
271 1965 464 2011 Tantus
489 1975 654 2011 autem
678 1964 870 2011 fructus
894 1980 954 2010 ea
980 1964 1024 2010 in
1050 1980 1104 2010 re
1129 1974 1355 2022 apparet,
1383 1973 1436 2009 vt
1460 1963 1699 2020 explicari

70 2043 216 2089 facile
246 2059 341 2088 non
373 2043 542 2100 possit:
571 2059 682 2088 cum
716 2043 843 2088 enirn
878 2043 1033 2088 multa
1057 2042 1152 2087 sint
1182 2043 1441 2088 obstacula
1465 2057 1591 2098 quae
1615 2057 1701 2086 eos

70 2121 329 2177 quominus
354 2120 463 2165 Deo
481 2136 533 2166 se
552 2121 766 2173 tradant,
786 2118 1022 2177 impedire
1046 2119 1248 2177 possint,
1271 2119 1375 2165 fere
1395 2134 1565 2164 omnes
1588 2134 1698 2164 con-

70 2197 307 2243 fessarios
341 2206 526 2254 petunt,
554 2213 704 2255 saepe
737 2207 901 2243 tamen
937 2197 1029 2243 illis
1064 2206 1267 2254 propter
1301 2197 1424 2242 alias
1448 2205 1497 2241 et
1520 2196 1700 2241 similes

71 2276 425 2333 occupationes
458 2275 690 2321 satisfieri
714 2291 809 2320 non
833 2284 1012 2332 potest.
1040 2275 1191 2320 Pater
1215 2275 1295 2331 qui
1320 2290 1404 2319 eos
1430 2274 1606 2330 inuisit,
1634 2273 1700 2319 ita

71 2354 296 2400 omnibus
331 2354 509 2411 placet,
538 2363 589 2399 ut
622 2369 718 2398 non
754 2354 912 2399 solum
946 2353 1095 2398 uincti
1129 2353 1215 2398 sed
1249 2353 1397 2397 etiam
1432 2352 1568 2397 multi
1599 2351 1697 2407 alii,

71 2431 336 2488 aliquando
361 2431 453 2476 uiri
479 2431 681 2485 nobiles,
711 2431 772 2476 ad
797 2447 908 2477 eum
934 2430 1229 2476 audiendum
1265 2430 1523 2475 accedant.
1553 2428 1700 2475 Cum-

72 2525 165 2566 que
189 2510 341 2556 Pater
376 2509 590 2566 quadam
627 2510 702 2555 die
736 2509 952 2555 sermoni
978 2508 1122 2555 finem
1147 2508 1476 2565 imposuisset,
1504 2507 1700 2564 quidam

72 2588 230 2645 exiis,
257 2588 337 2645 qui
362 2588 406 2633 in
444 2587 670 2633 custodia
704 2596 864 2645 erant,
902 2587 965 2633 ad
1000 2602 1112 2632 eum
1146 2586 1406 2641 accedenS‚
1435 2584 1555 2630 dixit
1578 2601 1630 2630 se
1656 2584 1700 2629 in

72 2666 175 2711 eius
198 2665 424 2712 manibus
449 2665 666 2710 animam
691 2680 833 2710 suam
857 2680 918 2710 ac
942 2665 1151 2710 salutem
1176 2664 1441 2719 collocare,
1478 2678 1538 2708 ac
1573 2662 1698 2708 dein-

52 2748 187 2799 ‘ceps
210 2742 536 2799 praeteritam
560 2741 711 2788 uitam
737 2753 784 2788 et
807 2742 978 2788 solitos
1002 2756 1167 2786 mores
1191 2739 1429 2785 correxit.

131 2821 174 2866 4.
243 2819 426 2865 Effecit
450 2820 600 2865 etiam
624 2819 822 2876 quidam
847 2819 999 2866 Pater
1022 2817 1185 2864 diuino
1209 2817 1410 2874 auxilio,
1434 2825 1486 2862 vt
1505 2816 1701 2874 quidam

73 2897 344 2943 monachus
369 2897 447 2954 qui
473 2912 502 2942 a
526 2897 625 2942 suis
649 2896 920 2953 defecerat,
946 2895 1337 2952 vigesimumque
1361 2903 1593 2940 octauum
1618 2909 1690 2939 an-

73 2974 309 3020 numiam
334 2974 609 3032 apostolica
643 2974 913 3020 autoritate
948 2982 1092 3019 extra
1126 2972 1415 3028 religionem
1446 2981 1700 3028 transege-

74 3061 169 3108 rat,
197 3051 376 3097 iterum
410 3052 473 3096 ad
506 3051 764 3108 pristinum
798 3050 993 3096 uiuendi
1030 3058 1212 3095 statum
1248 3049 1448 3107 rediret,
1476 3049 1702 3105 idemque

74 3128 227 3175 Pater
252 3128 588 3186 praepositum
612 3129 838 3175 coenobii
874 3138 926 3173 vt
958 3143 1069 3173 eum
1094 3126 1396 3185 admitteret,
1422 3127 1703 3184 alloquutus
