2051 3516
537 269 839 307 24.—B1LL0210
865 269 887 304 9
912 267 1151 304 FEBRUARH
1181 268 1270 303 15:37
1610 267 1676 303 105

178 368 255 412 De
278 377 403 413 tutte
427 377 597 423 queste
621 381 738 412 cose
763 366 805 411 ci
831 380 978 421 parse
997 363 1208 409 rendere
1232 362 1373 407 auiso
1414 378 1442 406 a
1467 362 1514 406 la
1538 362 1598 406 R.
1638 362 1727 416 V„

90 445 121 490 il
145 445 234 490 Che
257 460 347 501 per
371 444 607 489 l'auenire
632 443 712 499 pisi
737 442 1136 499 diligentemente
1160 439 1372 484 faremo.
1410 438 1567 483 Resta
1602 439 1729 484 sola-

91 532 254 567 mente
279 521 646 566 raeomandare
671 528 844 576 questo
879 533 968 563 suo
1009 517 1221 573 collegio
1262 525 1310 561 et
1350 515 1461 561 tutti
1501 514 1579 559 noi
1619 515 1729 560 nele

92 615 179 644 sue
203 598 329 643 santi
354 597 584 643 orationi.
612 597 692 642 Da
718 595 972 652 Peroggia
997 610 1026 640 a
1050 594 1081 639 li
1104 593 1130 639 7
1152 593 1211 638 de
1236 592 1453 638 Febraio
1477 591 1605 657 1557.

181 674 342 720 Seruo
368 674 582 731 indegno
606 673 652 718 in
678 672 783 728 X.⁰,

1035 747 1220 792 MARCO
1255 746 1479 792 VALDEs
1512 747 1542 791 ¹.

179 840 472 896 Inscripffio.
508 843 534 891 ἢ
571 839 632 883 Al
658 838 809 883 molto
834 836 963 882 Rdo.
991 836 1037 881 in
1062 836 1134 881 XO
1158 836 1231 890 P.,
1261 835 1291 880 il
1315 835 1369 880 P.
1398 835 1463 880 Μ.
1500 835 1725 892 Laynez,

92 917 284 962 vicario
308 916 546 973 generale
570 916 699 961 della
720 912 1033 971 Compagnia
1054 913 1099 958 di
1120 912 1292 958 Giessi.
1320 913 1500 958 Roma.

877 1125 949 1175 24

468 1262 840 1310 ROBERTUS
876 1260 1356 1308 CLAYSSONIUS

578 1387 761 1413 BILLOMO
787 1376 809 1412 9
835 1385 1067 1411 FEBRUARH
1098 1375 1188 1411 1557
1215 1374 1240 1410 2.

91 1480 190 1515 1-14.
212 1479 280 1516 De
296 1480 435 1516 sacris
454 1479 713 1515 ministeriis
731 1488 758 1513 a
777 1477 916 1513 wm'z's
934 1475 1234 1512 sacerdotibus
1259 1474 1430 1520 collegii
1453 1476 1592 1511 nostri
1615 1485 1727 1510 exer-

162 1541 273 1583 citis,
301 1550 353 1575 ac
379 1538 433 1575 de
450 1538 607 1584 fructu
627 1548 677 1574 ex
696 1536 856 1573 iisdem
872 1534 1269 1582 percepto—1520.
1292 1534 1359 1571 De
1377 1533 1636 1571 academiae
1654 1534 1730 1570 bil-

163 1600 370 1636 lonzensis
390 1598 604 1634 exercitiis
624 1600 662 1633 et
680 1596 735 1633 de
749 1595 948 1642 profectu
968 1596 1257 1631 alumnormn
1278 1596 1324 1630 in
1345 1595 1500 1630 litteris
1526 1597 1565 1630 et
1583 1595 1629 1630 in
1647 1595 1734 1630 vir—

163 1659 329 1695 tutibus
341 1658 607 1695 christianis.
616 1677 656 1681 —
665 1657 1034 1693 Claromontanus
1049 1656 1232 1691 (zulz'stes
1245 1655 1475 1700 collegium
1492 1654 1732 1690 liberaliter

166 1719 320 1755 dotare
337 1717 602 1763 acfundare
617 1717 862 1762 pollicetur.

157 1821 196 1866 1.
264 1819 372 1865 Pax
396 1819 592 1864 Domini
619 1818 710 1864 Dei
738 1818 893 1863 nostri
917 1817 1037 1877 jesu
1062 1816 1248 1862 Christi
1274 1816 1499 1872 perfecta
1532 1831 1621 1861 nos
1647 1816 1729 1861 do-

98 1907 180 1944 net
204 1898 451 1943 libertate.
486 1896 665 1941 Amen.
695 1895 892 1940 Exacta
917 1893 1293 1951 quadrimestris
1327 1893 1472 1949 spatii
1498 1893 1731 1950 periodus

97 1975 332 2032 postulat,
359 1983 413 2019 vt
437 1973 734 2031 euangelici
754 1972 946 2017 laboris
971 1985 1241 2028 rerumque
1264 1980 1551 2016 nostrarum
1571 1979 1732 2016 status

97 2052 150 2098 P.
177 2052 236 2098 T.
264 2051 457 2097 fidelem
482 2051 729 2096 rationem
755 2050 1037 2095 reddamus.
1080 2048 1262 2106 Itaque
1288 2048 1538 2105 postridie
1562 2048 1727 2092 calen-

96 2131 195 2175 das
220 2129 448 2175 Octobris
487 2128 734 2173 extremis
757 2125 1227 2185 qnadrinzestm'bzts
1260 2125 1424 2170 literis
1461 2124 1731 2170 transmis-

92 2207 167 2252 sis
189 2207 222 2264 3,
258 2210 312 2251 vt
328 2206 484 2251 hasce
507 2205 571 2250 al)
594 2218 651 2250 eo
666 2205 902 2261 primum
925 2203 1009 2248 die
1029 2203 1368 2259 auspicezmtr
1384 2202 1508 2248 ordo
1532 2201 1731 2258 efflagi-

143 2351 152 2370 ¹
205 2350 269 2386 De
289 2349 487 2396 epistolae
516 2352 696 2391 auctore,
718 2346 786 2392 qui
806 2345 999 2392 hispanus
1019 2351 1107 2381 erat
1127 2357 1176 2380 ex
1196 2343 1492 2391 Guadalajara‚
1515 2343 1615 2379 haec
1634 2342 1729 2378 dicit

94 2415 140 2452 P.
162 2414 449 2452 Mercurianus
469 2414 510 2449 in
529 2412 700 2459 epistola
722 2411 844 2458 paulo
859 2416 954 2447 ante
973 2410 1110 2446 citata:
1132 2409 1234 2445 «Del
1254 2408 1316 2446 fr.¹
1344 2408 1485 2445 Marco
1504 2408 1658 2444 Valdes
1678 2408 1735 2444 al-

94 2481 156 2512 tro
174 2488 253 2512 non
272 2486 437 2511 occorre
469 2473 556 2509 dire
576 2473 663 2509 sino
683 2472 756 2508 che
776 2472 811 2508 ci
831 2471 881 2507 da
898 2471 1056 2517 grande
1077 2469 1332 2506 edificatione
1352 2482 1425 2505 con
1453 2470 1492 2504 la
1517 2481 1615 2504 suoa
1646 2467 1734 2504 dili-

95 2535 236 2581 gentia
254 2533 389 2571 ch'vsa
408 2534 501 2569 nele
521 2545 613 2569 cose
633 2531 847 2568 comesseli
872 2531 965 2566 dala
992 2530 1237 2566 obedientia.
1262 2529 1409 2575 Legge
1430 2528 1639 2564 humanita
1658 2540 1731 2564 con

95 2594 202 2631 assai
228 2594 309 2630 bon
336 2593 463 2640 garbo
491 2597 531 2629 et
557 2590 835 2629 sodisfattione
855 2590 893 2626 di
912 2590 999 2626 suoi
1014 2589 1174 2631 scolari,
1192 2589 1302 2635 quali
1319 2592 1630 2624 comunamente
1646 2600 1734 2634 pas-

96 2667 193 2690 sano
217 2654 275 2689 40.
297 2652 332 2689 E
359 2657 462 2689 stato
490 2664 588 2688 sano
615 2663 789 2698 sempre,
811 2649 902 2686 d'vn
920 2662 1018 2696 poco
1038 2649 1077 2685 di
1097 2662 1225 2695 rogna
1244 2649 1285 2684 in
1304 2648 1457 2684 fuora.»

143 2713 155 2732 ‘²
205 2712 268 2749 Ex
289 2711 542 2758 autographo
562 2711 601 2746 in
621 2710 757 2746 codice
779 2710 872 2746 Gal.
894 2709 964 2753 53,
985 2709 1007 2745 4
1022 2708 1077 2749 ff„
1098 2721 1165 2744 nn.
1186 2707 1352 2752 141-1443
1370 2706 1480 2753 prius
1498 2705 1616 2751 12—15;
1638 2705 1734 2742 olim

95 2772 218 2809 27-34.
240 2770 475 2809 Secundum
494 2770 685 2815 HANSEN,
706 2770 779 2806 loe.
800 2769 882 2811 cit..
904 2774 966 2805 est
995 2769 1224 2814 exemplum
1245 2767 1285 2802 in
1306 2766 1471 2802 archivo
1497 2765 1732 2802 coloniensi.

96 2831 231 2868 Multa
249 2830 482 2868 obliteravit
501 2835 542 2866 et
560 2829 698 2876 aliqua
729 2828 963 2865 emendavit
989 2827 1193 2864 Polancus
1220 2826 1259 2862 in
1287 2826 1361 2862 hac
1387 2825 1571 2872 epistola;
1599 2824 1736 2872 priora

95 2890 242 2929 litteris
260 2890 409 2927 italicis
427 2894 629 2933 notamus,
650 2889 783 2925 altera
802 2901 873 2935 pro
892 2900 1004 2924 more
1023 2892 1162 2923 nostro
1180 2886 1418 2922 indicamus.

143 2951 155 2970 ³
206 2950 288 2987 Eas
307 2950 433 2986 habes
451 2949 491 2985 in
510 2949 613 2986 Lz'tt.
632 2948 884 2995 Quadrim„
903 2947 978 2992 IV,
999 2946 1082 2983 538.
1104 2946 1169 2982 De
1189 2945 1424 2982 fundatione
1439 2945 1605 2991 collegii
1618 2944 1736 2981 billo-

97 3009 246 3046 mensis
265 3015 305 3046 et
324 3009 372 3045 de
392 3008 622 3056 apostolicis
638 3007 844 3044 laboribus
859 3007 1057 3043 sociorum
1074 3006 1114 3042 in
1129 3004 1353 3048 Arvernia,
1371 3002 1436 3041 Cf.
1454 3003 1733 3049 FOUQUERAY,

96 3069 292 3106 Histoire
308 3068 363 3105 de
381 3069 424 3105 la
447 3068 710 3114 Compagm‘e
729 3078 780 3103 en
800 3066 980 3110 ance,
1001 3065 1032 3108 Ι,
1056 3064 1122 3101 178
1140 3077 1225 3111 sqq.
