2051 3516
340 302 409 337 552
812 301 1027 337 er'rERAE
1054 301 1412 346 QuiDi‘eiMsss'rREs

294 396 457 441 sitriae
496 395 536 452 ἃ>
572 395 757 440 caeteri
791 395 896 440 fere
930 411 1096 440 omnes
1131 394 1345 450 aliquam
1381 392 1556 439 litteris
1591 409 1794 451 operam
1829 411 1911 439 na·

297 481 411 517 uant
435 472 479 516 in
505 487 564 516 ea
588 472 764 528 classe,
792 487 916 528 quae
950 472 1134 528 primas
1169 471 1213 515 in
1252 471 1345 515 hoc
1377 471 1587 527 collegio
1621 471 1822 516 obtinet.
1858 471 1918 516 In-

293 548 468 593 litteris
494 548 678 605 pariter
702 563 761 592 ac
785 548 956 604 spiritu
982 548 1027 592 in
1052 547 1154 592 dies
1178 547 1338 602 magis
1357 547 1613 603 magisque
1633 545 1908 602 proficiunt.

352 624 392 668 2.
460 623 689 679 Quatuor
728 624 1015 669 sacerdotes
1055 623 1282 679 (quorum
1322 638 1445 667 unus
1484 623 1748 667 secundam
1785 622 1912 678 regit

293 700 520 756 classem)
560 699 814 744 audiendis
848 700 1254 750 confessionibus,
1291 699 1576 743 seminando
1611 698 1703 743 Dei
1738 700 1908 751 uerbo,

293 775 604 820 monasteriis
628 776 1014 832 carceribusque
1039 773 1318 829 inuisendis,
1345 774 1654 830 caeterisque
1678 774 1767 830 piis
1801 790 1910 830 ope-

293 852 425 897 ribus
450 852 643 896 nauiter
666 852 965 898 incumbunt.
1004 852 1057 896 In
1095 866 1303 907 quorum
1338 867 1595 896 numerum
1632 851 1792 896 Prem.
1829 851 1910 895 Al-

293 929 485 973 bertum
540 927 916 973 Ferrariensem
965 944 1060 973 non
1105 927 1459 973 conferendum
1503 927 1688 983 putaui,
1736 928 1912 984 quippe

292 1020 435 1060 quem
460 1004 770 1049 incommoda
794 1005 1026 1049 ualetudo
1051 1012 1263 1060 quatuor
1287 1003 1496 1059 amplius
1530 988 1731 1048 menses
1756 1005 1835 1048 uel
1865 1003 1911 1047 in

290 1081 514 1126 cubiculo
541 1081 616 1125 uel
641 1081 686 1124 in
711 1081 838 1125 lecto
863 1081 1083 1134 detinuit,
1112 1095 1205 1124 non
1239 1080 1342 1124 sine
1377 1079 1540 1136 aliqua
1578 1079 1793 1124 omnium
1828 1095 1912 1124 no-

289 1166 508 1202 strorum
533 1156 859 1208 edificatione,
887 1172 1074 1212 suaque
1098 1167 1200 1200 tum
1231 1155 1457 1211 corporis
1491 1165 1592 1200 tum
1628 1156 1776 1201 etiam
1811 1156 1910 1201 ani-

290 1249 401 1278 mae
426 1234 651 1279 utilitate.
682 1233 876 1278 Etenim
907 1234 982 1289 (ut
1016 1234 1219 1289 ipsemet
1253 1231 1473 1288 profiteri
1508 1234 1666 1289 solet),
1694 1248 1753 1277 ne
1784 1233 1912 1277 domi

291 1310 483 1366 quidem
507 1325 625 1354 suae
651 1319 788 1354 tanta
812 1325 922 1354 cum
956 1309 1261 1354 humanitate
1296 1318 1380 1353 aut
1419 1308 1671 1365 diligentia
1706 1318 1910 1353 curatus

293 1387 466 1431 fuisset
496 1389 526 1431 ¹.

347 1463 389 1509 3.
457 1464 608 1508 Rdus.
646 1463 726 1507 Pr.
763 1463 982 1522 Jacobus
1017 1462 1074 1506 de
1110 1460 1335 1507 Guzman
1371 1462 1402 1510 ²¹,
1441 1461 1519 1517 qui
1556 1461 1665 1506 huic
1700 1461 1910 1518 collegio

289 1540 573 1597 praefectus
597 1550 685 1595 est,
714 1539 918 1596 singulis
942 1539 1112 1583 diebus
1146 1538 1337 1582 veneris
1373 1538 1418 1582 in
1453 1537 1590 1582 Illmi.
1628 1538 1765 1583 ducis
1788 1538 1803 1562 ³
1827 1554 1910 1594 pa·

287 1616 407 1662 latio
446 1616 507 1659 ad
547 1616 650 1660 eius
690 1615 852 1671 filiam,
895 1615 1113 1670 aliasque
1154 1614 1384 1669 hispanas
1425 1614 1621 1670 pietatis
1665 1613 1909 1659 studiosas

290 1692 533 1744 mulieres,
561 1692 862 1748 hispanicam
887 1692 1035 1736 habet
1058 1691 1345 1736 concionem
1371 1706 1552 1746 magno
1576 1706 1686 1735 cum
1711 1690 1909 1735 audien-

288 1769 407 1814 tium
446 1768 653 1824 spiritali
698 1768 939 1825 profectu;
987 1768 1124 1825 quod
1165 1767 1370 1812 crebrae
1414 1768 1465 1812 in
1512 1768 1783 1824 collegimn
1827 1781 1910 1812 720-

287 1850 452 1890 stmtm
477 1846 668 1902 missae
694 1846 1031 1890 eleemosinae
1054 1845 1199 1889 leand
1219 1844 1430 1889 obscure
1453 1845 1736 1889 declarant.
1765 1844 1909 1890 Cum-

289 1938 381 1978 que
407 1922 575 1978 paucis
600 1922 777 1967 abhinc
801 1921 1047 1966 mensibus
1083 1921 1206 1965 idem
1238 1921 1313 1965 Pr.
1341 1920 1566 1974 Iacobus,
1602 1920 1740 1966 Illmi.
1774 1921 1910 1965 ducis

287 1999 609 2044 conueniendi
648 1998 830 2054 gratia,
869 1997 1007 2042 Pisas
1042 2013 1215 2042 uersus
1251 1997 1665 2053 proficisceretur,
1705 1996 1911 2042 offendit

288 2075 334 2120 in
374 2075 550 2131 oppido
589 2074 802 2131 quodam
836 2089 932 2118 non
966 2084 1043 2119 sat
1078 2074 1259 2118 celebri
1295 2074 1429 2118 uiros
1464 2073 1667 2130 aliquot,
1706 2074 1784 2130 qui
1820 2074 1910 2119 sub

287 2151 444 2207 ipsum
469 2151 595 2196 diem
615 2151 904 2207 epiphaniae
923 2150 1147 2207 tripudiis
1167 2151 1372 2207 aliisque
1392 2150 1586 2206 ineptiis
1605 2166 1809 2207 operam
1828 2151 1909 2195 da-

287 2230 421 2285 bant3
449 2245 478 2274 a
503 2230 675 2285 quibus
708 2243 820 2273 cum
855 2228 1203 2273 eleemosinam
1239 2239 1537 2284 extorquere
1573 2228 1768 2273 minime
1802 2244 1908 2284 pos-

287 2316 376 2357 set.
405 2321 456 2350 se
481 2306 571 2350 illis
596 2304 942 2350 eleemosinam
967 2304 1196 2349 daturum
1223 2305 1480 2361 pollicitus,
1508 2314 1717 2350 mortem
1749 2305 1911 2361 coepit

288 2383 349 2427 ob
374 2383 545 2427 oculos
568 2395 863 2438 proponere3
891 2396 987 2437 qua
1011 2380 1075 2425 illi
1100 2397 1153 2425 re
1177 2396 1330 2436 usque
1355 2381 1479 2425 adeo
1504 2381 1653 2425 corde
1679 2396 1908 2438 compun-

287 2453 351 2498 cti
377 2462 504 2509 sunt,
534 2462 584 2497 ut
608 2452 835 2498 dubitare
873 2451 1000 2496 inter
1034 2467 1085 2496 se
1120 2452 1374 2508 coeperint
1408 2467 1468 2496 ne
1502 2452 1630 2496 intra
1665 2452 1794 2496 illam
1831 2452 1909 2497 he-

335 2596 353 2614 ²
404 2595 633 2632 neeesmria
654 2605 732 2631 ms.

337 2736 342 2752 ¹
397 2734 587 2769 Adversa
606 2732 839 2768 valetudine
857 2731 1008 2779 jamdiu
1027 2731 1216 2767 utebatur
1245 2730 1531 2767 Ferrariensis.
1563 2729 1626 2767 Cf.
1648 2730 1801 2766 Laz'm's
1826 2730 1909 2766 Mo-
1935 2725 1942 2731 '

288 2803 425 2833 ιιιιιηη
448 2792 496 2834 ΙΙ,
517 2794 550 2837 5;
573 2798 612 2828 et
631 2791 699 2835 HI,
720 2791 754 2827 3.

335 2852 346 2870 ²
398 2850 505 2887 Olim
533 2852 720 2887 alumnus
746 2849 792 2886 B.
818 2849 985 2896 Joannis
1013 2849 1060 2884 de
1088 2847 1227 2892 Avila;
1258 2849 1392 2884 clarus
1419 2849 1459 2884 in
1486 2848 1666 2885 doctrina
1692 2848 1910 2884 christiana

285 2910 421 2956 pueris
439 2910 646 2946 tradenda.
668 2909 767 2946 Erat
787 2914 922 2945 autem
941 2908 1105 2955 collegii
1123 2907 1472 2954 superintendens,
1490 2913 1647 2944 rectore
1662 2907 1808 2943 Fulvio
1827 2907 1859 2942 A
1868 2920 1908 2943 n—

286 2970 427 3013 drotio,
449 2970 496 3005 de
515 2982 593 3015 quo
612 2968 727 3006 infra.

333 3030 345 3048 ³
398 3028 567 3065 Cosmas
586 3028 602 3064 I
622 3028 843 3072 Mediceu53
865 3027 1023 3063 ducissa
1043 3039 1139 3063 vero
1158 3026 1362 3062 Eleonora
1381 3026 1429 3062 de
1454 3025 1620 3070 Toled03
1651 3025 1733 3061 filia
1759 3025 1908 3061 Lucre-

285 3089 354 3129 tia,
376 3092 462 3134 post
480 3088 637 3124 ducissa
658 3087 890 3123 Ferrariae.
