2051 3516
365 291 434 327 314
830 291 1048 327 LITTERAE
1074 290 1425 335 QUADRmfflsrREs

318 386 512 442 collegii
536 396 744 442 agentes
767 396 914 442 atque
939 386 1086 431 etiam
1111 386 1360 430 scolarum
1384 383 1609 439 magistri
1635 384 1797 439 sepius
1821 400 1937 429 exa-

318 463 579 508 minantur.
616 461 763 508 Scole
797 478 825 507 a
860 478 937 507 me
971 472 1019 507 et
1053 462 1159 507 aliis
1192 476 1308 517 sepe
1354 460 1631 516 visitantur,
1669 461 1936 506 beneuolos

319 555 443 596 erga
482 539 772 584 scolasticos
811 555 898 584 nos
938 539 1190 584 facientes.
1231 536 1520 581 Comediam
1565 536 1734 592 Euripi
1778 537 1935 593 perdi-

318 626 459 661 scunt
484 618 515 667 1,
557 631 702 671 quam
727 616 860 660 circa
885 615 1065 660 festum
1090 613 1245 658 sancti
1270 612 1537 658 Venceslai
1562 622 1726 669 agent.
1751 613 1937 659 Diebus

319 693 515 738 veneris
540 692 771 748 leguntur
795 693 966 748 regule
991 692 1038 736 in
1063 690 1286 746 prandio,
1324 698 1439 734 ante
1476 689 1807 745 vespertinam
1841 691 1936 734 col-

319 768 551 813 lationem
586 767 656 823 (vt
691 768 892 823 vocant)
928 768 1137 812 habetur
1174 765 1472 810 exhortatio.
1500 763 1717 821 Singulis
1746 765 1933 817 diebus,

318 843 463 889 finitis
486 844 628 899 tonis,
657 844 887 899 leguntur
916 843 1101 898 aliquot
1132 842 1324 886 articuli
1351 841 1637 897 regularum
1661 840 1936 886 officiorum

320 921 506 965 domus.
536 918 779 975 Syndicus
813 919 1066 975 generalis
1101 929 1174 963 est
1208 917 1427 975 joannes
1460 917 1706 973 Rosanus,
1733 918 1812 973 qui
1845 918 1936 963 sin-

319 997 447 1053 gulis
471 997 639 1040 diebus
665 996 828 1040 omnia
853 994 1061 1040 fideliter
1085 994 1260 1039 defert.

381 1074 447 1118 11.
516 1073 661 1117 Vnus
694 1072 909 1117 fratrum
944 1071 1158 1116 officium
1195 1072 1341 1116 habet
1375 1071 1580 1127 singulis
1624 1071 1794 1116 diebus
1827 1087 1937 1117 ara—

318 1166 437 1195 neas
482 1166 567 1206 per
613 1149 955 1194 dormitorium
999 1148 1192 1203 aliaque
1237 1148 1347 1191 loca
1392 1147 1587 1203 collegii
1642 1147 1933 1193 decutiendi.

318 1227 459 1271 Alius
484 1227 697 1270 matulas
729 1225 939 1269 fratrum
975 1225 1132 1281 (salua
1157 1223 1459 1278 reuerentia)
1484 1223 1688 1280 singulis
1712 1224 1936 1280 septima·

319 1303 392 1348 nis
414 1313 611 1358 purgat.
641 1301 782 1346 Alius
808 1301 891 1345 dat
916 1301 1076 1345 cibum
1102 1300 1264 1356 porcis
1283 1299 1320 1356 a,
1343 1308 1489 1355 atque
1515 1315 1603 1355 per
1626 1300 1801 1344 horam
1825 1311 1938 1344 ante

317 1378 574 1434 prandium
609 1387 657 1422 et
691 1392 898 1422 coenam
922 1392 1093 1421 cocum
1118 1377 1253 1420 iuuat
1278 1376 1323 1420 in
1348 1375 1525 1421 culina.
1552 1375 1692 1420 Alius
1727 1375 1938 1420 fratrum

319 1456 514 1500 calceos
547 1454 699 1499 semel
734 1454 779 1498 in
813 1454 1086 1509 septimana
1129 1452 1280 1508 vngit.
1321 1451 1459 1496 Alius
1493 1452 1645 1496 semel
1683 1451 1729 1496 in
1770 1467 1936 1497 mense

318 1531 556 1576 fratribus
591 1530 739 1586 pedes
774 1531 924 1574 lauat.
952 1528 1137 1574 Omnes
1170 1528 1356 1572 fratres
1379 1527 1522 1572 simul
1546 1527 1616 1572 bis
1639 1528 1686 1572 in
1710 1527 1934 1583 septima-

316 1623 379 1652 na
404 1616 610 1651 verrunt
634 1607 794 1661 scopis
818 1615 973 1651 totum
998 1606 1275 1661 collegium.
1304 1603 1521 1661 Singulis
1546 1604 1714 1649 diebus
1739 1603 1790 1649 fit
1814 1605 1935 1650 hora

316 1685 344 1728 4
376 1683 668 1729 exercitium
702 1683 963 1738 corporale
999 1684 1059 1726 ab
1094 1682 1319 1726 omnibus
1354 1680 1388 1735 b,
1426 1681 1638 1737 rigando
1672 1682 1844 1726 hortos
1877 1697 1936 1726 ac

318 1761 449 1805 aliud
473 1759 748 1804 huiusmodi
771 1759 1014 1804 faciendo.
1038 1759 1236 1804 Habent
1258 1758 1461 1815 singulis
1485 1758 1655 1803 diebus
1679 1759 1936 1804 lectionem

318 1838 565 1893 priuatam
600 1837 645 1881 in
682 1836 938 1881 Ciceronis
964 1836 1227 1881 rethorica.
1257 1834 1473 1892 Singulis
1507 1835 1791 1891 septimanis
1824 1835 1938 1881 dan-

318 1924 399 1959 tur
422 1915 642 1959 themata
667 1922 813 1970 atque
837 1914 1184 1958 examinantur
1219 1912 1431 1958 fratrum
1456 1912 1660 1969 epistole
1683 1913 1772 1969 bis,
1800 1928 1938 1969 prae—

318 2001 394 2036 ter
417 1990 769 2046 occupationes
794 1990 1057 2034 scolarum.

380 2066 447 2112 12.
514 2066 696 2111 Nouitii
721 2066 924 2122 singulis
948 2066 1118 2110 diebus
1142 2066 1323 2110 habent
1357 2065 1617 2110 lectionem
1651 2065 1695 2109 in
1729 2063 1939 2109 catheci·

319 2160 423 2189 smo
458 2154 506 2188 et
539 2143 850 2198 explicantur
884 2143 975 2187 illis
1009 2144 1182 2198 regule
1206 2141 1483 2187 Societatis.
1513 2141 1715 2197 Omnes,
1742 2141 1819 2197 qui
1845 2155 1939 2184 non

318 2222 442 2266 bene
466 2229 709 2264 nouerunt
733 2219 966 2275 scribere,
1004 2219 1208 2276 singulis
1242 2219 1411 2264 diebus
1444 2220 1595 2264 semel
1631 2218 1840 2262 reddunt
1864 2231 1940 2261 ra-

319 2297 500 2342 tionem
524 2296 782 2351 scripture,
812 2311 956 2351 quam
981 2296 1201 2341 scribere
1224 2305 1469 2351 tenentur,
1499 2305 1551 2340 Vt
1574 2296 1698 2340 bene
1734 2294 1937 2339 discant.

320 2371 537 2429 Singulis
561 2373 732 2417 diebus
756 2371 806 2417 fit
831 2372 973 2416 lectio
1007 2383 1093 2416 aut
1126 2372 1420 2417 exercitatio
1444 2372 1489 2417 in
1514 2372 1683 2427 lingua
1717 2370 1939 2416 boemica

320 2459 543 2505 tempore
569 2448 891 2493 recreationis
925 2458 1035 2504 post
1074 2464 1279 2493 coenam
1313 2459 1361 2493 et
1396 2448 1669 2504 prandium:
1704 2457 1853 2503 atque
1882 2447 1939 2491 si-

321 2542 469 2581 gnum
488 2525 633 2570 datur
652 2525 851 2580 linguae
872 2525 1110 2579 boemice,
1129 2525 1256 2580 quod
1276 2525 1504 2580 plectitur
1523 2524 1758 2580 requisita
1777 2523 1941 2568 cathe-

322 2617 383 2645 na
400 2611 507 2656 post
526 2601 915 2646 benedictionem
934 2616 1133 2651 coenae,
1154 2601 1332 2645 ablatis
1350 2601 1598 2645 carnibus.
1618 2599 1940 2644 Profecturos

321 2693 466 2732 spero
492 2677 628 2722 breui
652 2676 838 2722 fratres
861 2686 1085 2732 tempore
1110 2677 1156 2721 in
1180 2677 1278 2721 illa.
1306 2677 1433 2722 Nam
1452 2677 1796 2722 necessitatem
1815 2675 1940 2720 illius

366 2817 385 2835 ³
437 2817 650 2853 Additum
684 2818 727 2852 in
762 2827 913 2862 marga:
949 2816 1143 2852 habemus
1175 2816 1281 2851 enim
1312 2828 1453 2862 porcos
1483 2816 1551 2862 qui
1577 2814 1791 2861 superfluis
1818 2815 1942 2851 edunt

321 2875 418 2919 θεῖε)
436 2876 582 2911 culine.
636 2876 702 2901 —b
754 2876 801 2911 [n
822 2886 981 2921 marg:
999 2887 1108 2911 more
1128 2875 1375 2921 germanico.

370 3012 378 3030 ¹
431 3010 494 3046 De
515 3011 656 3057 Euripi
675 3012 894 3053 comoedia,
916 3023 1019 3058 quae
1035 3010 1074 3046 in
1089 3010 1271 3057 pluribus
1287 3009 1501 3047 Societatis
1516 3010 1700 3056 collegiis
1727 3009 1939 3056 agebatur,

321 3070 423 3111 vide,
445 3070 512 3112 sis,
535 3070 675 3112 Dmm,
700 3070 946 3107 Gesclu'clzte
964 3070 1317 3116 dersesm'ten,...
1339 3069 1368 3111 Ι,
1389 3070 1470 3105 331.
