2051 3516
398 273 468 310 928
862 272 1080 308 LITTERAE
1106 271 1460 315 QUADRIMESTRES

354 369 481 414 cium
506 368 752 424 quoddam
776 366 1116 413 conclusiones
1144 382 1174 412 a
1197 381 1250 412 se
1283 366 1525 411 reiiciunt.
1562 365 1803 412 Illuminet
1834 365 1970 412 Deus

356 453 544 490 mentes
582 459 777 501 eorum,
820 458 915 489 non
953 452 1054 489 tam
1095 442 1413 489 aristotelicis
1452 442 1782 500 argumentis,
1823 458 1970 500 quam

354 536 474 567 suae
497 521 694 566 tandem
718 520 1058 566 sanctissimae
1088 519 1286 577 gratiae
1309 519 1503 564 lumine.
1531 518 1797 564 Orationes
1820 519 1970 576 publi-

354 614 410 644 ce
434 614 463 644 a
486 597 669 643 nostris
698 596 861 653 sepius
894 596 992 642 iam
1026 605 1136 642 sunt
1171 595 1427 652 recitatae,
1469 595 1643 652 quibus
1680 596 1972 642 mirabiliter

354 674 662 721 auditoribus
714 683 789 719 est
840 672 1168 719 satisfactum.
1225 672 1277 717 In
1336 672 1707 729 circuncisione,
1764 672 1972 718 nominis

353 751 523 812 JHSV
555 760 831 797 tractantes
864 753 883 771 α
917 749 1087 796 laudes
1123 748 1150 805 ¹,
1188 750 1341 795 multa
1376 749 1434 795 de
1467 760 1669 795 nostrae
1708 748 1972 796 Societatis

355 829 664 874 adiunximus
687 827 925 884 instituto,
953 837 1004 873 ut
1028 827 1159 883 illud,
1186 826 1249 872 ad
1273 826 1512 874 maiorem
1537 826 1631 872 Dei
1649 827 1878 883 gloriam,
1900 827 1972 871 his

356 905 628 951 hominibus
652 905 954 961 elucescens,
981 903 1216 960 paulatim
1240 919 1325 949 eos
1349 903 1550 949 alliciat.

411 984 453 1029 5.
520 982 696 1028 Pueris
719 997 926 1039 quoque,
955 982 1033 1039 qui
1057 981 1218 1037 magis
1252 981 1298 1026 in
1334 981 1504 1026 studiis
1539 980 1810 1037 profecisse
1843 979 1972 1025 uide-

322 1105 325 1107 ,
357 1062 549 1117 bantur,
576 1074 754 1104 nouam
779 1060 989 1104 classem
1014 1057 1321 1103 distinximus
1345 1072 1455 1102 cum
1479 1071 1608 1102 nouo
1627 1065 1970 1114 praeceptore,

356 1153 561 1195 quorum
586 1137 783 1194 ingenia
807 1151 901 1195 quo
925 1144 1095 1181 mutua
1119 1135 1414 1181 emulatione
1439 1134 1780 1179 excitarentur
1813 1133 1972 1190 priua-

355 1216 440 1261 tim
464 1224 575 1261 sunt
599 1213 881 1268 examinati,
908 1228 968 1259 ac
991 1213 1060 1258 sic
1086 1212 1277 1270 publice
1312 1212 1355 1256 in
1391 1227 1599 1257 ascensu
1623 1226 1712 1267 pro
1745 1209 1973 1255 eruditio-

357 1292 427 1337 nis
453 1292 598 1337 modo
622 1291 797 1347 cuique
821 1291 958 1336 locus
981 1298 1030 1335 et
1052 1289 1174 1334 ordo
1199 1299 1272 1334 est
1302 1288 1585 1344 attributus3
1623 1287 1797 1344 quibus
1830 1286 1889 1331 R.
1920 1274 1987 1332 P.-

358 1378 540 1425 rector,
567 1368 778 1414 caeteris
803 1367 881 1425 qui
906 1382 1001 1412 non
1032 1367 1357 1412 ascenderent
1380 1363 1779 1421 inspectantibus,
1807 1363 1903 1408 liba
1927 1372 1974 1408 et

356 1447 578 1493 crustula
602 1445 810 1503 quedam
837 1443 1058 1489 distribui
1083 1442 1385 1499 procurauit.
1412 1441 1667 1487 Sensimus
1685 1449 1857 1496 postea
1881 1455 1973 1485 non

359 1539 529 1581 parum
563 1538 648 1568 eos
683 1523 775 1568 hoc
810 1530 954 1578 pacto
988 1520 1049 1565 ad
1084 1519 1246 1565 studia
1284 1518 1567 1576 prouocari.
1609 1518 1880 1563 Praetereo
1918 1517 1976 1561 de

358 1601 626 1647 maioribus
650 1599 907 1656 classibus,
934 1599 1013 1643 ubi
1047 1597 1191 1643 solita
1215 1597 1495 1642 auditorum
1521 1596 1807 1641 laboramus
1830 1609 1974 1651 penu-

359 1679 449 1724 ria.
477 1678 617 1724 Haec
641 1677 700 1723 de
724 1686 1042 1722 externorum
1067 1674 1252 1720 studiis.

414 1754 457 1800 6.
523 1753 652 1810 Quid
677 1754 735 1799 de
758 1751 999 1809 spirituali
1022 1751 1299 1796 animarum
1324 1749 1550 1806 profectu
1575 1749 1756 1794 dicam?
1774 1748 1827 1793 P.
1850 1747 1975 1793 Hen-

360 1832 490 1877 ricus
514 1831 559 1875 in
583 1845 701 1876 arce
725 1828 855 1886 apud
888 1843 1060 1884 regem
1095 1837 1142 1872 et
1177 1826 1441 1883 principem
1477 1826 1492 1850 2
1528 1825 1631 1881 agit
1666 1824 1976 1870 concionato-

359 1924 477 1964 rem,
504 1906 898 1964 frequentissima
922 1904 1085 1962 populi
1111 1903 1417 1949 multitudine
1450 1912 1498 1948 et
1527 1902 1646 1951 satis
1679 1916 1863 1958 magna
1897 1916 1977 1957 ap-

359 1985 668 2042 probatione,
695 1999 756 2029 ex
780 1983 955 2040 quibus
978 1981 1313 2037 concionibus,
1351 1981 1444 2026 hoc
1468 1979 1761 2037 praesertim
1795 1988 1977 2034 tempo-

360 2080 429 2121 re,
456 2072 594 2108 tanto
618 2061 863 2118 copiosior
886 2058 1160 2116 sperandus
1183 2068 1257 2104 est
1281 2057 1487 2113 fructus,
1514 2057 1643 2114 quod
1663 2056 1877 2101 omnium
1897 2070 1977 2100 un-

359 2140 601 2197 diquaque
625 2136 954 2183 concursione
978 2135 1127 2182 totius
1152 2135 1292 2191 regni
1318 2150 1445 2179 nunc
1475 2134 1552 2179 hic
1585 2142 1801 2190 agantur
1834 2131 1976 2177 comi-

363 2217 447 2262 tia.
474 2215 732 2262 Laudetur
755 2223 803 2260 et
826 2212 1133 2271 glorificetur
1156 2211 1409 2257 Dominus.

419 2294 461 2338 7.
527 2292 712 2337 Frater
731 2290 1071 2347 Wolfgangus
1095 2290 1110 2313 ³
1135 2289 1212 2345 qui
1243 2288 1432 2334 Uienna
1457 2302 1613 2344 nuper
1636 2287 1697 2332 ad
1717 2302 1804 2332 nos
1829 2286 1975 2342 uenit,

361 2370 614 2416 dominicis
633 2369 801 2414 diebus
826 2367 1150 2414 concionatur
1172 2366 1217 2411 in
1243 2375 1413 2411 nostro
1439 2365 1635 2422 templo,
1656 2363 1978 2420 frequentiori

361 2463 506 2504 quam
545 2447 784 2493 hactenus
821 2445 944 2490 solet
983 2443 1241 2489 auditorio.
1280 2441 1634 2488 Confitentium
1671 2456 1864 2498 quoque
1893 2456 1977 2485 nu-

363 2540 528 2570 merus
551 2523 692 2569 solito
716 2522 805 2568 fuit
828 2521 988 2567 maior
1012 2521 1057 2566 in
1080 2520 1172 2565 hoc
1196 2519 1364 2564 natali.
1393 2518 1471 2564 Ex
1493 2518 1675 2564 nostris
1695 2516 1859 2574 pueris
1881 2531 1978 2562 non

362 2602 519 2647 solum
538 2598 781 2656 catholici,
808 2598 895 2644 sed
918 2607 966 2644 et
990 2597 1206 2643 hussitae
1225 2598 1297 2651 (ut
1321 2606 1423 2641 tres
1447 2604 1532 2641 aut
1551 2595 1783 2653 quatuor)
1803 2595 1863 2639 ad
1884 2594 1977 2639 Dei

409 2780 428 2799 ²¹
478 2778 687 2816 tractantis
707 2789 786 2814 ms.

413 2944 421 2962 ¹
478 2941 581 2978 Vide
603 2952 694 2986 pag.
715 2938 798 2975 525.

409 3002 422 3021 ²
473 3000 572 3046 Pag.
593 2998 764 3035 525-526.

414 3060 427 3079 ³
475 3058 752 3105 Wolfgangus
771 3057 917 3094 Faber.
941 3055 1046 3092 Vide
1067 3067 1157 3101 pag.
1180 3053 1261 3096 433,
1282 3058 1415 3090 annot.
1434 3053 1467 3098 5,
1489 3057 1528 3089 et
1548 3064 1643 3099 pag.
1663 3050 1746 3088 68l.
