2051 3516
505 285 894 324 17.—INGOLSTAD10
918 286 965 324 25
985 287 1188 335 JANUARII
1217 289 1306 325 1557
1627 291 1669 327 71

871 525 930 574 17

456 646 813 693 THOMAS
868 647 1340 695 LENTULUS

532 776 806 803 lNGOLSTADIO
832 766 878 803 25
902 777 1100 813 JANUARH
1129 768 1219 804 1557
1247 769 1270 804 ¹.

75 868 113 904 ⁷1.
146 867 371 905 Societatis
389 879 415 905 a
420 868 513 912 find
533 870 644 905 cives
663 870 928 905 existimatio
946 871 993 906 in
1012 869 1107 906 dies
1125 870 1414 915 augetur—2.
1446 871 1552 917 Spes
1578 883 1717 911 novae

151 928 324 965 scholae
353 928 777 971 aedificandae—3.
812 928 951 965 Pueri
981 932 1154 966 nostras
1182 930 1356 967 scholas
1376 930 1714 978 frequentantes

152 989 347 1034 exemplo
365 990 542 1025 virtutis
561 999 612 1025 ac
629 999 759 1025 verae
773 990 952 1035 pietatis
975 1000 1077 1026 suos
1100 994 1307 1035 parentes
1333 991 1394 1028 ad
1421 991 1713 1029 christianam

153 1048 403 1093 religionem
425 1049 583 1085 melius
602 1048 925 1085 observandam
942 1050 1339 1095 provocant—45.
1370 1051 1641 1088 Litterarum
1662 1064 1714 1090 ac

148 1108 435 1144 scientiarum
455 1110 781 1146 exercitationes
796 1109 973 1155 aliquae
988 1114 1276 1147 recensentur.
1287 1110 1367 1147 —6.
1400 1110 1604 1157 Optimae
1620 1115 1716 1159 spei

149 1167 443 1204 adolescentes
469 1168 529 1205 ad
557 1168 814 1205 Societatem
841 1168 1132 1206 adnu'ssz·.—7.
1163 1169 1366 1216 Quatnor
1387 1173 1496 1207 socii
1511 1171 1711 1218 Pragam

148 1227 496 1264 mz‘ttend2·.—8-9.
526 1228 653 1265 Aliae
671 1230 937 1265 mutationes
956 1230 1330 1267 nostratum—10.
1361 1230 1708 1269 Tabellariornm

146 1287 192 1323 in
229 1288 382 1324 litteris
413 1288 689 1334 perferendis
724 1288 931 1326 tarditas.
961 1310 977 1313 -
997 1290 1056 1325 11,
1096 1289 1268 1326 Domus
1302 1290 1407 1327 hene
1437 1291 1709 1337 procedit.—

146 1346 205 1384 12.
239 1347 441 1385 Canisins
460 1350 505 1385 in
532 1349 720 1385 comitiis
749 1349 1123 1386 ratisbonensibns
1146 1351 1348 1395 primum
1377 1351 1521 1388 locum
1549 1352 1713 1389 obtinet

147 1409 262 1445 inter
277 1408 503 1454 theologos.

139 1492 177 1537 1.
244 1492 348 1537 Pax
381 1491 566 1538 Christi
603 1492 724 1550 Jesu
763 1493 1035 1538 nobiscum.
1072 1492 1178 1538 R.de
1218 1493 1264 1538 in
1301 1493 1501 1540 Christo
1535 1495 1704 1542 Pater.

74 1568 301 1615 Daturus
324 1586 528 1627 operam
552 1580 606 1616 vt
629 1586 689 1615 ea
714 1585 840 1627 quae
865 1571 945 1615 vel
969 1571 1184 1616 maxime
1204 1580 1422 1629 optares,
1445 1583 1531 1619 aut
1549 1574 1709 1619 minus

75 1647 407 1704 displicerent,
449 1648 620 1704 paucis
653 1647 714 1692 R.
753 1648 813 1693 T.
856 1657 904 1693 et
938 1648 1147 1694 iucunde
1187 1650 1566 1707 perscriberem,
1603 1660 1707 1697 tum

67 1741 199 1783 quae
223 1727 313 1772 sub
347 1725 490 1771 finem
526 1726 821 1771 Decembris
855 1742 1010 1784 vsque
1045 1726 1206 1772 adhuc
1240 1727 1376 1773 circa
1415 1729 1705 1775 vberrimun

74 1813 371 1860 prouentum
396 1819 457 1849 ac
480 1804 627 1861 longe
651 1803 1021 1849 foelicissimum
1044 1819 1368 1862 progressum
1392 1806 1604 1864 collegio
1639 1807 1704 1852 in-

71 1881 394 1937 golstadiensi
434 1882 738 1933 acciderunt,
781 1881 912 1927 haud
957 1883 1253 1938 poenitenda
1292 1885 1700 1942 perstringerem,

70 1959 283 2016 primum
317 1959 447 2016 quod
481 1959 541 2004 de
575 1975 843 2015 puerorum
876 1959 1197 2017 institutione,
1235 1976 1362 2017 quae
1396 1977 1704 2019 magnopere

70 2037 246 2082 horum
290 2036 469 2082 ciuium
508 2037 698 2082 animos
738 2037 784 2082 in
823 2037 979 2082 nostri
1019 2037 1399 2084 admirationem
1438 2040 1699 2095 pertrahit,

69 2131 179 2160 cum
205 2115 455 2160 inmortali
478 2114 662 2171 gaudio
687 2115 1005 2168 occurrebat,
1033 2124 1081 2159 et
1105 2114 1198 2160 hoc
1221 2115 1349 2161 inter
1372 2125 1577 2161 caetera
1602 2132 1701 2162 ma-

62 2191 382 2249 gnificentius
405 2192 659 2249 obtigisse,
687 2191 1041 2237 declarandum
1066 2192 1217 2237 venit:
1245 2202 1346 2238 tam
1378 2208 1465 2239 nos
1491 2194 1535 2238 in
1560 2209 1700 2250 prae-

67 2269 226 2315 sentia
250 2270 314 2315 ab
338 2270 564 2315 omnibus
594 2269 993 2315 beneuolentiam
1029 2280 1274 2326 captasse,
1308 2270 1436 2316 hanc
1471 2286 1641 2317 omnes
1671 2287 1700 2317 a

65 2348 207 2393 nobis
231 2347 507 2404 opinionem
533 2348 833 2403 concepisse,
861 2355 914 2391 vt
938 2347 1177 2403 quosdam
1196 2348 1261 2393 -de
1286 2348 1426 2393 caelo
1461 2348 1599 2404 quasi
1633 2348 1698 2394 di—

67 2426 207 2471 uinos
230 2425 448 2471 homines
472 2425 517 2470 in
543 2423 865 2471 Germaniam
889 2426 1118 2482 delapsos
1143 2435 1328 2482 putent,
1357 2435 1410 2471 vt
1429 2426 1578 2470 etiam
1598 2426 1696 2471 dili-

65 2503 235 2560 gentia
258 2513 429 2549 nostra
455 2503 553 2548 alia
586 2503 727 2547 huius
761 2502 976 2548 ciuitatis
1010 2503 1273 2559 gymnasia
1307 2503 1403 2547 iam
1436 2518 1695 2559 propemo-

67 2580 179 2625 dum
205 2580 422 2636 expilata
446 2595 555 2625 esse
585 2579 817 2626 nonnulli.
856 2580 968 2625 licet
1004 2579 1282 2636 pauciores,
1320 2580 1399 2635 qui
1435 2589 1695 2635 quaestum

67 2667 283 2713 sperant,
311 2656 550 2702 inuidiose
573 2665 862 2712 querantur.

124 2733 165 2779 2.
232 2734 413 2789 Locus,
440 2733 521 2790 qui
544 2733 710 2790 pueris
734 2733 827 2778 hoc
850 2742 1075 2789 tempore
1107 2732 1386 2778 erudiendis
1420 2732 1565 2778 datus
1599 2743 1689 2791 est,

66 2827 150 2856 eos
173 2811 431 2857 commode
454 2827 551 2856 non
570 2811 718 2868 capit,
740 2811 976 2868 insygnes
995 2826 1054 2855 ac
1079 2809 1242 2855 multis
1265 2819 1477 2855 naturae
1496 2810 1693 2857 dotibus

66 2888 272 2945 egregie
296 2897 582 2933 exornatos.
609 2888 685 2933 De
708 2888 924 2933 subsidio
949 2888 1043 2932 loci
1067 2886 1481 2932 conuenientioris
1514 2897 1563 2933 et
1591 2904 1691 2934 am-

112 3043 121 3060 ¹
175 3040 237 3077 Ex
256 3042 507 3088 autographo
525 3041 566 3077 in
585 3041 719 3078 codice
742 3041 882 3078 Germ.
906 3040 998 3083 185,
1019 3040 1042 3075 2
1059 3039 1117 3082 ff..
1138 3052 1204 3076 nn.
1226 3040 1285 3081 29,
1305 3040 1363 3085 30;
1382 3040 1492 3087 prius
1509 3040 1587 3084 429,
1606 3042 1687 3079 430.

66 3098 358 3147 Compendium
377 3101 495 3148 hujus
515 3101 708 3147 epistolae
729 3100 933 3136 invenitur
952 3101 992 3136 in
1011 3099 1051 3136 ff.
1073 3099 1182 3136 31-32
1200 3100 1381 3148 ejusdem
1401 3101 1559 3138 codicis.
