2051 3516
340 300 410 337 206
796 301 1013 336 errERAE
1042 299 1132 345 QUA
1143 308 1393 335 DfflMESTRES

291 410 401 439 nam
429 395 599 439 maiori
626 395 812 451 pudore
836 394 1081 449 afficerer,
1111 392 1391 448 religiosum
1415 406 1492 435 me
1516 401 1563 436 et
1594 392 1658 436 ab
1680 392 1925 438 omnibus.

290 470 545 514 mundanis
585 470 715 515 curis
756 470 1014 514 immunem
1053 478 1100 513 et
1139 468 1362 523 liberum,
1403 466 1447 510 id
1492 482 1586 511 non
1626 476 1901 523 praestare,

288 546 415 602 quod
438 545 656 591 infirmus
679 545 951 591 foemineus
974 560 1121 590 sexus
1145 543 1354 588 tuendae
1378 542 1594 587 familiae
1622 552 1669 588 et
1695 543 1903 589 educan—

288 621 379 666 dae
403 622 583 666 sobolis
608 637 729 666 cura
753 622 1002 666 districtus
1026 621 1237 665 exhibet.

344 697 386 741 3.
453 696 549 742 Sed
575 706 625 741 ut
649 697 775 741 unde
799 697 915 746 exit,
943 712 993 741 se
1018 704 1278 740 conuertat
1302 694 1478 746 oratiO,
1503 694 1574 739 his
1608 695 1715 739 aliis
1738 693 1903 741 Socie-

288 772 401 817 tatis
426 772 673 817 exercitiis
692 772 867 817 Patres
891 781 1086 817 uacant.
1114 771 1319 826 Insuper
1343 770 1399 814 iis
1423 769 1501 826 qui
1526 769 1631 815 fato
1655 780 1767 815 sunt
1792 787 1902 827 pro-

286 849 416 902 ximi,
444 864 570 904 quae
595 849 811 893 maxima
836 848 910 892 hic
934 857 1007 892 est
1031 847 1303 895 multitudo,
1325 861 1519 902 semper
1539 861 1600 890 ex
1618 847 1800 892 nostris
1819 847 1912 893 ali-v

287 925 393 979 quis
417 924 588 969 asistit.
617 925 722 969 Nec
751 924 788 969 si
823 925 988 980 plures
1022 938 1255 979 essemus,
1293 932 1527 978 quantum
1562 922 1903 978 experimento

285 1000 388 1055 ipso
409 1015 715 1056 cognoscere
736 1000 862 1054 licet,
884 999 1179 1055 indignantis
1199 998 1361 1043 Patris
1379 998 1593 1044 familiae
1610 1014 1752 1054 uoce,
1774 999 1903 1055 quod

284 1085 387 1121 tota
413 1076 486 1120 die
512 1077 815 1132 complicatis
845 1077 1067 1121 manibus
1100 1075 1242 1120 otiosi
1275 1083 1538 1131 staremus,
1575 1076 1900 1131 reprehende-

286 1166 469 1196 remur.
498 1151 683 1197 Uerum
709 1167 819 1197 cum
844 1153 989 1197 mesis
1013 1153 1191 1207 ubique
1215 1152 1276 1196 sit
1298 1151 1467 1208 multa,
1495 1151 1709 1207 operarii
1733 1161 1899 1197 autem

286 1236 387 1272 tam
412 1228 553 1283 pauci
579 1229 615 1283 ¹„
636 1238 823 1272 tantum
847 1229 987 1273 abest
1022 1238 1072 1272 ut
1106 1227 1232 1284 quod
1268 1228 1656 1284 postulabamus,
1695 1227 1754 1272 sit
1789 1243 1911 1273 con·

282 1318 488 1360 cessum,
516 1315 565 1348 ut
591 1315 636 1348 et
660 1304 719 1349 de
742 1305 836 1349 hoc
859 1305 1031 1360 pusillo
1055 1319 1211 1360 grege
1236 1304 1426 1360 aliquos
1449 1304 1725 1349 subducere
1748 1305 1809 1350 sit
1833 1305 1899 1350 in-

283 1379 613 1425 terminatum.
650 1380 822 1436 Itaque
847 1381 995 1425 multo
1019 1381 1173 1425 satius
1197 1380 1433 1437 ducimuS,
1461 1389 1513 1425 ut
1537 1380 1725 1437 quimus
1750 1381 1896 1437 dege-

284 1471 354 1511 re,
382 1456 576 1510 quando
602 1472 692 1500 non
720 1457 829 1501 licet
852 1468 903 1501 ut
927 1458 1163 1508 uolumus,
1188 1472 1333 1512 quam
1358 1456 1405 1500 in
1428 1457 1699 1513 periculum
1729 1458 1899 1503 uenire

281 1539 508 1576 neutrum
532 1532 753 1587 capiendi
778 1533 1007 1588 leporem,
1036 1533 1147 1577 dum
1171 1533 1330 1577 altero
1355 1532 1571 1578 contenti
1590 1548 1684 1577 non
1709 1548 1890 1578 sumus.

339 1608 380 1652 4.
447 1607 493 1651 A
517 1608 756 1657 fratribus
780 1609 825 1652 in
849 1608 1001 1653 solitis
1025 1608 1274 1653 exercitiis
1296 1609 1412 1653 nihil
1435 1608 1628 1664 penitus
1663 1609 1898 1656 intermit-

281 1684 412 1735 titur;
441 1684 551 1740 quin
576 1685 690 1740 imo,
718 1684 916 1730 Christo
951 1686 1130 1742 gratia,
1169 1686 1214 1730 in
1248 1686 1399 1730 horas
1432 1685 1591 1730 maius
1622 1685 1896 1742 suscipiunt

283 1770 618 1816 augmentum.
657 1759 901 1816 Spiritalis
934 1762 1047 1807 item
1081 1762 1251 1807 feruor
1284 1762 1443 1819 magis
1477 1777 1538 1807 ac
1570 1762 1731 1820 magis
1763 1762 1896 1808 infla-

281 1846 458 1882 matur.
505 1838 811 1893 Regularum
855 1849 1138 1884 nostrarum
1190 1839 1414 1884 districta
1458 1839 1503 1883 in
1548 1839 1918 1884 obseruatione

279 1912 424 1969 (quod
449 1923 522 1958 est
541 1914 876 1971 praecipuum)
895 1916 1089 1972 geritur
1109 1916 1250 1961 ratio.
1274 1915 1419 1972 Quod
1438 1926 1489 1960 ut
1507 1916 1566 1960 sit
1585 1926 1893 1972 perpetuum,

277 1988 402 2033 faxit
425 1988 759 2046 Omnipotens,
788 2000 838 2035 ut
863 1992 939 2047 qui
962 1992 1092 2036 dedit
1116 2000 1163 2037 et
1186 1993 1312 2037 uelle
1337 2002 1385 2037 et
1408 1992 1642 2049 incipere,
1664 1991 1745 2037 det
1769 1992 1895 2038 idem

277 2073 325 2109 et
348 2064 585 2121 perficere
609 2066 639 2110 2.
667 2066 779 2111 Duo
804 2067 978 2112 Patres
1002 2068 1216 2113 diuinum
1242 2070 1451 2114 uerbum
1483 2069 1790 2114 seminauere
1814 2069 1894 2114 do-

278 2141 465 2186 minicis
488 2143 793 2188 solummodo
817 2144 1002 2199 diebus,
1031 2145 1157 2190 alter
1191 2146 1235 2190 in
1271 2146 1474 2191 basilica
1508 2146 1603 2191 diui
1638 2143 1891 2202 Stephani,

275 2218 488 2262 maxima
513 2219 785 2264 confluente
810 2222 971 2277 turba,
999 2222 1125 2266 alter
1149 2222 1195 2267 in
1220 2238 1442 2267 carcere.

331 2294 372 2339 5.
435 2294 703 2340 Litteraria
727 2306 892 2341 autern
916 2298 1076 2342 studia
1100 2298 1206 2354 pari
1232 2314 1325 2354 quo
1356 2299 1565 2344 antehac
1598 2314 1747 2355 passu
1783 2314 1893 2355 pro-

277 2370 467 2425 cedunt,
493 2371 900 2417 scholasticorum
919 2389 1124 2419 numero
1148 2381 1184 2431 ³,
1212 2385 1296 2419 aut
1321 2375 1572 2432 exiguum,
1599 2384 1685 2420 aut
1707 2375 1892 2420 nullum

276 2445 568 2501 suscipiente
592 2446 961 2500 incrementum:
998 2459 1100 2507 aut,
1128 2451 1256 2506 quod
1290 2451 1450 2496 media
1484 2451 1545 2496 sit
1578 2451 1823 2496 confessio
1857 2452 1889 2506 3,

276 2529 374 2577 aut,
402 2523 528 2578 quod
547 2524 707 2580 magis
726 2535 1107 2571 consentaneum
1129 2527 1307 2572 rationi
1328 2536 1417 2584 est,
1439 2528 1566 2584 quod
1585 2543 1660 2572 me
1680 2528 1890 2573 debeant

278 2597 341 2641 uti
367 2599 619 2654 magistro.
647 2599 699 2644 In
724 2601 780 2645 iis
804 2611 969 2646 autem
990 2603 1067 2659 qui
1093 2604 1346 2648 nobiscum
1370 2613 1711 2660 perseuerant,
1740 2619 1907 2661 quan--

325 2792 341 2812 ³
386 2785 438 2821 Iu
460 2797 597 2832 marg.
620 2789 770 2825 eadem
790 2801 941 2827 mmm:
964 2790 1301 2829 Scholasticorum
1324 2806 1528 2830 numerus
1551 2792 1598 2830 C.

329 2949 335 2966 ¹
390 2948 451 2985 Cf.
473 2948 657 2991 MATTH„
680 2950 751 2992 IX,
771 2952 828 2988 37.

326 3006 338 3024 ²
389 3006 449 3043 Cf.
472 3007 666 3051 PHILIPP„
689 3009 737 3053 II,
761 3010 813 3046 13.

325 3064 337 3082 ³
388 3064 449 3101 Cf.
475 3078 565 3112 pag.
587 3066 643 3102 69.
