2051 3516
601 315 923 353 los—Cotoxm
950 315 997 352 2⁴2
1022 315 1131 362 MAJI
1161 314 1250 351 1558
1622 313 1693 349 665

193 413 485 469 Inscriptio.
526 416 552 464 ἢ
592 412 655 457 ΑΙ
698 412 849 457 molto
889 412 1014 458 Rdo.
1052 412 1097 457 in
1133 411 1224 456 Χ.Ο
1261 411 1391 466 Fre,
1430 410 1459 455 il
1495 409 1607 454 Pre.
1648 410 1738 455 M.⁰

106 489 278 536 Giac.0
313 491 522 546 Laynez,
549 489 741 534 vicario
778 491 1018 547 generale
1052 489 1180 534 della
1217 487 1532 545 Compagnia
1555 486 1601 531 di
1625 485 1738 531 Gie-

107 572 178 614 δὴ.
206 567 384 612 Roma.

879 767 981 819 168

446 875 509 920 P.
561 874 962 934 JOANNES
1018 872 1407 919 RETfflus

651 980 831 1006 comma
858 968 904 1005 22
930 979 1024 1015 MAJI
1057 969 1146 1006 1558
1174 971 1197 1005 ¹.

106 1054 179 1090 1-4.
216 1054 282 1090 De
309 1054 480 1099 collegii
513 1055 735 1090 nascentis
765 1058 999 1099 progressu
1034 1057 1073 1089 et
1107 1053 1162 1090 de
1191 1053 1458 1099 difficultate
1489 1054 1747 1090 inveniendi

176 1124 380 1150 securam
406 1113 723 1159 progrediendi
746 1113 969 1149 vz'am.—5
990 1112 1026 1148 6.
1065 1113 1129 1149 De
1154 1113 1314 1150 scholis
1341 1116 1380 1150 et
1406 1115 1647 1159 magistris.
1681 1113 1747 1150 De

176 1173 448 1210 scholasticis
467 1184 705 1220 eorumque
723 1173 846 1209 honis
865 1173 1064 1209 moribus
1081 1176 1119 1209 et
1139 1174 1335 1219 religioso
1346 1172 1539 1219 fervore.
1556 1173 1630 1207 -—7
1640 1201 1645 1206 .
1683 1173 1747 1209 De

178 1235 457 1270 renovatione
466 1233 706 1278 facultatis
724 1233 987 1278 theologicae
1006 1235 1045 1269 et
1061 1233 1401 1278 philosophicae.
1426 1233 1492 1269 De
1510 1234 1750 1270 coloniensi

175 1293 445 1330 senata—8.
468 1293 535 1330 De
560 1292 672 1330 duce
688 1293 949 1340 J'ulz'acensz‘,·
975 1292 1029 1329 de
1054 1294 1213 1329 vicinis
1239 1293 1416 1335 scholis·
1442 1293 1496 1330 de
1523 1293 1746 1340 aliquibus

177 1364 348 1390 anucls.

170 1426 207 1470 1.
274 1431 302 1478 †
336 1425 444 1470 Pax
469 1424 670 1472 Christi.
698 1423 888 1471 Sancta
918 1425 1200 1471 obedientia
1235 1425 1534 1481 admonitus,
1571 1425 1631 1470 R.
1652 1415 1744 1481 P„

106 1519 167 1548 ea
201 1504 372 1560 paucis
405 1519 619 1549 narrare
652 1504 852 1560 placuit,
891 1519 1018 1560 quae
1053 1503 1281 1560 proximo
1317 1503 1669 1561 quadrimestri
1701 1503 1747 1548 in

107 1582 273 1627 uineto
312 1582 582 1627 coloniensi
617 1582 783 1627 diuina
819 1582 1014 1627 bonitas
1050 1597 1138 1638 per
1172 1591 1284 1627 tuos
1318 1581 1460 1637 filios,
1498 1581 1749 1627 ministros

106 1675 238 1714 suos,
266 1659 493 1716 quamuis
518 1660 709 1716 ineptos
734 1659 1017 1716 admodum,
1050 1659 1251 1716 operari
1286 1659 1493 1716 dignata
1527 1668 1616 1704 est.
1654 1658 1746 1704 Fa-

107 1737 233 1782 ciam
269 1748 436 1782 autem
470 1737 532 1792 id,
572 1738 719 1793 paulo
754 1737 916 1794 altius,
955 1737 1085 1782 bona
1120 1752 1244 1794 pace
1269 1746 1370 1791 tua,
1396 1746 1592 1793 sumpto
1617 1737 1747 1794 prin-

109 1815 252 1872 cipio.

166 1892 208 1937 2.
277 1892 391 1938 Duo
430 1907 556 1949 pene
596 1892 692 1937 iam
733 1892 846 1937 anni
885 1900 999 1937 sunt
1038 1892 1168 1948 quod
1211 1901 1427 1949 quatuor
1470 1907 1677 1937 numero
1719 1908 1747 1936 a

110 1970 171 2015 R.
206 1970 258 2015 P.
293 1978 465 2015 nostro
500 1969 697 2027 Ignatio
731 1970 793 2015 ad
829 1970 1136 2026 operandum
1171 1970 1335 2015 emissi
1372 1969 1632 2015 Coloniam
1667 1985 1748 2026 ap-

108 2048 321 2104 pulimus
345 2048 376 2102 2,
405 2056 453 2092 et
477 2047 654 2093 ibidem
683 2047 729 2092 in
764 2063 924 2104 parua
958 2048 1104 2092 domo
1142 2046 1193 2092 P.
1232 2047 1553 2093 Leonardum
1588 2048 1603 2070 ³
1638 2063 1748 2093 cum

110 2125 300 2170 duobus
335 2124 594 2182 fratribus,
632 2124 783 2170 Petro
817 2124 1035 2180 Hauptio
1070 2134 1118 2170 et
1152 2123 1425 2170 Francisco
1456 2123 1747 2178 Hemerolo,

110 2203 402 2249 inuenimus.
442 2202 589 2248 Deus
622 2207 813 2261 autem,
850 2204 941 2261 qui
968 2209 1067 2261 per
1100 2204 1341 2250 undecim
1374 2203 1560 2249 abhinc
1585 2217 1752 2249 annos

108 2286 205 2337 per
226 2280 292 2325 R.
320 2279 380 2325 P.
421 2280 759 2326 Leonardmn
792 2282 1064 2337 operarios
1096 2282 1178 2327 ln'c
1210 2281 1312 2327 sibi
1338 2287 1537 2338 parare
1572 2281 1749 2337 noluit,

111 2358 211 2404 illis
247 2362 505 2415 atcunque
540 2358 648 2403 iam
677 2359 1038 2416 praeparatis,
1074 2360 1286 2405 laneam
1316 2374 1471 2404 snam
1495 2359 1640 2404 nohis
1660 2364 1751 2415 pa-

109 2435 336 2494 tefacere
360 2435 615 2492 dignatus
644 2440 719 2481 est
752 2440 800 2481 et
832 2451 1088 2494 magnam
1123 2437 1400 2482 laborandi
1431 2437 1753 2482 occasionem

159 2593 168 2611 ¹
220 2590 283 2628 Ex
301 2590 557 2637 autographo
576 2590 616 2626 in
637 2591 773 2627 codice
796 2591 937 2628 Germ.
959 2592 1054 2636 136,
1075 2593 1096 2628 4
1117 2591 1174 2636 ff„
1195 2605 1260 2629 nn.
1281 2592 1403 2635 828&
1431 2592 1543 2639 prius
1571 2592 1642 2629 1-7.
1673 2592 1753 2628 De-

110 2651 193 2687 leta
213 2656 253 2688 et
273 2651 491 2687 emendata
510 2663 533 2686 a
552 2650 731 2687 Polanco
750 2656 944 2688 consueto
962 2651 1080 2688 modo
1106 2652 1344 2688 indicamus.
1376 2651 1479 2688 Eam
1507 2664 1557 2688 ex
1584 2664 1754 2698 apogra-

110 2711 187 2758 pho
214 2711 319 2758 quod
347 2710 387 2747 in
416 2710 581 2747 archivo
607 2710 831 2747 coloniensi
860 2716 1006 2757 exstat,
1029 2712 1153 2748 edidit
1173 2712 1364 2754 HANSEN,
1386 2711 1652 2749 Rlzeinisclze
1670 2711 1754 2748 Ale-

111 2774 241 2813 ten...
261 2770 328 2807 301
350 2783 436 2817 sqq.
458 2770 503 2806 In
522 2769 658 2806 codice
681 2770 822 2808 Germ.
844 2770 938 2817 142,
960 2770 1002 2807 ff.
1023 2771 1134 2808 32-33
1153 2777 1213 2807 est
1233 2771 1314 2808 alia
1334 2771 1509 2818 epistola
1527 2771 1754 2818 subscripta

111 2831 161 2867 ab
180 2830 361 2867 Henrico
380 2830 579 2877 Dionysio
598 2830 661 2866 die
680 2829 727 2867 27
746 2830 861 2880 Maji,
891 2844 996 2878 quae
1025 2832 1154 2868 multa
1183 2833 1302 2880 hujus
1329 2831 1491 2879 repetit.
1521 2830 1622 2879 Ejus
1649 2844 1749 2868 sum·

112 2903 218 2927 mam
238 2890 348 2927 dedit
368 2890 558 2933 HANSEN,
580 2891 655 2927 loc.
677 2891 759 2936 cit„
780 2891 863 2928 305.

158 2951 172 2970 ²
222 2950 302 2987 Die
320 2949 367 2986 ‘22
381 2950 493 2997 Junii
515 2949 606 2987 1556
621 2950 834 2988 Coloniam
853 2957 1130 2999 pervenerant
1151 2951 1358 2988 Henricus
1373 2952 1610 3000 Dionysius,
1630 2952 1756 2989 Fran-

112 3011 241 3047 ciscus
268 3009 478 3055 Costerus,
503 3009 683 3057 Joannes
710 3011 898 3056 Rethius‚
928 3011 1133 3048 Henricus
1162 3010 1380 3049 Somalius.
1412 3010 1477 3049 Cf.
1507 3011 1753 3056 Pomm-cum,

118 3070 289 3115 Clzron.,
311 3069 386 3115 VI,
408 3069 540 3115 416,et
558 3083 693 3117 supra,
714 3083 808 3118 pag.
833 3072 864 3108 1.

160 3130 172 3149 ³
227 3129 271 3167 P.
298 3129 542 3167 Leonardus
561 3130 728 3168 Kessel.
