2051 3516
475 290 842 327 213.-FERRAR1A
872 292 915 326 13
941 291 1188 327 Novfflvlfflzis
1217 291 1307 326 1555
1596 289 1658 325 &Sl

135 386 178 430 5.
244 385 297 429 In
332 400 540 430 carcere
575 402 696 431 uero
730 395 874 432 erant
898 386 977 442 qui
1002 395 1116 431 octo
1140 401 1296 431 annos
1330 385 1540 431 diuersis
1564 386 1710 430 homi-

76 461 215 505 cidiis
258 460 558 518 fiagitiisque
608 462 925 508 conficiendis
976 463 1364 519 euigilauerant,
1413 462 1510 507 iam
1559 462 1714 508 uariis

75 539 199 584 bene
224 538 419 583 uiuendi
438 540 708 595 generibus
733 540 927 596 uigilias
952 540 1060 585 illas
1086 543 1216 585 suas
1234 540 1558 584 collocarunt.
1585 540 1712 584 Aliis

74 630 171 660 non
196 614 316 660 satis
350 615 442 660 fuit
476 625 622 661 extra
652 626 1020 662 sacramentum
1045 617 1279 672 capitalia
1303 626 1524 673 patrare,
1552 618 1639 662 sed
1663 617 1710 661 in

73 693 178 749 ipsa
218 692 543 738 confessionis
582 694 769 739 exedra
813 695 993 739 amotis
1037 694 1241 739 arbitris
1286 694 1382 739 tria
1425 694 1712 740 foedissime

72 770 378 814 commisere.
407 768 505 814 Sed
540 786 837 815 concursum
872 771 1020 816 totius
1054 772 1501 828 quadragesimalis
1524 780 1710 827 tempo-

72 846 157 901 ris,
183 861 354 890 eorum
390 846 468 901 qui
504 847 724 892 sitientes
762 848 990 892 diuinam'
1012 848 1232 903 gratiam
1267 864 1329 892 ex
1364 848 1600 893 immenso
1625 849 1708 893 illo

73 922 199 967 mari
243 923 438 967 diuinae
484 924 714 968 bonitatis
759 913 960 969 ebibere
1004 925 1263 979 ardebant,
1306 926 1709 981 praetermittere

71 1015 167 1044 non
191 1015 405 1055 possum.
432 1000 562 1045 Nam
585 1011 786 1056 praeter
820 1001 918 1046 alia
952 1002 1171 1046 inaudita
1207 1002 1524 1059 ingentiaque
1549 1003 1710 1047 crimi-

70 1092 151 1133 na,
185 1077 280 1121 duo
314 1079 537 1133 (proprio
571 1078 813 1135 sanguine
847 1079 1184 1134 chirographo
1218 1079 1467 1135 descripto
1500 1079 1547 1124 in
1582 1080 1711 1125 hanc

70 1153 353 1198 formulam:
397 1153 506 1200 Tibi
548 1171 640 1207 me,
688 1171 717 1199 o
757 1155 968 1205 diabole,
1006 1156 1202 1200 omnino
1248 1157 1390 1206 dedo.
1434 1157 1707 1214 committo,

72 1231 233 1285 trado,
282 1232 560 1288 consecro),
604 1248 655 1277 se
706 1233 904 1278 diabolo
959 1233 1218 1287 dederant,
1266 1245 1413 1289 atque
1468 1234 1609 1290 adeo,
1657 1244 1711 1280 ut

75 1308 174 1354 cito
218 1310 282 1354 ab
321 1324 379 1354 eo
414 1311 478 1354 ab
511 1310 604 1355 hac
640 1311 741 1355 uita
772 1310 931 1366 abripi
966 1310 1270 1373 flagitarent,
1299 1311 1393 1356 imo
1433 1328 1555 1356 uero
1591 1312 1709 1357 diris

69 1385 237 1431 uerbis
277 1386 407 1431 illum
447 1396 737 1443 arguerent,
780 1387 910 1444 quod
944 1397 1047 1432 tam
1081 1387 1162 1431 diu
1197 1403 1283 1432 eos
1317 1398 1580 1443 asportare
1620 1389 1707 1434 dif-

70 1462 264 1507 ferrent
306 1463 430 1520 [se'c];
474 1479 596 1520 quos
634 1464 833 1509 tandem
870 1464 1139 1509 incredibili
1181 1466 1329 1510 animi
1370 1466 1540 1510 dolore
1585 1466 1708 1511 affe—

70 1549 192 1594 ctOS,
226 1542 550 1587 acerbissime
574 1542 832 1598 poenituit.
859 1542 992 1587 Ecce
1018 1542 1114 1587 iam
1140 1543 1515 1599 desperationes
1540 1543 1707 1588 mulie-

70 1633 195 1662 rum:
235 1618 359 1663 haec
399 1619 697 1664 decreuerat
730 1620 923 1675 laqueO,
962 1619 1044 1664 illa
1082 1619 1245 1675 aquis,
1283 1620 1381 1664 alia
1420 1635 1532 1665 cum
1573 1636 1706 1666 soro-

70 1710 125 1739 re
173 1710 364 1740 ueneno
411 1694 558 1751 (quod
612 1711 641 1740 a
686 1696 1077 1752 pharmacopola
1121 1712 1296 1741 amore
1348 1696 1441 1741 Dei
1488 1698 1708 1754 petebat)

67 1772 157 1817 sibi
199 1772 297 1817 uim
338 1773 544 1820 afferre,
587 1773 841 1829 uitamque
879 1773 1197 1831 profundere,
1241 1786 1287 1819 et
1326 1789 1451 1830 pene
1486 1774 1706 1831 perfece-

68 1860 197 1902 rant;
239 1851 325 1895 sed
374 1851 511 1896 Deus
546 1851 654 1895 illas
703 1851 806 1896 orci
851 1867 877 1896 e
923 1851 1152 1897 faucibus
1193 1852 1388 1908 eripuit.
1443 1851 1709 1898 Crudelior

65 1943 186 1972 sane
216 1934 233 1953 ³
263 1938 425 1972 mater
455 1927 537 1973 illa
573 1928 606 1979 b,
646 1943 772 1985 quae
807 1929 1062 1985 proprium
1104 1929 1292 1974 foetum
1334 1946 1509 1974 recens
1545 1930 1590 1974 in
1638 1931 1707 1975 lu-

67 2020 175 2049 cem
199 2005 383 2050 editum
408 2006 511 2050 uita
535 2006 736 2062 priuare
759 2021 855 2050 non
892 2008 1181 2064 uerebaturg
1218 2016 1267 2052 et
1300 2008 1516 2058 fecisset,
1550 2008 1596 2052 ni
1632 2023 1705 2053 re-

69 2098 179 2127 rum
212 2083 542 2128 humanarum
576 2084 866 2129 moderator
900 2084 1038 2129 Deus
1078 2085 1356 2141 quempiam
1396 2101 1460 2130 ex
1494 2086 1703 2130 familia-

71 2160 207 2205 ribus
231 2161 335 2205 eius
359 2162 574 2206 dedisset
599 2161 678 2217 qui
704 2162 834 2207 illam
856 2178 885 2207 a
909 2172 1012 2207 tam
1048 2163 1309 2218 nephando
1344 2164 1534 2208 scelere
1559 2179 1703 2209 auer-

69 2246 198 2282 teret
222 2247 370 2294 atque
394 2238 626 2294 eriperet.

124 2314 167 2359 ὁ.
234 2315 391 2360 Multa
416 2316 514 2359 alia
537 2316 814 2361 huiusmodi
839 2330 1035 2373 possem
1061 2332 1360 2362 enumerare
1385 2332 1514 2373 quae
1539 2318 1700 2374 lacry-

68 2392 158 2437 mis
183 2392 350 2448 digna,
378 2408 438 2438 ac
462 2393 696 2438 diuturno
720 2404 832 2439 sunt
867 2395 1016 2440 luctu.
1042 2393 1397 2450 Orphanarum
1434 2406 1700 2451 praeterea

65 2478 114 2514 et
153 2471 303 2515 totius
343 2471 637 2516 xenodochii
682 2472 828 2517 divae
872 2473 1018 2517 Anne
1057 2479 1072 2499 ς
1119 2473 1502 2528 exomologeses
1546 2488 1703 2529 usque

64 2545 199 2591 fiunt.
227 2546 367 2592 Haec
391 2547 540 2593 habui
579 2549 638 2593 R.
680 2548 735 2594 P.
778 2565 904 2606 quae
930 2565 1077 2606 quam
1103 2549 1393 2594 breuissime
1412 2551 1565 2606 potati
1586 2566 1702 2596 enu—

65 2639 333 2669 merarem.
371 2624 473 2669 Nos
507 2640 677 2671 omnes
714 2627 773 2672 R.
812 2627 865 2672 P.
909 2627 966 2671 T.
1006 2627 1235 2683 precibus
1274 2628 1698 2674 commendamus.

64 2700 198 2745 Vale
224 2701 267 2745 in
293 2701 523 2747 Domino.
549 2703 819 2750 Ferrariae
839 2705 997 2750 idibus
1022 2703 1323 2749 Nouembris
1347 2705 1410 2749 M.
1430 2705 1492 2750 D.
1516 2705 1698 2751 LVIII.

111 2994 128 3013 a
174 2986 311 3023 Prius
331 2999 505 3033 quoque.
558 2989 626 3016 —b
671 2989 808 3026 Prius
827 2992 1043 3034 scriptum
1063 2994 1154 3026 erat
1187 2990 1315 3026 aliud
1345 3002 1384 3027 v.
1418 2991 1535 3037 quod
1566 2992 1704 3036 legere

67 3047 314 3092 nequimus.
369 3053 433 3074 -c
463 3046 563 3084 Duo
582 3059 650 3084 vv.
669 3049 872 3094 praeced.
895 3048 1054 3085 addita
1085 3054 1222 3095 supra
1248 3060 1425 3087 versum
1457 3050 1624 3093 eadem,
1652 3053 1704 3086 ut

64 3106 255 3149 videtur,
281 3116 431 3143 manu.

174 3189 342 3216 LITTERAE
363 3188 660 3222 QUADRIMESTRES.
683 3195 769 3219 ΤΟΜ.
792 3192 828 3219 V.
1560 3193 1595 3220 50
