2051 3516
480 311 802 349 110.—C0Lox1A
832 311 874 347 19
900 310 1145 347 NovfflissRis
1177 311 1264 346 1557
1566 307 1636 344 425

56 408 184 453 niam
211 406 373 452 uocati
399 407 663 457 uenissent,
692 418 739 452 et
764 406 961 463 quidam
987 404 1032 450 in
1057 405 1286 450 conuiuio
1312 404 1356 449 in
1382 404 1682 449 Societatem

53 484 468 540 debaccharetur,
495 499 624 529 coss.
656 482 870 529 ciuitatis
893 481 1152 527 suollensis
1178 483 1206 537 ¹,
1244 497 1387 538 quem
1427 496 1486 525 ne
1521 481 1578 537 de
1614 480 1681 524 fa-

54 563 127 608 cie
152 562 346 619 quidem
372 577 459 606 nos
483 562 726 616 nouimus,
756 562 823 607 ita
847 569 1023 606 contra
1047 557 1350 604 Societatem
1371 557 1604 612 defendit,
1635 567 1685 602 vt

56 640 269 686 alterum
294 640 639 684 obmutescere
664 639 870 683 faceret.

119 717 186 762 11.
252 715 489 761 Matthias
533 714 954 769 Bredenbachius,
997 722 1163 758 rector
1202 712 1404 757 scholae
1449 711 1684 757 embrica-

56 809 149 839 nae
174 795 206 849 ²,
248 792 605 838 catechismum
628 792 682 837 P.
711 790 896 837 Canisii
922 790 1048 835 libro
1073 789 1236 834 aedito
1272 788 1442 833 laudat
1475 787 1547 832 his
1581 802 1685 832 uer-

58 871 146 916 bis:
178 869 475 915 «Plurimum
508 870 740 915 momenti
775 877 848 915 est
881 868 927 912 in
962 866 1293 924 repurgandis
1328 865 1522 911 scholis
1561 864 1687 909 Nam

59 949 150 994 hae
174 956 286 993 sunt
319 947 468 993 ueluti
504 947 664 992 fontes
698 962 725 992 e
759 945 933 1003 quibus
967 944 1129 990 omnia
1166 944 1244 989 uel
1278 944 1410 989 bona
1444 942 1521 987 uel
1558 943 1687 987 mala

60 1033 371 1082 promanant.
414 1023 477 1068 Et
516 1023 645 1080 quod
686 1022 926 1069 ecclesiae
967 1020 1149 1079 passim
1189 1030 1275 1066 aut
1314 1020 1473 1065 nullos
1507 1019 1690 1064 habent

59 1111 302 1160 pastores,
330 1110 416 1147 aut
441 1117 529 1158 pro
555 1101 840 1158 pastoribus
863 1101 1018 1157 lupos,
1043 1099 1136 1144 hoc
1154 1098 1264 1144 inde
1284 1097 1592 1155 potissimum
1611 1111 1689 1141 ac-

60 1181 191 1238 cidit,
219 1181 348 1238 quod
370 1180 463 1226 hac
494 1181 670 1226 horum
705 1180 1017 1226 dissidiorum
1052 1187 1348 1234 tempestate
1383 1177 1611 1222 iuuentus
1645 1175 1690 1219 in

61 1259 306 1315 plerisque
340 1258 521 1303 scholis
555 1257 803 1314 pestiferis
836 1257 927 1303 illis
965 1255 1275 1313 opinionibus
1308 1254 1498 1300 initiata
1537 1262 1612 1299 est
1645 1260 1693 1296 et

63 1335 270 1392 perdita.
313 1334 662 1392 Vnaquaeque
701 1334 872 1380 schola
911 1349 1052 1379 suum
1093 1333 1243 1378 habet
1286 1330 1690 1384 cathechismum,

63 1428 204 1458 suam
237 1412 641 1470 grammaticam,
678 1428 818 1458 suam
853 1411 1181 1457 dialecticam.
1224 1408 1580 1456 Serenissimus
1620 1423 1693 1452 ro-

63 1505 338 1542 manorum,
380 1489 691 1546 Hungariae,
735 1488 1021 1542 Bohemiae,
1059 1497 1172 1543 etc.‚
1210 1502 1316 1543 rex,
1354 1496 1402 1531 et
1437 1485 1694 1531 Ecclesiae

61 1567 338 1612 catholicae
362 1566 663 1612 fortissimus
686 1575 1045 1623 propugnator,
1078 1564 1438 1618 Ferdinandus,
1475 1562 1693 1619 superio-

65 1644 200 1689 ribus
224 1643 365 1689 annis
388 1643 505 1689 fecit
535 1643 775 1699 publicari
810 1642 1165 1688 catechismum
1199 1641 1531 1687 continentem
1567 1655 1695 1684 sum-

64 1737 194 1766 mam
220 1721 477 1766 doctrinae
500 1720 816 1766 christianae.
844 1719 1053 1766 Vtinam
1080 1719 1146 1764 ita
1170 1718 1296 1764 inter
1326 1718 1453 1763 illius
1487 1716 1695 1762 serenis-

62 1798 234 1844 simam
258 1798 565 1843 maiestatem
585 1806 633 1843 et
652 1813 822 1843 omnes
845 1796 976 1843 sacri
1001 1796 1190 1853 imperii
1211 1794 1456 1853 principes
1475 1794 1693 1839 illustris-

64 1875 214 1921 simos
237 1874 517 1931 conueniat,
546 1883 598 1920 vt
621 1890 709 1931 per
733 1883 887 1920 totum
914 1873 1170 1931 imperium
1195 1873 1274 1918 ille
1296 1871 1626 1918 catechismus
1650 1878 1697 1916 et

64 1954 225 1998 nullus
249 1953 374 1998 alius
397 1953 722 2010 praelegatur
747 1952 1003 2008 iuuentuti;
1032 1951 1121 1997 nisi
1146 1950 1276 2007 quod
1300 1950 1346 1995 in
1381 1949 1696 1995 inferioribus

64 2030 155 2075 illis
179 2040 228 2075 et
245 2029 589 2075 minutioribus
612 2029 809 2081 scholis,
835 2044 1025 2075 necnon
1050 2029 1095 2074 in
1119 2027 1436 2073 inferioribus
1455 2025 1698 2071 classibus

66 2107 307 2153 maiorum
333 2106 616 2152 scholarum
642 2106 839 2152 uidetur
874 2105 990 2152 utile
1025 2106 1151 2161 fore,
1190 2114 1242 2149 vt
1276 2103 1516 2161 pauciora
1552 2118 1696 2159 quaeu

66 2185 179 2231 dam
213 2194 262 2230 et
297 2184 533 2230 breuiora
572 2184 713 2229 huius
753 2183 1010 2229 doctrinae
1050 2182 1343 2233 rudimenta,
1386 2196 1593 2238 quorum
1635 2179 1699 2224 illi

48 2263 212 2320 ‚puelli
236 2262 331 2307 sint
356 2277 585 2319 capaces,
614 2277 677 2307 ex
701 2261 873 2307 eodem
899 2260 980 2306 illo
1005 2260 1308 2306 catechismo
1333 2268 1581 2313 extracta,
1608 2257 1698 2302 illis

67 2341 438 2397 praelegantur:
496 2339 893 2396 prouectioribus
948 2348 1114 2384 autem
1169 2336 1501 2383 catechismus
1549 2344 1696 2380 totus.

68 2417 394 2475 Nequaquam
440 2417 568 2474 quod
610 2426 840 2462 caeteros
885 2415 1216 2469 catechismos
1257 2430 1428 2460 omnes
1473 2414 1700 2458 damnem

69 2495 201 2551 (sunt
224 2495 441 2540 nonnulli
476 2495 602 2540 inter
631 2510 717 2540 eos
752 2494 900 2539 etiam
935 2493 1080 2539 ualde
1116 2493 1177 2550 pii
1212 2502 1260 2538 et
1295 2491 1575 2545 commodi),
1613 2490 1700 2535 sed

70 2585 119 2617 ut
158 2572 285 2618 inter
323 2588 412 2617 nos
451 2588 621 2617 omnes
660 2572 918 2618 doctrinae
962 2570 1231 2617 concordia
1272 2570 1353 2615 sit:
1402 2584 1497 2625 qua
1542 2583 1699 2625 neque

71 2650 179 2695 Deo
218 2649 483 2706 quidquam
523 2649 732 2705 gratius,
769 2665 927 2705 neque
962 2649 1117 2702 nobis,
1156 2647 1235 2705 qui
1271 2648 1520 2698 docemus,
1555 2645 1698 2689 hone—

70 2727 208 2780 stius,
236 2742 392 2783 neque
418 2725 583 2783 pueris
607 2742 729 2783 quos
753 2727 985 2772 docemus
1007 2725 1187 2776 Vtilius,
1216 2739 1372 2779 neque
1393 2722 1454 2767 ad
1475 2720 1699 2767 aedifica-

71 2804 253 2849 tionem
279 2803 537 2849 Ecclesiae
562 2803 808 2849 efficatius
832 2804 994 2849 fuerit.
1025 2802 1087 2848 Et
1112 2800 1462 2847 excluderetur
1496 2799 1590 2845 hac
1625 2815 1699 2843 rar

71 2881 204 2927 tione
229 2881 426 2926 occasio
451 2881 643 2926 tenellis
666 2881 757 2926 illis
777 2891 1044 2936 corruptae
1064 2878 1319 2924 doctrinae
1339 2892 1531 2922 uenena
1551 2875 1698 2921 instil-

120 3071 130 3090 ¹
183 3070 360 3106 Videtur
379 3070 546 3107 indicari
567 3071 662 3107 urbs
681 3070 832 3107 Zwolle
853 3070 891 3106 in
912 3069 1105 3106 hodierna
1126 3067 1387 3105 Neerlandia.

121 3130 134 3150 ’
183 3129 428 3167 Emmerich.
