<?xml version="1.0" encoding="UTF-8"?>
<!DOCTYPE html PUBLIC "-//W3C//DTD XHTML 1.0 Transitional//EN"
    "http://www.w3.org/TR/xhtml1/DTD/xhtml1-transitional.dtd">
<html xmlns="http://www.w3.org/1999/xhtml" xml:lang="en" lang="en">
 <head>
  <title>
</title>
<meta http-equiv="Content-Type" content="text/html;charset=utf-8" />
  <meta name='ocr-system' content='tesseract 3.04.00' />
  <meta name='ocr-capabilities' content='ocr_page ocr_carea ocr_par ocr_line ocrx_word'/>
</head>
<body>
  <div class='ocr_page' id='page_1' title='image "./litteraequadrime17lain_0748.png"; bbox 0 0 2051 3516; ppageno 0'>
   <div class='ocr_carea' id='block_1_1' title="bbox 388 275 1446 324">
    <p class='ocr_par' dir='ltr' id='par_1_1' title="bbox 388 275 1446 324">
     <span class='ocr_line' id='line_1_1' title="bbox 388 275 1446 324; baseline 0.005 -13"><span class='ocrx_word' id='word_1_1' title='bbox 388 275 458 311; x_wconf 77' lang='lat'>71⁴2</span> <span class='ocrx_word' id='word_1_2' title='bbox 851 278 1067 315; x_wconf 71' lang='lat' dir='ltr'>LITTERAE</span> <span class='ocrx_word' id='word_1_3' title='bbox 1094 279 1446 324; x_wconf 71' lang='lat' dir='ltr'>QUADRIMESTRFs</span> 
     </span>
    </p>
   </div>
   <div class='ocr_carea' id='block_1_2' title="bbox 342 373 1988 3126">
    <p class='ocr_par' dir='ltr' id='par_1_2' title="bbox 342 373 1988 2358">
     <span class='ocr_line' id='line_1_2' title="bbox 344 373 1958 434; baseline 0.005 -19"><span class='ocrx_word' id='word_1_4' title='bbox 344 387 403 415; x_wconf 85' lang='lat' dir='ltr'>ea</span> <span class='ocrx_word' id='word_1_5' title='bbox 429 373 567 427; x_wconf 81' lang='lat' dir='ltr'>vrbe,</span> <span class='ocrx_word' id='word_1_6' title='bbox 596 384 729 418; x_wconf 82' lang='lat' dir='ltr'>certe</span> <span class='ocrx_word' id='word_1_7' title='bbox 756 375 847 419; x_wconf 91' lang='lat' dir='ltr'>hac</span> <span class='ocrx_word' id='word_1_8' title='bbox 871 375 1097 430; x_wconf 85' lang='lat' dir='ltr'>proxima</span> <span class='ocrx_word' id='word_1_9' title='bbox 1116 376 1501 432; x_wconf 89' lang='lat' dir='ltr'>quadragesima</span> <span class='ocrx_word' id='word_1_10' title='bbox 1520 376 1823 434; x_wconf 78' lang='lat' dir='ltr'>frequentior</span> <span class='ocrx_word' id='word_1_11' title='bbox 1843 379 1958 423; x_wconf 91' lang='lat' dir='ltr'>mul·</span> 
     </span>
     <span class='ocr_line' id='line_1_3' title="bbox 343 449 1958 510; baseline 0.005 -19"><span class='ocrx_word' id='word_1_12' title='bbox 343 456 391 491; x_wconf 91' lang='lat' dir='ltr'>to</span> <span class='ocrx_word' id='word_1_13' title='bbox 416 449 475 492; x_wconf 81' lang='lat' dir='ltr'>ad</span> <span class='ocrx_word' id='word_1_14' title='bbox 502 458 775 494; x_wconf 74' lang='lat' dir='ltr'>extremum</span> <span class='ocrx_word' id='word_1_15' title='bbox 812 467 964 507; x_wconf 86' lang='lat' dir='ltr'>vsque</span> <span class='ocrx_word' id='word_1_16' title='bbox 999 451 1124 496; x_wconf 86' lang='lat' dir='ltr'>diem</span> <span class='ocrx_word' id='word_1_17' title='bbox 1159 451 1406 497; x_wconf 88' lang='lat' dir='ltr'>hominum</span> <span class='ocrx_word' id='word_1_18' title='bbox 1441 454 1586 498; x_wconf 89' lang='lat' dir='ltr'>turba</span> <span class='ocrx_word' id='word_1_19' title='bbox 1620 455 1958 510; x_wconf 86' lang='lat' dir='ltr'>euangelicum</span> 
     </span>
     <span class='ocr_line' id='line_1_4' title="bbox 346 526 1956 587; baseline 0.004 -18"><span class='ocrx_word' id='word_1_20' title='bbox 346 541 517 569; x_wconf 84' lang='lat' dir='ltr'>munus</span> <span class='ocrx_word' id='word_1_21' title='bbox 551 526 839 573; x_wconf 75' lang='lat' dir='ltr'>decorabat.</span> <span class='ocrx_word' id='word_1_22' title='bbox 878 528 953 572; x_wconf 65' lang='lat' dir='ltr'>Ad</span> <span class='ocrx_word' id='word_1_23' title='bbox 991 528 1262 573; x_wconf 80' lang='lat' dir='ltr'>dominicae</span> <span class='ocrx_word' id='word_1_24' title='bbox 1301 530 1541 584; x_wconf 77' lang='lat' dir='ltr'>passionis</span> <span class='ocrx_word' id='word_1_25' title='bbox 1580 530 1841 586; x_wconf 86' lang='lat' dir='ltr'>itidemque</span> <span class='ocrx_word' id='word_1_26' title='bbox 1878 548 1956 587; x_wconf 86' lang='lat' dir='ltr'>pa-</span> 
     </span>
     <span class='ocr_line' id='line_1_5' title="bbox 343 603 1960 661; baseline 0.003 -14"><span class='ocrx_word' id='word_1_27' title='bbox 343 603 492 647; x_wconf 82' lang='lat' dir='ltr'>schae</span> <span class='ocrx_word' id='word_1_28' title='bbox 526 604 832 650; x_wconf 76' lang='lat' dir='ltr'>solennitatis</span> <span class='ocrx_word' id='word_1_29' title='bbox 866 605 1130 650; x_wconf 83' lang='lat' dir='ltr'>conciones</span> <span class='ocrx_word' id='word_1_30' title='bbox 1163 620 1313 661; x_wconf 89' lang='lat' dir='ltr'>supra</span> <span class='ocrx_word' id='word_1_31' title='bbox 1344 605 1513 651; x_wconf 88' lang='lat' dir='ltr'>decern</span> <span class='ocrx_word' id='word_1_32' title='bbox 1547 607 1793 652; x_wconf 89' lang='lat' dir='ltr'>hominum</span> <span class='ocrx_word' id='word_1_33' title='bbox 1830 608 1960 653; x_wconf 89' lang='lat' dir='ltr'>milia</span> 
     </span>
     <span class='ocr_line' id='line_1_6' title="bbox 342 679 1959 738; baseline 0.004 -15"><span class='ocrx_word' id='word_1_34' title='bbox 342 679 655 732; x_wconf 77' lang='lat' dir='ltr'>confluxisse,</span> <span class='ocrx_word' id='word_1_35' title='bbox 685 682 906 738; x_wconf 86' lang='lat' dir='ltr'>vulgaris</span> <span class='ocrx_word' id='word_1_36' title='bbox 930 682 1062 726; x_wconf 80' lang='lat' dir='ltr'>sama</span> <span class='ocrx_word' id='word_1_37' title='bbox 1086 690 1234 737; x_wconf 82' lang='lat' dir='ltr'>atque</span> <span class='ocrx_word' id='word_1_38' title='bbox 1259 682 1383 726; x_wconf 90' lang='lat' dir='ltr'>adeo</span> <span class='ocrx_word' id='word_1_39' title='bbox 1412 682 1657 728; x_wconf 90' lang='lat' dir='ltr'>hominum</span> <span class='ocrx_word' id='word_1_40' title='bbox 1691 683 1821 728; x_wconf 89' lang='lat' dir='ltr'>haud</span> <span class='ocrx_word' id='word_1_41' title='bbox 1858 685 1959 730; x_wconf 90' lang='lat' dir='ltr'>vul-</span> 
     </span>
     <span class='ocr_line' id='line_1_7' title="bbox 343 755 1958 817; baseline 0.004 -18"><span class='ocrx_word' id='word_1_42' title='bbox 343 755 539 811; x_wconf 89' lang='lat' dir='ltr'>garium</span> <span class='ocrx_word' id='word_1_43' title='bbox 569 756 797 802; x_wconf 90' lang='lat' dir='ltr'>iudicium</span> <span class='ocrx_word' id='word_1_44' title='bbox 833 758 928 802; x_wconf 86' lang='lat' dir='ltr'>fert</span> <span class='ocrx_word' id='word_1_45' title='bbox 963 757 1371 814; x_wconf 80' lang='lat' dir='ltr'>constantissime3</span> <span class='ocrx_word' id='word_1_46' title='bbox 1410 757 1557 804; x_wconf 89' lang='lat' dir='ltr'>fiebat</span> <span class='ocrx_word' id='word_1_47' title='bbox 1591 759 1716 804; x_wconf 87' lang='lat' dir='ltr'>enim</span> <span class='ocrx_word' id='word_1_48' title='bbox 1749 768 1958 817; x_wconf 83' lang='lat' dir='ltr'>Vtraque</span> 
     </span>
     <span class='ocr_line' id='line_1_8' title="bbox 343 833 1956 893; baseline 0.004 -16"><span class='ocrx_word' id='word_1_49' title='bbox 343 833 517 878; x_wconf 90' lang='lat' dir='ltr'>concio</span> <span class='ocrx_word' id='word_1_50' title='bbox 542 834 587 878; x_wconf 92' lang='lat' dir='ltr'>in</span> <span class='ocrx_word' id='word_1_51' title='bbox 613 835 911 891; x_wconf 88' lang='lat' dir='ltr'>amplissimo</span> <span class='ocrx_word' id='word_1_52' title='bbox 936 836 1129 881; x_wconf 85' lang='lat' dir='ltr'>abbatis</span> <span class='ocrx_word' id='word_1_53' title='bbox 1163 837 1403 893; x_wconf 88' lang='lat' dir='ltr'>granario</span> <span class='ocrx_word' id='word_1_54' title='bbox 1438 837 1567 893; x_wconf 91' lang='lat' dir='ltr'>quod</span> <span class='ocrx_word' id='word_1_55' title='bbox 1601 846 1768 882; x_wconf 81' lang='lat' dir='ltr'>tantae</span> <span class='ocrx_word' id='word_1_56' title='bbox 1803 838 1956 883; x_wconf 89' lang='lat' dir='ltr'>multi-</span> 
     </span>
     <span class='ocr_line' id='line_1_9' title="bbox 343 910 1958 971; baseline 0.004 -17"><span class='ocrx_word' id='word_1_57' title='bbox 343 910 522 955; x_wconf 85' lang='lat' dir='ltr'>tudinis</span> <span class='ocrx_word' id='word_1_58' title='bbox 556 911 702 957; x_wconf 88' lang='lat' dir='ltr'>facile</span> <span class='ocrx_word' id='word_1_59' title='bbox 736 928 896 969; x_wconf 83' lang='lat' dir='ltr'>capax</span> <span class='ocrx_word' id='word_1_60' title='bbox 929 922 1017 958; x_wconf 89' lang='lat' dir='ltr'>est.</span> <span class='ocrx_word' id='word_1_61' title='bbox 1057 912 1256 958; x_wconf 89' lang='lat' dir='ltr'>Christo</span> <span class='ocrx_word' id='word_1_62' title='bbox 1290 914 1449 959; x_wconf 87' lang='lat' dir='ltr'>honor</span> <span class='ocrx_word' id='word_1_63' title='bbox 1478 923 1584 959; x_wconf 88' lang='lat' dir='ltr'>esto</span> <span class='ocrx_word' id='word_1_64' title='bbox 1617 924 1665 959; x_wconf 92' lang='lat' dir='ltr'>et</span> <span class='ocrx_word' id='word_1_65' title='bbox 1699 915 1876 971; x_wconf 90' lang='lat' dir='ltr'>gloria.</span> <span class='ocrx_word' id='word_1_66' title='bbox 1912 916 1958 960; x_wconf 80' lang='lat' dir='ltr'><strong>A</strong></span> 
     </span>
     <span class='ocr_line' id='line_1_10' title="bbox 344 987 1956 1048; baseline 0.002 -16"><span class='ocrx_word' id='word_1_67' title='bbox 344 987 582 1043; x_wconf 89' lang='lat' dir='ltr'>paschate</span> <span class='ocrx_word' id='word_1_68' title='bbox 613 1004 850 1045; x_wconf 86' lang='lat' dir='ltr'>nusquam</span> <span class='ocrx_word' id='word_1_69' title='bbox 882 999 1235 1045; x_wconf 78' lang='lat' dir='ltr'>praeterquam</span> <span class='ocrx_word' id='word_1_70' title='bbox 1258 990 1466 1035; x_wconf 87' lang='lat' dir='ltr'>Bilhomi</span> <span class='ocrx_word' id='word_1_71' title='bbox 1491 991 1810 1036; x_wconf 87' lang='lat' dir='ltr'>concionatus</span> <span class='ocrx_word' id='word_1_72' title='bbox 1833 1006 1956 1048; x_wconf 84' lang='lat' dir='ltr'>sum,</span> 
     </span>
     <span class='ocr_line' id='line_1_11' title="bbox 344 1065 1939 1124; baseline 0.003 -15"><span class='ocrx_word' id='word_1_73' title='bbox 344 1065 563 1120; x_wconf 81' lang='lat' dir='ltr'>exceptis</span> <span class='ocrx_word' id='word_1_74' title='bbox 587 1065 723 1112; x_wconf 88' lang='lat' dir='ltr'>feriis</span> <span class='ocrx_word' id='word_1_75' title='bbox 747 1066 1016 1111; x_wconf 88' lang='lat' dir='ltr'>dominicae</span> <span class='ocrx_word' id='word_1_76' title='bbox 1050 1067 1353 1112; x_wconf 88' lang='lat' dir='ltr'>ascensionis</span> <span class='ocrx_word' id='word_1_77' title='bbox 1386 1067 1516 1124; x_wconf 91' lang='lat' dir='ltr'>apud</span> <span class='ocrx_word' id='word_1_78' title='bbox 1549 1068 1939 1114; x_wconf 87' lang='lat' dir='ltr'>Montemferran</span> 
     </span>
     <span class='ocr_line' id='line_1_12' title="bbox 346 1141 1959 1201; baseline 0.002 -15"><span class='ocrx_word' id='word_1_79' title='bbox 346 1141 478 1187; x_wconf 89' lang='lat' dir='ltr'>dum.</span> <span class='ocrx_word' id='word_1_80' title='bbox 506 1142 731 1199; x_wconf 84' lang='lat' dir='ltr'>Quantus</span> <span class='ocrx_word' id='word_1_81' title='bbox 756 1145 815 1189; x_wconf 91' lang='lat' dir='ltr'>sit</span> <span class='ocrx_word' id='word_1_82' title='bbox 839 1144 1082 1200; x_wconf 87' lang='lat' dir='ltr'>euangelii</span> <span class='ocrx_word' id='word_1_83' title='bbox 1106 1144 1298 1190; x_wconf 88' lang='lat' dir='ltr'>fructus</span> <span class='ocrx_word' id='word_1_84' title='bbox 1318 1155 1363 1190; x_wconf 88' lang='lat' dir='ltr'>et</span> <span class='ocrx_word' id='word_1_85' title='bbox 1381 1143 1591 1190; x_wconf 88' lang='lat' dir='ltr'>Bilhomi</span> <span class='ocrx_word' id='word_1_86' title='bbox 1610 1154 1658 1190; x_wconf 89' lang='lat' dir='ltr'>et</span> <span class='ocrx_word' id='word_1_87' title='bbox 1677 1146 1857 1201; x_wconf 89' lang='lat' dir='ltr'>passim</span> <span class='ocrx_word' id='word_1_88' title='bbox 1877 1146 1959 1190; x_wconf 90' lang='lat' dir='ltr'>ali-</span> 
     </span>
     <span class='ocr_line' id='line_1_13' title="bbox 344 1219 1961 1276; baseline 0.003 -13"><span class='ocrx_word' id='word_1_89' title='bbox 344 1219 407 1275; x_wconf 83' lang='lat' dir='ltr'>bi,</span> <span class='ocrx_word' id='word_1_90' title='bbox 434 1220 583 1276; x_wconf 89' lang='lat' dir='ltr'>liquet</span> <span class='ocrx_word' id='word_1_91' title='bbox 608 1236 669 1265; x_wconf 75' lang='lat' dir='ltr'>ex</span> <span class='ocrx_word' id='word_1_92' title='bbox 694 1220 879 1266; x_wconf 86' lang='lat' dir='ltr'>affectu</span> <span class='ocrx_word' id='word_1_93' title='bbox 904 1237 993 1266; x_wconf 91' lang='lat' dir='ltr'>nos</span> <span class='ocrx_word' id='word_1_94' title='bbox 1016 1222 1395 1268; x_wconf 88' lang='lat' dir='ltr'>conuocantium</span> <span class='ocrx_word' id='word_1_95' title='bbox 1419 1232 1468 1268; x_wconf 88' lang='lat' dir='ltr'>et</span> <span class='ocrx_word' id='word_1_96' title='bbox 1491 1223 1553 1268; x_wconf 90' lang='lat' dir='ltr'>ad</span> <span class='ocrx_word' id='word_1_97' title='bbox 1582 1223 1731 1268; x_wconf 89' lang='lat' dir='ltr'>aedes</span> <span class='ocrx_word' id='word_1_98' title='bbox 1764 1232 1961 1268; x_wconf 87' lang='lat' dir='ltr'>nostras</span> 
     </span>
     <span class='ocr_line' id='line_1_14' title="bbox 347 1297 1961 1356; baseline 0.002 -15"><span class='ocrx_word' id='word_1_99' title='bbox 347 1312 434 1341; x_wconf 88' lang='lat' dir='ltr'>ceu</span> <span class='ocrx_word' id='word_1_100' title='bbox 461 1297 521 1341; x_wconf 90' lang='lat' dir='ltr'>ad</span> <span class='ocrx_word' id='word_1_101' title='bbox 553 1298 744 1353; x_wconf 81' lang='lat' dir='ltr'>asylum</span> <span class='ocrx_word' id='word_1_102' title='bbox 769 1298 1185 1344; x_wconf 86' lang='lat' dir='ltr'>concurrentium.</span> <span class='ocrx_word' id='word_1_103' title='bbox 1213 1298 1472 1355; x_wconf 85' lang='lat' dir='ltr'>Vrgemur</span> <span class='ocrx_word' id='word_1_104' title='bbox 1495 1299 1787 1356; x_wconf 83' lang='lat' dir='ltr'>importunis</span> <span class='ocrx_word' id='word_1_105' title='bbox 1810 1300 1961 1356; x_wconf 90' lang='lat' dir='ltr'>preci-</span> 
     </span>
     <span class='ocr_line' id='line_1_15' title="bbox 344 1374 1963 1433; baseline 0.002 -15"><span class='ocrx_word' id='word_1_106' title='bbox 344 1374 435 1418; x_wconf 90' lang='lat' dir='ltr'>bus</span> <span class='ocrx_word' id='word_1_107' title='bbox 459 1389 547 1419; x_wconf 89' lang='lat' dir='ltr'>nos</span> <span class='ocrx_word' id='word_1_108' title='bbox 572 1374 898 1432; x_wconf 78' lang='lat' dir='ltr'>inuitantium,</span> <span class='ocrx_word' id='word_1_109' title='bbox 935 1384 983 1420; x_wconf 90' lang='lat' dir='ltr'>et</span> <span class='ocrx_word' id='word_1_110' title='bbox 1016 1375 1242 1433; x_wconf 85' lang='lat' dir='ltr'>cogimur</span> <span class='ocrx_word' id='word_1_111' title='bbox 1276 1376 1615 1433; x_wconf 90' lang='lat' dir='ltr'>occupationis</span> <span class='ocrx_word' id='word_1_112' title='bbox 1647 1377 1963 1423; x_wconf 85' lang='lat' dir='ltr'>necessariae</span> 
     </span>
     <span class='ocr_line' id='line_1_16' title="bbox 347 1452 1963 1510; baseline 0.003 -16"><span class='ocrx_word' id='word_1_113' title='bbox 347 1459 611 1506; x_wconf 87' lang='lat' dir='ltr'>praetextu</span> <span class='ocrx_word' id='word_1_114' title='bbox 631 1467 874 1497; x_wconf 81' lang='lat' dir='ltr'>excusare</span> <span class='ocrx_word' id='word_1_115' title='bbox 894 1468 997 1508; x_wconf 46' lang='lat' dir='ltr'>nos</span> <span class='ocrx_word' id='word_1_116' title='bbox 1020 1452 1307 1499; x_wconf 77' lang='lat' dir='ltr'>facultatem</span> <span class='ocrx_word' id='word_1_117' title='bbox 1327 1453 1466 1498; x_wconf 88' lang='lat' dir='ltr'>nobis</span> <span class='ocrx_word' id='word_1_118' title='bbox 1482 1465 1719 1510; x_wconf 87' lang='lat' dir='ltr'>negatam</span> <span class='ocrx_word' id='word_1_119' title='bbox 1737 1464 1963 1499; x_wconf 88' lang='lat' dir='ltr'>constan-</span> 
     </span>
     <span class='ocr_line' id='line_1_17' title="bbox 346 1526 1964 1588; baseline 0.003 -17"><span class='ocrx_word' id='word_1_120' title='bbox 346 1536 422 1571; x_wconf 85' lang='lat' dir='ltr'>ter</span> <span class='ocrx_word' id='word_1_121' title='bbox 447 1526 770 1573; x_wconf 84' lang='lat' dir='ltr'>affirmantes.</span> <span class='ocrx_word' id='word_1_122' title='bbox 800 1529 851 1573; x_wconf 81' lang='lat' dir='ltr'>P.</span> <span class='ocrx_word' id='word_1_123' title='bbox 879 1529 1073 1585; x_wconf 87' lang='lat' dir='ltr'>quidem</span> <span class='ocrx_word' id='word_1_124' title='bbox 1105 1529 1436 1586; x_wconf 87' lang='lat' dir='ltr'>Hieronymus</span> <span class='ocrx_word' id='word_1_125' title='bbox 1464 1530 1832 1588; x_wconf 79' lang='lat' dir='ltr'>praefecturae,</span> <span class='ocrx_word' id='word_1_126' title='bbox 1868 1546 1964 1588; x_wconf 91' lang='lat' dir='ltr'>ego</span> 
     </span>
     <span class='ocr_line' id='line_1_18' title="bbox 345 1603 1988 1665; baseline 0.004 -18"><span class='ocrx_word' id='word_1_127' title='bbox 345 1619 466 1648; x_wconf 88' lang='lat' dir='ltr'>vero</span> <span class='ocrx_word' id='word_1_128' title='bbox 497 1603 815 1659; x_wconf 89' lang='lat' dir='ltr'>professionis</span> <span class='ocrx_word' id='word_1_129' title='bbox 845 1606 1157 1662; x_wconf 83' lang='lat' dir='ltr'>theologicae</span> <span class='ocrx_word' id='word_1_130' title='bbox 1192 1606 1412 1662; x_wconf 90' lang='lat' dir='ltr'>legitima</span> <span class='ocrx_word' id='word_1_131' title='bbox 1446 1607 1654 1664; x_wconf 88' lang='lat' dir='ltr'>ratione,</span> <span class='ocrx_word' id='word_1_132' title='bbox 1691 1623 1749 1653; x_wconf 89' lang='lat' dir='ltr'>ne</span> <span class='ocrx_word' id='word_1_133' title='bbox 1783 1623 1988 1665; x_wconf 87' lang='lat' dir='ltr'>graua-·</span> 
     </span>
     <span class='ocr_line' id='line_1_19' title="bbox 343 1681 1964 1743; baseline 0.004 -18"><span class='ocrx_word' id='word_1_134' title='bbox 343 1681 427 1725; x_wconf 88' lang='lat' dir='ltr'>tim</span> <span class='ocrx_word' id='word_1_135' title='bbox 453 1683 698 1737; x_wconf 84' lang='lat' dir='ltr'>repulsam</span> <span class='ocrx_word' id='word_1_136' title='bbox 724 1682 903 1735; x_wconf 79' lang='lat' dir='ltr'>ferant,</span> <span class='ocrx_word' id='word_1_137' title='bbox 931 1699 1008 1728; x_wconf 90' lang='lat' dir='ltr'>me</span> <span class='ocrx_word' id='word_1_138' title='bbox 1037 1692 1195 1729; x_wconf 89' lang='lat' dir='ltr'>tueor.</span> <span class='ocrx_word' id='word_1_139' title='bbox 1234 1683 1431 1729; x_wconf 89' lang='lat' dir='ltr'>Domini</span> <span class='ocrx_word' id='word_1_140' title='bbox 1464 1685 1805 1743; x_wconf 87' lang='lat' dir='ltr'>brauatenses‚</span> <span class='ocrx_word' id='word_1_141' title='bbox 1843 1701 1964 1742; x_wconf 90' lang='lat' dir='ltr'>quos</span> 
     </span>
     <span class='ocr_line' id='line_1_20' title="bbox 345 1758 1964 1818; baseline 0.004 -17"><span class='ocrx_word' id='word_1_142' title='bbox 345 1758 496 1813; x_wconf 88' lang='lat' dir='ltr'>vulgo</span> <span class='ocrx_word' id='word_1_143' title='bbox 528 1759 865 1814; x_wconf 81' lang='lat' dir='ltr'>bryoudenses</span> <span class='ocrx_word' id='word_1_144' title='bbox 900 1776 1255 1818; x_wconf 74' lang='lat' dir='ltr'>nuncupamus,</span> <span class='ocrx_word' id='word_1_145' title='bbox 1293 1761 1524 1818; x_wconf 89' lang='lat' dir='ltr'>ciuesque</span> <span class='ocrx_word' id='word_1_146' title='bbox 1558 1762 1964 1808; x_wconf 86' lang='lat' dir='ltr'>Montisferrandi</span> 
     </span>
     <span class='ocr_line' id='line_1_21' title="bbox 344 1835 1962 1896; baseline 0.004 -18"><span class='ocrx_word' id='word_1_147' title='bbox 344 1844 492 1890; x_wconf 87' lang='lat' dir='ltr'>atque</span> <span class='ocrx_word' id='word_1_148' title='bbox 537 1835 661 1880; x_wconf 90' lang='lat' dir='ltr'>adeo</span> <span class='ocrx_word' id='word_1_149' title='bbox 706 1837 849 1881; x_wconf 81' lang='lat' dir='ltr'>amici</span> <span class='ocrx_word' id='word_1_150' title='bbox 895 1838 1301 1895; x_wconf 85' lang='lat' dir='ltr'>clarmontenses,</span> <span class='ocrx_word' id='word_1_151' title='bbox 1348 1839 1556 1895; x_wconf 82' lang='lat' dir='ltr'>proximi</span> <span class='ocrx_word' id='word_1_152' title='bbox 1600 1839 1713 1885; x_wconf 90' lang='lat' dir='ltr'>anni</span> <span class='ocrx_word' id='word_1_153' title='bbox 1753 1840 1962 1896; x_wconf 88' lang='lat' dir='ltr'>quadra-</span> 
     </span>
     <span class='ocr_line' id='line_1_22' title="bbox 343 1911 1964 1973; baseline 0.004 -18"><span class='ocrx_word' id='word_1_154' title='bbox 343 1911 532 1967; x_wconf 84' lang='lat' dir='ltr'>gesima</span> <span class='ocrx_word' id='word_1_155' title='bbox 564 1913 884 1958; x_wconf 88' lang='lat' dir='ltr'>ecclesiasten</span> <span class='ocrx_word' id='word_1_156' title='bbox 917 1929 992 1959; x_wconf 89' lang='lat' dir='ltr'>me</span> <span class='ocrx_word' id='word_1_157' title='bbox 1027 1914 1269 1970; x_wconf 76' lang='lat' dir='ltr'>flagitant,</span> <span class='ocrx_word' id='word_1_158' title='bbox 1296 1931 1356 1961; x_wconf 88' lang='lat' dir='ltr'>ac</span> <span class='ocrx_word' id='word_1_159' title='bbox 1380 1915 1527 1961; x_wconf 89' lang='lat' dir='ltr'>Dum.</span> <span class='ocrx_word' id='word_1_160' title='bbox 1550 1916 1833 1973; x_wconf 88' lang='lat' dir='ltr'>episcopum</span> <span class='ocrx_word' id='word_1_161' title='bbox 1858 1932 1964 1973; x_wconf 89' lang='lat' dir='ltr'>pre-</span> 
     </span>
     <span class='ocr_line' id='line_1_23' title="bbox 345 1988 1960 2049; baseline 0.004 -17"><span class='ocrx_word' id='word_1_162' title='bbox 345 1988 481 2033; x_wconf 87' lang='lat' dir='ltr'>cibus</span> <span class='ocrx_word' id='word_1_163' title='bbox 520 2004 733 2035; x_wconf 83' lang='lat' dir='ltr'>exorare</span> <span class='ocrx_word' id='word_1_164' title='bbox 773 1990 1058 2047; x_wconf 72' lang='lat' dir='ltr'>decreuere,</span> <span class='ocrx_word' id='word_1_165' title='bbox 1103 2001 1153 2036; x_wconf 87' lang='lat' dir='ltr'>vt</span> <span class='ocrx_word' id='word_1_166' title='bbox 1188 1992 1316 2037; x_wconf 80' lang='lat' dir='ltr'>votis</span> <span class='ocrx_word' id='word_1_167' title='bbox 1352 1992 1570 2048; x_wconf 90' lang='lat' dir='ltr'>ipsorum</span> <span class='ocrx_word' id='word_1_168' title='bbox 1605 1994 1960 2049; x_wconf 86' lang='lat' dir='ltr'>patrocinetur.</span> 
     </span>
     <span class='ocr_line' id='line_1_24' title="bbox 344 2064 1963 2121; baseline 0.004 -12"><span class='ocrx_word' id='word_1_169' title='bbox 344 2064 504 2110; x_wconf 80' lang='lat' dir='ltr'>Feriis</span> <span class='ocrx_word' id='word_1_170' title='bbox 530 2066 833 2121; x_wconf 88' lang='lat' dir='ltr'>potissimum</span> <span class='ocrx_word' id='word_1_171' title='bbox 858 2068 1139 2113; x_wconf 86' lang='lat' dir='ltr'>solennibus</span> <span class='ocrx_word' id='word_1_172' title='bbox 1163 2069 1272 2114; x_wconf 86' lang='lat' dir='ltr'>hinc</span> <span class='ocrx_word' id='word_1_173' title='bbox 1296 2069 1404 2114; x_wconf 89' lang='lat' dir='ltr'>inde</span> <span class='ocrx_word' id='word_1_174' title='bbox 1423 2070 1690 2115; x_wconf 88' lang='lat' dir='ltr'>inuitamur</span> <span class='ocrx_word' id='word_1_175' title='bbox 1709 2071 1770 2116; x_wconf 90' lang='lat' dir='ltr'>ad</span> <span class='ocrx_word' id='word_1_176' title='bbox 1791 2086 1963 2115; x_wconf 87' lang='lat' dir='ltr'>munus</span> 
     </span>
     <span class='ocr_line' id='line_1_25' title="bbox 344 2143 1963 2205; baseline 0.004 -18"><span class='ocrx_word' id='word_1_177' title='bbox 344 2143 706 2200; x_wconf 87' lang='lat' dir='ltr'>euangelicum.</span> <span class='ocrx_word' id='word_1_178' title='bbox 733 2144 841 2190; x_wconf 86' lang='lat' dir='ltr'>Hoc</span> <span class='ocrx_word' id='word_1_179' title='bbox 869 2161 989 2190; x_wconf 83' lang='lat' dir='ltr'>vero</span> <span class='ocrx_word' id='word_1_180' title='bbox 1026 2146 1461 2192; x_wconf 81' lang='lat' dir='ltr'>luculentissimum</span> <span class='ocrx_word' id='word_1_181' title='bbox 1496 2148 1668 2193; x_wconf 88' lang='lat' dir='ltr'>messis</span> <span class='ocrx_word' id='word_1_182' title='bbox 1702 2164 1963 2205; x_wconf 89' lang='lat' dir='ltr'>argumen-</span> 
     </span>
     <span class='ocr_line' id='line_1_26' title="bbox 344 2222 1964 2282; baseline 0.004 -18"><span class='ocrx_word' id='word_1_183' title='bbox 344 2230 445 2265; x_wconf 89' lang='lat' dir='ltr'>tum</span> <span class='ocrx_word' id='word_1_184' title='bbox 469 2222 791 2277; x_wconf 85' lang='lat' dir='ltr'>euangelicae</span> <span class='ocrx_word' id='word_1_185' title='bbox 816 2223 1157 2278; x_wconf 74' lang='lat' dir='ltr'>obseruamus,</span> <span class='ocrx_word' id='word_1_186' title='bbox 1186 2225 1313 2280; x_wconf 90' lang='lat' dir='ltr'>quod</span> <span class='ocrx_word' id='word_1_187' title='bbox 1333 2240 1362 2269; x_wconf 91' lang='lat' dir='ltr'>a</span> <span class='ocrx_word' id='word_1_188' title='bbox 1383 2225 1701 2270; x_wconf 90' lang='lat' dir='ltr'>concionibus</span> <span class='ocrx_word' id='word_1_189' title='bbox 1720 2225 1781 2270; x_wconf 90' lang='lat' dir='ltr'>ad</span> <span class='ocrx_word' id='word_1_190' title='bbox 1802 2226 1964 2282; x_wconf 89' lang='lat' dir='ltr'>poeni-</span> 
     </span>
     <span class='ocr_line' id='line_1_27' title="bbox 343 2298 1557 2358; baseline 0.004 -16"><span class='ocrx_word' id='word_1_191' title='bbox 343 2298 545 2343; x_wconf 90' lang='lat' dir='ltr'>tentium</span> <span class='ocrx_word' id='word_1_192' title='bbox 571 2299 909 2344; x_wconf 86' lang='lat' dir='ltr'>confessiones</span> <span class='ocrx_word' id='word_1_193' title='bbox 935 2300 1204 2346; x_wconf 89' lang='lat' dir='ltr'>audiendas</span> <span class='ocrx_word' id='word_1_194' title='bbox 1229 2302 1557 2358; x_wconf 89' lang='lat' dir='ltr'>requiramur.</span> 
     </span>
    </p>

    <p class='ocr_par' dir='ltr' id='par_1_3' title="bbox 345 2374 1966 3126">
     <span class='ocr_line' id='line_1_28' title="bbox 401 2374 1963 2432; baseline 0.003 -12"><span class='ocrx_word' id='word_1_195' title='bbox 401 2376 444 2420; x_wconf 77' lang='grc'>4.</span> <span class='ocrx_word' id='word_1_196' title='bbox 511 2374 643 2421; x_wconf 77' lang='lat' dir='ltr'>Sane</span> <span class='ocrx_word' id='word_1_197' title='bbox 674 2387 910 2432; x_wconf 88' lang='lat' dir='ltr'>quantum</span> <span class='ocrx_word' id='word_1_198' title='bbox 935 2377 996 2422; x_wconf 89' lang='lat' dir='ltr'>ad</span> <span class='ocrx_word' id='word_1_199' title='bbox 1020 2390 1396 2424; x_wconf 84' lang='lat' dir='ltr'>sacrosanctum</span> <span class='ocrx_word' id='word_1_200' title='bbox 1420 2389 1846 2425; x_wconf 85' lang='lat' dir='ltr'>sacramentorum</span> <span class='ocrx_word' id='word_1_201' title='bbox 1882 2380 1963 2424; x_wconf 45' lang='lat' dir='ltr'>mi*</span> 
     </span>
     <span class='ocr_line' id='line_1_29' title="bbox 346 2452 1962 2512; baseline 0.003 -16"><span class='ocrx_word' id='word_1_202' title='bbox 346 2452 600 2498; x_wconf 73' lang='lat' dir='ltr'>misterium</span> <span class='ocrx_word' id='word_1_203' title='bbox 626 2453 815 2510; x_wconf 85' lang='lat' dir='ltr'>attinet,</span> <span class='ocrx_word' id='word_1_204' title='bbox 843 2454 1131 2499; x_wconf 86' lang='lat' dir='ltr'>sacerdotes</span> <span class='ocrx_word' id='word_1_205' title='bbox 1157 2455 1352 2512; x_wconf 90' lang='lat' dir='ltr'>collegii</span> <span class='ocrx_word' id='word_1_206' title='bbox 1372 2456 1464 2501; x_wconf 91' lang='lat' dir='ltr'>hac</span> <span class='ocrx_word' id='word_1_207' title='bbox 1482 2457 1867 2512; x_wconf 86' lang='lat' dir='ltr'>quadragesima</span> <span class='ocrx_word' id='word_1_208' title='bbox 1886 2472 1962 2501; x_wconf 91' lang='lat' dir='ltr'>oc-</span> 
     </span>
     <span class='ocr_line' id='line_1_30' title="bbox 346 2529 1966 2588; baseline 0.002 -14"><span class='ocrx_word' id='word_1_209' title='bbox 346 2529 646 2585; x_wconf 85' lang='lat' dir='ltr'>cupatissimi</span> <span class='ocrx_word' id='word_1_210' title='bbox 671 2529 828 2586; x_wconf 83' lang='lat' dir='ltr'>fuere,</span> <span class='ocrx_word' id='word_1_211' title='bbox 866 2530 1056 2575; x_wconf 91' lang='lat' dir='ltr'>inuitati</span> <span class='ocrx_word' id='word_1_212' title='bbox 1091 2532 1154 2576; x_wconf 87' lang='lat' dir='ltr'>ab</span> <span class='ocrx_word' id='word_1_213' title='bbox 1189 2531 1304 2588; x_wconf 89' lang='lat' dir='ltr'>ipsis</span> <span class='ocrx_word' id='word_1_214' title='bbox 1338 2533 1539 2578; x_wconf 89' lang='lat' dir='ltr'>vicariis</span> <span class='ocrx_word' id='word_1_215' title='bbox 1571 2533 1634 2578; x_wconf 89' lang='lat' dir='ltr'>ad</span> <span class='ocrx_word' id='word_1_216' title='bbox 1669 2533 1714 2578; x_wconf 92' lang='lat' dir='ltr'>id</span> <span class='ocrx_word' id='word_1_217' title='bbox 1748 2533 1966 2578; x_wconf 88' lang='lat' dir='ltr'>muneris</span> 
     </span>
     <span class='ocr_line' id='line_1_31' title="bbox 345 2606 1962 2667; baseline 0.004 -18"><span class='ocrx_word' id='word_1_218' title='bbox 345 2607 622 2652; x_wconf 87' lang='lat' dir='ltr'>obeundum</span> <span class='ocrx_word' id='word_1_219' title='bbox 647 2608 738 2652; x_wconf 89' lang='lat' dir='ltr'>sub</span> <span class='ocrx_word' id='word_1_220' title='bbox 761 2606 913 2653; x_wconf 90' lang='lat' dir='ltr'>ferias</span> <span class='ocrx_word' id='word_1_221' title='bbox 936 2608 1209 2664; x_wconf 87' lang='lat' dir='ltr'>paschales.</span> <span class='ocrx_word' id='word_1_222' title='bbox 1248 2609 1357 2665; x_wconf 85' lang='lat' dir='ltr'>Ego</span> <span class='ocrx_word' id='word_1_223' title='bbox 1392 2625 1585 2666; x_wconf 92' lang='lat' dir='ltr'>quoque</span> <span class='ocrx_word' id='word_1_224' title='bbox 1618 2610 1813 2667; x_wconf 84' lang='lat' dir='ltr'>Ryomi,</span> <span class='ocrx_word' id='word_1_225' title='bbox 1849 2610 1962 2655; x_wconf 90' lang='lat' dir='ltr'>alio-</span> 
     </span>
     <span class='ocr_line' id='line_1_32' title="bbox 345 2683 1963 2743; baseline 0.002 -16"><span class='ocrx_word' id='word_1_226' title='bbox 345 2683 457 2739; x_wconf 89' lang='lat' dir='ltr'>quin</span> <span class='ocrx_word' id='word_1_227' title='bbox 498 2684 618 2729; x_wconf 90' lang='lat' dir='ltr'>satis</span> <span class='ocrx_word' id='word_1_228' title='bbox 657 2693 944 2741; x_wconf 77' lang='lat' dir='ltr'>occupatus,</span> <span class='ocrx_word' id='word_1_229' title='bbox 986 2686 1222 2741; x_wconf 88' lang='lat' dir='ltr'>temporis</span> <span class='ocrx_word' id='word_1_230' title='bbox 1262 2687 1573 2732; x_wconf 90' lang='lat' dir='ltr'>occasionem</span> <span class='ocrx_word' id='word_1_231' title='bbox 1614 2687 1963 2743; x_wconf 84' lang='lat' dir='ltr'>poenitentium</span> 
     </span>
     <span class='ocr_line' id='line_1_33' title="bbox 346 2761 1963 2819; baseline 0.001 -14"><span class='ocrx_word' id='word_1_232' title='bbox 346 2761 731 2805; x_wconf 88' lang='lat' dir='ltr'>reconciliationi</span> <span class='ocrx_word' id='word_1_233' title='bbox 756 2761 1061 2819; x_wconf 75' lang='lat' dir='ltr'>suffurabar,</span> <span class='ocrx_word' id='word_1_234' title='bbox 1089 2761 1223 2806; x_wconf 88' lang='lat' dir='ltr'>feriis</span> <span class='ocrx_word' id='word_1_235' title='bbox 1257 2763 1472 2818; x_wconf 90' lang='lat' dir='ltr'>paschae</span> <span class='ocrx_word' id='word_1_236' title='bbox 1496 2762 1833 2808; x_wconf 89' lang='lat' dir='ltr'>confitentium</span> <span class='ocrx_word' id='word_1_237' title='bbox 1868 2774 1963 2807; x_wconf 91' lang='lat' dir='ltr'>tur-</span> 
     </span>
     <span class='ocr_line' id='line_1_34' title="bbox 346 2837 1964 2896; baseline 0.002 -15"><span class='ocrx_word' id='word_1_238' title='bbox 346 2837 407 2881; x_wconf 93' lang='lat' dir='ltr'>ba</span> <span class='ocrx_word' id='word_1_239' title='bbox 447 2852 651 2892; x_wconf 89' lang='lat' dir='ltr'>prorsus</span> <span class='ocrx_word' id='word_1_240' title='bbox 690 2838 911 2883; x_wconf 91' lang='lat' dir='ltr'>obrutus.</span> <span class='ocrx_word' id='word_1_241' title='bbox 956 2837 1306 2884; x_wconf 89' lang='lat' dir='ltr'>Confessiones</span> <span class='ocrx_word' id='word_1_242' title='bbox 1339 2839 1525 2896; x_wconf 89' lang='lat' dir='ltr'>aliquot</span> <span class='ocrx_word' id='word_1_243' title='bbox 1557 2840 1821 2896; x_wconf 85' lang='lat' dir='ltr'>generales</span> <span class='ocrx_word' id='word_1_244' title='bbox 1854 2855 1964 2885; x_wconf 88' lang='lat' dir='ltr'>cum</span> 
     </span>
     <span class='ocr_line' id='line_1_35' title="bbox 348 2912 1964 2972; baseline 0.002 -15"><span class='ocrx_word' id='word_1_245' title='bbox 348 2913 485 2958; x_wconf 86' lang='lat' dir='ltr'>vberi</span> <span class='ocrx_word' id='word_1_246' title='bbox 510 2912 676 2959; x_wconf 86' lang='lat' dir='ltr'>fructu</span> <span class='ocrx_word' id='word_1_247' title='bbox 700 2913 865 2959; x_wconf 89' lang='lat' dir='ltr'>factae</span> <span class='ocrx_word' id='word_1_248' title='bbox 890 2924 1002 2959; x_wconf 89' lang='lat' dir='ltr'>sunt</span> <span class='ocrx_word' id='word_1_249' title='bbox 1025 2914 1249 2960; x_wconf 89' lang='lat' dir='ltr'>Bilhomi.</span> <span class='ocrx_word' id='word_1_250' title='bbox 1279 2915 1437 2960; x_wconf 84' lang='lat' dir='ltr'>Feriis</span> <span class='ocrx_word' id='word_1_251' title='bbox 1460 2926 1772 2972; x_wconf 89' lang='lat' dir='ltr'>pentecostes</span> <span class='ocrx_word' id='word_1_252' title='bbox 1802 2931 1964 2960; x_wconf 89' lang='lat' dir='ltr'>nume-</span> 
     </span>
     <span class='ocr_line' id='line_1_36' title="bbox 347 2991 1964 3038; baseline 0.003 -5"><span class='ocrx_word' id='word_1_253' title='bbox 347 3005 462 3034; x_wconf 89' lang='lat' dir='ltr'>rosa</span> <span class='ocrx_word' id='word_1_254' title='bbox 487 2991 947 3036; x_wconf 89' lang='lat' dir='ltr'>communicantium</span> <span class='ocrx_word' id='word_1_255' title='bbox 974 2992 1230 3037; x_wconf 89' lang='lat' dir='ltr'>multitudo</span> <span class='ocrx_word' id='word_1_256' title='bbox 1255 2993 1315 3036; x_wconf 90' lang='lat' dir='ltr'>ad</span> <span class='ocrx_word' id='word_1_257' title='bbox 1340 2993 1500 3038; x_wconf 87' lang='lat' dir='ltr'>altare</span> <span class='ocrx_word' id='word_1_258' title='bbox 1524 3003 1743 3038; x_wconf 89' lang='lat' dir='ltr'>nostrum</span> <span class='ocrx_word' id='word_1_259' title='bbox 1767 3008 1964 3038; x_wconf 88' lang='lat' dir='ltr'>sacram</span> 
     </span>
     <span class='ocr_line' id='line_1_37' title="bbox 352 3066 1964 3126; baseline 0.002 -15"><span class='ocrx_word' id='word_1_260' title='bbox 352 3066 699 3112; x_wconf 87' lang='lat' dir='ltr'>eucharistiam</span> <span class='ocrx_word' id='word_1_261' title='bbox 725 3068 946 3124; x_wconf 83' lang='lat' dir='ltr'>sumpsit,</span> <span class='ocrx_word' id='word_1_262' title='bbox 974 3077 1022 3113; x_wconf 88' lang='lat' dir='ltr'>et</span> <span class='ocrx_word' id='word_1_263' title='bbox 1044 3067 1309 3124; x_wconf 85' lang='lat' dir='ltr'>promiscui</span> <span class='ocrx_word' id='word_1_264' title='bbox 1338 3077 1496 3114; x_wconf 88' lang='lat' dir='ltr'>status</span> <span class='ocrx_word' id='word_1_265' title='bbox 1530 3080 1576 3114; x_wconf 88' lang='lat' dir='ltr'>et</span> <span class='ocrx_word' id='word_1_266' title='bbox 1610 3069 1862 3126; x_wconf 84' lang='lat' dir='ltr'>Vtriusque</span> <span class='ocrx_word' id='word_1_267' title='bbox 1894 3084 1964 3114; x_wconf 91' lang='lat' dir='ltr'>se-</span> 
     </span>
    </p>
   </div>
  </div>
 </body>
</html>
