2051 3516
389 248 459 284 370
859 247 1075 283 LITTERAE
1102 246 1458 291 QUADRIMESTRES

344 343 459 388 tatis
498 358 662 388 mores
701 343 830 387 intus
870 352 917 387 et
956 342 1000 386 in
1042 351 1153 386 cute
1192 340 1321 397 noui,
1360 356 1476 385 raro
1516 341 1696 386 nostris
1730 340 1958 385 Patribus

345 414 472 459 domi
497 414 778 470 quiescendi
802 424 994 469 tempus
1018 411 1321 467 conceditur3
1352 411 1588 455 innumeri
1614 411 1740 456 enim
1764 411 1896 455 ciues
1920 411 1957 455 si

345 491 540 547 quando
564 491 692 535 male
716 491 947 542 habeant,
976 488 1161 533 relictis
1194 487 1318 543 aliis,
1345 487 1517 543 quibus
1541 486 1763 531 confiteri
1789 502 1817 530 a
1842 487 1956 531 mul-

346 566 406 612 tis
439 576 552 612 ante
586 567 726 611 annis
760 575 1138 615 consueuerant,
1166 574 1363 607 nostros
1396 563 1572 608 Patres
1606 563 1667 608 ad
1698 579 1749 607 se
1783 576 1957 619 qnam-

346 644 574 699 prz'mum
614 642 943 688 accersendos
982 649 1172 694 curant,
1210 655 1237 684 a
1273 639 1446 694 quibus
1485 655 1656 684 eorum
1696 639 1959 684 audiantur

347 719 695 765 confessiones.
722 719 874 763 Pauci
898 717 1290 774 sumusfatcor,
1318 716 1505 761 cunctis
1528 716 1745 772 proinde
1768 715 1958 761 satisfa-

345 812 460 842 cere
485 810 583 841 non
609 810 870 852 possumus
894 802 929 848 ³3
957 794 1017 839 sit
1041 793 1280 838 Dominus
1313 792 1359 836 in
1394 793 1617 837 omnibus
1651 792 1955 847 benedictus,

346 874 434 930 qui
459 886 672 917 suornm
704 884 975 916 sensorum
1010 883 1284 914 nnmerum
1318 872 1364 912 et
1393 868 1715 924 amplificare
1746 872 1792 912 et
1816 868 1959 912 dimi-

347 964 503 994 nuere
541 949 609 1004 (si
650 948 856 1005 qnando
886 947 1060 1004 fuerit
1096 946 1247 1001 opas)
1287 945 1656 1001 benignissime
1695 945 1852 989 nouit.
1898 943 1965 988 Et

348 1030 402 1071 ut
444 1027 524 1071 lzz‘c
567 1026 721 1070 etiam
753 1024 952 1080 aliquid
979 1022 1164 1067 habeat
1203 1021 1338 1066 Rda.
1382 1021 1682 1065 Paternitczs
1719 1025 1825 1073 tna,
1867 1034 1963 1078 quc>

347 1103 565 1147 laetetmf
596 1102 647 1146 in
676 1100 900 1145 Domino
935 1100 1220 1155 caeterique
1253 1098 1440 1142 Patzfes
1469 1111 1528 1142 ac
1548 1098 1778 1155 fratres·
1807 1097 1921 1142 licet
1945 1096 1964 1124 b
2023 1149 2026 1153 ⁴

347 1179 561 1236 quotidie
606 1178 733 1229 fere,
780 1177 865 1222 sed
910 1176 1082 1221 diebus
1126 1175 1340 1220 maxime
1386 1174 1523 1219 festis
1561 1174 1749 1230 plures,
1792 1183 1963 1219 nostra

349 1255 562 1301 omnium
588 1254 827 1310 opinione,
855 1252 916 1297 ad
942 1252 1304 1296 sanctissimum
1329 1251 1657 1295 eucharistiae
1682 1265 1963 1295 sacramen-

349 1344 446 1377 tum
472 1347 662 1377 summa
687 1330 948 1375 deuotione
973 1330 1259 1373 sumendum
1281 1336 1565 1382 accurrant,
1595 1337 1694 1372 tum
1720 1326 1765 1371 in
1790 1327 1866 1372 die
1891 1341 1964 1371 as-

349 1409 638 1465 sumptionis
672 1409 849 1452 beatae
889 1405 1108 1462 Uirginis
1147 1409 1216 1449 [os
1248 1412 1262 1431 ⁰
1303 1414 1414 1450 sunt
1439 1404 1666 1457 confessi,
1694 1413 1741 1449 et
1765 1403 1963 1448 caelesti

350 1500 530 1530 manna
560 1483 748 1539 saciati,
777 1492 826 1526 ut
860 1484 1005 1537 longe
1040 1482 1204 1537 plures
1238 1480 1685 1525 desiderauerimus
1719 1479 1965 1525 confessa-

350 1562 463 1618 rios,
492 1576 662 1605 eorum
693 1559 817 1604 enim
849 1558 1010 1613 inopia
1045 1572 1146 1614 qna
1180 1558 1260 1602 laic
1292 1557 1591 1602 laboramus
1609 1557 1963 1613 potissimum,
2005 1577 2009 1581 “

351 1638 512 1682 multis
551 1635 841 1681 satisfacere
876 1649 934 1679 eo
970 1634 1044 1678 die
1078 1649 1389 1690 nequaquam
1429 1634 1693 1689 potuimus,
1735 1633 1848 1678 licet
1887 1648 1966 1689 po-

351 1723 483 1758 stero
507 1713 583 1758 die
608 1728 779 1758 eorum
811 1711 1026 1756 nonnulli
1066 1710 1247 1755 fuerint
1281 1710 1506 1755 confessi.
1545 1710 1967 1768 [Conversimmm

352 1790 624 1847 exempla]

410 1866 449 1911 2.
514 1866 661 1911 Hisce
687 1881 878 1922 quoque
902 1865 1071 1910 diebus
1096 1863 1395 1920 grauissima
1429 1864 1660 1908 nonnulla
1685 1863 1813 1917 odia,
1842 1877 1967 1919 quae

354 1943 478 1987 inter
512 1942 748 1999 quosdam
783 1941 1080 1997 praediuites
1116 1940 1335 1984 homines
1369 1939 1756 1993 intercedebant,
1795 1939 1967 1995 quibus

353 2019 631 2064 humanitus
655 2019 786 2062 nulla
810 2017 914 2062 fieri
941 2026 1135 2073 poterat
1155 2016 1412 2069 medicina,
1437 2016 1601 2061 diuina
1624 2014 1834 2072 primurn
1857 2030 1968 2071 gra-

353 2096 436 2154 tia,
463 2105 745 2140 nostrorum
771 2094 974 2138 Patrum
995 2093 1168 2138 deinde
1188 2108 1358 2149 opera,
1388 2093 1454 2137 ita
1478 2102 1590 2137 sunt
1614 2093 1852 2138 restincta
1876 2091 1894 2117 ‘¹
1918 2100 1969 2136 ut

355 2173 533 2218 nullum
558 2172 685 2217 inter
715 2187 799 2216 eos
833 2171 1066 2226 pristinae
1101 2169 1381 2214 inimicitiae
1417 2169 1697 2225 reperiatur
1731 2168 1966 2213 inditium.

355 2250 443 2295 His
467 2259 715 2306 postremo
739 2248 916 2292 addam
943 2247 1134 2304 aliquot
1164 2246 1422 2291 charitatis
1457 2245 1623 2290 officia
1658 2260 1785 2301 quae
1809 2251 1825 2272 Ε
1853 2244 1970 2289 mul-

355 2326 389 2371 ti
428 2324 712 2371 nobilissimi
747 2323 837 2368 uiri
871 2333 982 2368 sunt
1016 2323 1225 2377 executi3
1263 2332 1545 2367 nostrorum
1571 2322 1696 2367 enim
1724 2322 1927 2367 Patrum
1961 2320 1970 2347 f

356 2402 595 2448 nonnullis
631 2400 962 2455 suadentibus,
1001 2410 1048 2444 et
1087 2399 1395 2455 quarundam
1436 2399 1716 2444 monialium
1756 2399 1969 2455 inopiam

357 2478 731 2536 exponentibUS,
759 2477 991 2522 effectum
1015 2487 1086 2521 est
1122 2485 1173 2521 ut
1207 2476 1299 2520 illis
1333 2477 1469 2520 multi
1496 2477 1677 2521 multas
1701 2476 1971 2531 elargiren-

358 2565 438 2600 tur
463 2555 710 2611 pecunias.
737 2552 808 2598 Sit
833 2553 1074 2597 Dominus
1098 2552 1399 2597 benedictus.

415 2632 457 2676 Ρ).
525 2631 775 2686 Quantum
811 2645 930 2674 uero
965 2629 1025 2673 ad
1059 2637 1281 2672 nostrum
1307 2628 1399 2672 hoc
1424 2644 1677 2673 musaeum
1710 2643 1769 2673 ac
1792 2627 1971 2673 studio-

359 2723 523 2751 sorum
551 2707 864 2762 multiplicem
889 2706 1100 2750 fructum
1132 2704 1323 2761 attinet,
1351 2704 1444 2748 hoc
1469 2704 1725 2749 dicendum
1760 2704 1968 2749 videtur.

360 2783 411 2827 In
445 2784 649 2839 singulis
683 2783 861 2828 scholis
896 2782 1159 2837 discipulos
1195 2781 1407 2836 quotidie
1443 2782 1686 2833 exerceri,
1714 2781 1903 2836 aliquos
1927 2780 1971 2824 in

407 2926 423 2946 3
490 2919 707 2955 Pauciores
738 2924 873 2954 tamen
903 2930 1039 2954 sumus
1069 2929 1189 2962 quam
1227 2921 1267 2951 vt
1306 2916 1459 2952 cunctis
1495 2916 1729 2952 satisfacere
1765 2916 1972 2962 possimus.

360 2979 425 3003 —b
480 2991 582 3014 eum.
641 2985 697 3004 —C
730 2984 810 3013 tam
844 2977 969 3013 multi.
1024 2974 1088 3001 —d
1145 2975 1332 3011 extincta.
1386 2983 1447 3002 we
1507 2975 1749 3021 quoddam...
1788 2974 1974 3019 officium,

361 3036 477 3083 quod.
531 3035 587 3062 *f
637 3037 828 3072 Patruum
852 3047 929 3073 ms.
