<?xml version="1.0" encoding="UTF-8"?>
<!DOCTYPE html PUBLIC "-//W3C//DTD XHTML 1.0 Transitional//EN"
    "http://www.w3.org/TR/xhtml1/DTD/xhtml1-transitional.dtd">
<html xmlns="http://www.w3.org/1999/xhtml" xml:lang="en" lang="en">
 <head>
  <title>
</title>
<meta http-equiv="Content-Type" content="text/html;charset=utf-8" />
  <meta name='ocr-system' content='tesseract 3.04.00' />
  <meta name='ocr-capabilities' content='ocr_page ocr_carea ocr_par ocr_line ocrx_word'/>
</head>
<body>
  <div class='ocr_page' id='page_1' title='image "./litteraequadrime17lain_0035.png"; bbox 0 0 2051 3516; ppageno 0'>
   <div class='ocr_carea' id='block_1_1' title="bbox 489 308 1229 364">
    <p class='ocr_par' dir='ltr' id='par_1_1' title="bbox 489 308 1229 364">
     <span class='ocr_line' id='line_1_1' title="bbox 489 308 1229 364; baseline -0.014 -10"><span class='ocrx_word' id='word_1_1' title='bbox 489 314 751 353; x_wconf 76' lang='lat' dir='ltr'>2.—GAND1A</span> <span class='ocrx_word' id='word_1_2' title='bbox 780 313 820 349; x_wconf 89' lang='lat'>11</span> <span class='ocrx_word' id='word_1_3' title='bbox 849 311 1110 349; x_wconf 76' lang='lat' dir='ltr'>SEPTEMBms</span> <span class='ocrx_word' id='word_1_4' title='bbox 1134 308 1229 364; x_wconf 20' lang='lat'>‚1556</span> 
     </span>
    </p>
   </div>
   <div class='ocr_carea' id='block_1_2' title="bbox 486 460 1251 632">
    <p class='ocr_par' dir='ltr' id='par_1_2' title="bbox 486 460 1251 632">
     <span class='ocr_line' id='line_1_2' title="bbox 851 460 884 511; baseline 0 0"><span class='ocrx_word' id='word_1_5' title='bbox 851 460 884 511; x_wconf 87' lang='grc'>2</span> 
     </span>
     <span class='ocr_line' id='line_1_3' title="bbox 486 563 1251 632; baseline -0.01 -15"><span class='ocrx_word' id='word_1_6' title='bbox 486 567 826 632; x_wconf 83' lang='lat' dir='ltr'>JACOBUS</span> <span class='ocrx_word' id='word_1_7' title='bbox 870 563 1251 613; x_wconf 86' lang='lat' dir='ltr'>PUELLIUS</span> 
     </span>
    </p>
   </div>
   <div class='ocr_carea' id='block_1_3' title="bbox 545 659 1192 702">
    <p class='ocr_par' dir='ltr' id='par_1_3' title="bbox 545 659 1192 702">
     <span class='ocr_line' id='line_1_4' title="bbox 545 659 1192 702; baseline -0.009 0"><span class='ocrx_word' id='word_1_8' title='bbox 545 674 706 702; x_wconf 72' lang='lat' dir='ltr'><strong>GANDm</strong></span> <span class='ocrx_word' id='word_1_9' title='bbox 726 663 765 700; x_wconf 92' lang='grc'>11</span> <span class='ocrx_word' id='word_1_10' title='bbox 786 671 1037 699; x_wconf 82' lang='lat' dir='ltr'>SEPTEMBRIS</span> <span class='ocrx_word' id='word_1_11' title='bbox 1057 659 1148 697; x_wconf 79' lang='lat'>1556</span> <span class='ocrx_word' id='word_1_12' title='bbox 1167 661 1192 696; x_wconf 94' lang='lat'>¹.</span> 
     </span>
    </p>
   </div>
   <div class='ocr_carea' id='block_1_4' title="bbox 41 755 1691 1108">
    <p class='ocr_par' dir='ltr' id='par_1_4' title="bbox 41 755 1691 1108">
     <span class='ocr_line' id='line_1_5' title="bbox 41 755 1686 803; baseline -0.008 -2"><span class='ocrx_word' id='word_1_13' title='bbox 41 767 132 802; x_wconf 52' lang='lat'>&#39;1-4.</span> <span class='ocrx_word' id='word_1_14' title='bbox 163 765 299 803; x_wconf 78' lang='lat' dir='ltr'>Sacra</span> <span class='ocrx_word' id='word_1_15' title='bbox 327 762 574 800; x_wconf 80' lang='lat' dir='ltr'>ministeria</span> <span class='ocrx_word' id='word_1_16' title='bbox 602 771 628 797; x_wconf 84' lang='lat' dir='ltr'>a</span> <span class='ocrx_word' id='word_1_17' title='bbox 656 757 925 796; x_wconf 76' lang='lat' dir='ltr'><em>nostratibus</em></span> <span class='ocrx_word' id='word_1_18' title='bbox 951 757 1147 793; x_wconf 82' lang='lat' dir='ltr'>maximo</span> <span class='ocrx_word' id='word_1_19' title='bbox 1179 755 1440 791; x_wconf 79' lang='lat' dir='ltr'>animarmn</span> <span class='ocrx_word' id='word_1_20' title='bbox 1469 755 1686 798; x_wconf 73' lang='lat' dir='ltr'>proventu</span> 
     </span>
     <span class='ocr_line' id='line_1_6' title="bbox 129 812 1689 867; baseline -0.01 -5"><span class='ocrx_word' id='word_1_21' title='bbox 129 821 482 862; x_wconf 81' lang='lat' dir='ltr'>exercentur.—5.</span> <span class='ocrx_word' id='word_1_22' title='bbox 506 820 745 867; x_wconf 78' lang='lat' dir='ltr'>jubilaeus</span> <span class='ocrx_word' id='word_1_23' title='bbox 763 829 789 855; x_wconf 84' lang='grc' dir='ltr'><em>α</em></span> <span class='ocrx_word' id='word_1_24' title='bbox 810 817 954 854; x_wconf 82' lang='lat' dir='ltr'>Paulo</span> <span class='ocrx_word' id='word_1_25' title='bbox 976 815 1047 853; x_wconf 91' lang='lat' dir='ltr'>IV</span> <span class='ocrx_word' id='word_1_26' title='bbox 1059 824 1286 852; x_wconf 84' lang='lat' dir='ltr'>concessus</span> <span class='ocrx_word' id='word_1_27' title='bbox 1305 813 1468 850; x_wconf 80' lang='lat' dir='ltr'>multos</span> <span class='ocrx_word' id='word_1_28' title='bbox 1488 812 1689 858; x_wconf 81' lang='lat' dir='ltr'>christifi-</span> 
     </span>
     <span class='ocr_line' id='line_1_7' title="bbox 128 872 1686 925; baseline -0.009 -2"><span class='ocrx_word' id='word_1_29' title='bbox 128 884 245 922; x_wconf 82' lang='lat' dir='ltr'><em>deles</em></span> <span class='ocrx_word' id='word_1_30' title='bbox 263 883 324 920; x_wconf 84' lang='lat' dir='ltr'>ad</span> <span class='ocrx_word' id='word_1_31' title='bbox 341 882 621 920; x_wconf 79' lang='lat' dir='ltr'>sacramenta</span> <span class='ocrx_word' id='word_1_32' title='bbox 637 876 923 925; x_wconf 78' lang='lat' dir='ltr'>percipienda</span> <span class='ocrx_word' id='word_1_33' title='bbox 942 874 1228 913; x_wconf 83' lang='lat' dir='ltr'>allicit.—6-7.</span> <span class='ocrx_word' id='word_1_34' title='bbox 1259 873 1531 913; x_wconf 80' lang='lat' dir='ltr'>Gandz&#39;enses</span> <span class='ocrx_word' id='word_1_35' title='bbox 1550 872 1686 910; x_wconf 84' lang='lat' dir='ltr'>Socie-</span> 
     </span>
     <span class='ocr_line' id='line_1_8' title="bbox 131 933 1690 990; baseline -0.009 -8"><span class='ocrx_word' id='word_1_36' title='bbox 131 945 235 982; x_wconf 81' lang='lat' dir='ltr'>tatis</span> <span class='ocrx_word' id='word_1_37' title='bbox 254 943 367 990; x_wconf 79' lang='lat' dir='ltr'>Jesu</span> <span class='ocrx_word' id='word_1_38' title='bbox 393 939 723 981; x_wconf 77' lang='lat' dir='ltr'><em>studiosissimi,</em></span> <span class='ocrx_word' id='word_1_39' title='bbox 752 948 779 974; x_wconf 85' lang='lat' dir='ltr'>a</span> <span class='ocrx_word' id='word_1_40' title='bbox 806 947 894 983; x_wconf 80' lang='lat' dir='ltr'>qua</span> <span class='ocrx_word' id='word_1_41' title='bbox 921 937 968 973; x_wconf 80' lang='lat' dir='ltr'>in</span> <span class='ocrx_word' id='word_1_42' title='bbox 995 934 1325 973; x_wconf 77' lang='lat' dir='ltr'>necessitatibus</span> <span class='ocrx_word' id='word_1_43' title='bbox 1351 933 1690 980; x_wconf 80' lang='lat' dir='ltr'>adjuvantur.—</span> 
     </span>
     <span class='ocr_line' id='line_1_9' title="bbox 131 993 1691 1047; baseline -0.007 -8"><span class='ocrx_word' id='word_1_44' title='bbox 131 1004 167 1041; x_wconf 87' lang='lat'>8.</span> <span class='ocrx_word' id='word_1_45' title='bbox 199 1003 315 1041; x_wconf 81' lang='lat' dir='ltr'>Socii</span> <span class='ocrx_word' id='word_1_46' title='bbox 338 1001 507 1047; x_wconf 79' lang='lat' dir='ltr'>collegii</span> <span class='ocrx_word' id='word_1_47' title='bbox 530 998 791 1045; x_wconf 42' lang='lat' dir='ltr'>gmszdiensis</span> <span class='ocrx_word' id='word_1_48' title='bbox 819 1005 918 1033; x_wconf 82' lang='lat' dir='ltr'>cum</span> <span class='ocrx_word' id='word_1_49' title='bbox 943 996 1111 1042; x_wconf 76' lang='lat' dir='ltr'>pietati,</span> <span class='ocrx_word' id='word_1_50' title='bbox 1140 997 1235 1032; x_wconf 79' lang='lat' dir='ltr'>tum</span> <span class='ocrx_word' id='word_1_51' title='bbox 1255 994 1411 1031; x_wconf 78' lang='lat' dir='ltr'>litteris</span> <span class='ocrx_word' id='word_1_52' title='bbox 1437 993 1691 1039; x_wconf 81' lang='lat' dir='ltr'><em>diligentem</em></span> 
     </span>
     <span class='ocr_line' id='line_1_10' title="bbox 132 1065 511 1108; baseline -0.011 -8"><span class='ocrx_word' id='word_1_53' title='bbox 132 1065 303 1100; x_wconf 79' lang='lat' dir='ltr'>navant</span> <span class='ocrx_word' id='word_1_54' title='bbox 319 1066 511 1108; x_wconf 74' lang='lat' dir='ltr'>operam.</span> 
     </span>
    </p>
   </div>
   <div class='ocr_carea' id='block_1_5' title="bbox 64 1141 1694 1279">
    <p class='ocr_par' dir='ltr' id='par_1_5' title="bbox 64 1141 1694 1279">
     <span class='ocr_line' id='line_1_11' title="bbox 127 1141 1693 1205; baseline -0.008 -6"><span class='ocrx_word' id='word_1_55' title='bbox 127 1155 164 1200; x_wconf 89' lang='lat'>1.</span> <span class='ocrx_word' id='word_1_56' title='bbox 229 1156 255 1205; x_wconf 79' lang='lat'>†</span> <span class='ocrx_word' id='word_1_57' title='bbox 287 1148 585 1197; x_wconf 87' lang='lat' dir='ltr'>Reuerendo</span> <span class='ocrx_word' id='word_1_58' title='bbox 615 1147 661 1193; x_wconf 91' lang='lat' dir='ltr'>in</span> <span class='ocrx_word' id='word_1_59' title='bbox 687 1145 888 1193; x_wconf 86' lang='lat' dir='ltr'>Christo</span> <span class='ocrx_word' id='word_1_60' title='bbox 919 1145 1056 1191; x_wconf 85' lang='lat' dir='ltr'>Patri</span> <span class='ocrx_word' id='word_1_61' title='bbox 1086 1143 1282 1202; x_wconf 86' lang='lat' dir='ltr'>Ignatio</span> <span class='ocrx_word' id='word_1_62' title='bbox 1313 1142 1520 1188; x_wconf 89' lang='lat' dir='ltr'>Loiolae</span> <span class='ocrx_word' id='word_1_63' title='bbox 1550 1141 1693 1201; x_wconf 86' lang='lat' dir='ltr'>Jaco-</span> 
     </span>
     <span class='ocr_line' id='line_1_12' title="bbox 64 1217 1694 1279; baseline -0.009 -2"><span class='ocrx_word' id='word_1_64' title='bbox 64 1232 153 1277; x_wconf 91' lang='lat' dir='ltr'>bus</span> <span class='ocrx_word' id='word_1_65' title='bbox 188 1228 402 1275; x_wconf 86' lang='lat' dir='ltr'>Puellius</span> <span class='ocrx_word' id='word_1_66' title='bbox 432 1228 446 1252; x_wconf 79' lang='lat'><strong>²</strong></span> <span class='ocrx_word' id='word_1_67' title='bbox 477 1225 528 1272; x_wconf 82' lang='lat' dir='ltr'>S.</span> <span class='ocrx_word' id='word_1_68' title='bbox 565 1225 619 1271; x_wconf 87' lang='lat' dir='ltr'>P.</span> <span class='ocrx_word' id='word_1_69' title='bbox 652 1224 714 1269; x_wconf 91' lang='lat' dir='ltr'>D.</span> <span class='ocrx_word' id='word_1_70' title='bbox 751 1222 932 1270; x_wconf 82' lang='lat' dir='ltr'>Gratia</span> <span class='ocrx_word' id='word_1_71' title='bbox 957 1231 1005 1268; x_wconf 90' lang='lat' dir='ltr'>et</span> <span class='ocrx_word' id='word_1_72' title='bbox 1029 1237 1129 1279; x_wconf 84' lang='lat' dir='ltr'>pax</span> <span class='ocrx_word' id='word_1_73' title='bbox 1151 1219 1349 1266; x_wconf 90' lang='lat' dir='ltr'>Domini</span> <span class='ocrx_word' id='word_1_74' title='bbox 1372 1219 1484 1266; x_wconf 88' lang='lat' dir='ltr'>Iesv</span> <span class='ocrx_word' id='word_1_75' title='bbox 1509 1217 1694 1264; x_wconf 84' lang='lat' dir='ltr'>Christi</span> 
     </span>
    </p>
   </div>
   <div class='ocr_carea' id='block_1_6' title="bbox 60 1295 1698 1443">
    <p class='ocr_par' dir='ltr' id='par_1_6' title="bbox 60 1295 1698 1443">
     <span class='ocr_line' id='line_1_13' title="bbox 64 1295 1694 1364; baseline -0.01 -9"><span class='ocrx_word' id='word_1_76' title='bbox 64 1308 125 1354; x_wconf 92' lang='lat' dir='ltr'>sit</span> <span class='ocrx_word' id='word_1_77' title='bbox 147 1321 341 1364; x_wconf 84' lang='lat' dir='ltr'><strong>semper</strong></span> <span class='ocrx_word' id='word_1_78' title='bbox 363 1314 544 1359; x_wconf 84' lang='lat' dir='ltr'>tecum,</span> <span class='ocrx_word' id='word_1_79' title='bbox 572 1317 733 1348; x_wconf 88' lang='lat' dir='ltr'>amen.</span> <span class='ocrx_word' id='word_1_80' title='bbox 760 1300 838 1346; x_wconf 91' lang='lat' dir='ltr'>De</span> <span class='ocrx_word' id='word_1_81' title='bbox 862 1299 1087 1346; x_wconf 90' lang='lat' dir='ltr'>omnibus</span> <span class='ocrx_word' id='word_1_82' title='bbox 1106 1298 1273 1353; x_wconf 80' lang='lat' dir='ltr'>rebus,</span> <span class='ocrx_word' id='word_1_83' title='bbox 1296 1312 1421 1354; x_wconf 89' lang='lat' dir='ltr'>quae</span> <span class='ocrx_word' id='word_1_84' title='bbox 1446 1295 1523 1341; x_wconf 85' lang='lat' dir='ltr'>hie</span> <span class='ocrx_word' id='word_1_85' title='bbox 1542 1310 1694 1352; x_wconf 85' lang='lat' dir='ltr'>agun-</span> 
     </span>
     <span class='ocr_line' id='line_1_14' title="bbox 60 1373 1698 1443; baseline -0.009 -10"><span class='ocrx_word' id='word_1_86' title='bbox 60 1396 163 1443; x_wconf 84' lang='lat' dir='ltr'>tur,</span> <span class='ocrx_word' id='word_1_87' title='bbox 206 1399 432 1442; x_wconf 88' lang='lat' dir='ltr'>quaeque</span> <span class='ocrx_word' id='word_1_88' title='bbox 471 1391 584 1427; x_wconf 84' lang='lat' dir='ltr'>aeta</span> <span class='ocrx_word' id='word_1_89' title='bbox 622 1388 736 1426; x_wconf 91' lang='lat' dir='ltr'>sunt</span> <span class='ocrx_word' id='word_1_90' title='bbox 768 1377 953 1424; x_wconf 83' lang='lat' dir='ltr'>auxilio</span> <span class='ocrx_word' id='word_1_91' title='bbox 988 1376 1082 1422; x_wconf 91' lang='lat' dir='ltr'>Dei</span> <span class='ocrx_word' id='word_1_92' title='bbox 1106 1391 1195 1433; x_wconf 90' lang='lat' dir='ltr'>per</span> <span class='ocrx_word' id='word_1_93' title='bbox 1218 1375 1395 1422; x_wconf 87' lang='lat' dir='ltr'>Patres</span> <span class='ocrx_word' id='word_1_94' title='bbox 1429 1390 1490 1420; x_wconf 84' lang='lat' dir='ltr'>ac</span> <span class='ocrx_word' id='word_1_95' title='bbox 1512 1373 1698 1419; x_wconf 82' lang='lat' dir='ltr'>fratres</span> 
     </span>
    </p>
   </div>
   <div class='ocr_carea' id='block_1_7' title="bbox 66 1475 350 1484">
    <p class='ocr_par' dir='ltr' id='par_1_7' title="bbox 66 1475 350 1484">
     <span class='ocr_line' id='line_1_15' title="bbox 66 1475 350 1484; baseline 0 2032"><span class='ocrx_word' id='word_1_96' title='bbox 66 1475 350 1484; x_wconf 95' lang='lat' dir='ltr'> </span> 
     </span>
    </p>
   </div>
   <div class='ocr_carea' id='block_1_8' title="bbox 66 1511 1721 3055">
    <p class='ocr_par' dir='ltr' id='par_1_8' title="bbox 66 1511 1706 2098">
     <span class='ocr_line' id='line_1_16' title="bbox 66 1511 1700 1572; baseline -0.009 -11"><span class='ocrx_word' id='word_1_97' title='bbox 66 1524 137 1572; x_wconf 86' lang='lat' dir='ltr'>gni</span> <span class='ocrx_word' id='word_1_98' title='bbox 164 1524 203 1560; x_wconf 92' lang='lat' dir='ltr'>in</span> <span class='ocrx_word' id='word_1_99' title='bbox 230 1520 427 1558; x_wconf 89' lang='lat' dir='ltr'>Louanio.</span> <span class='ocrx_word' id='word_1_100' title='bbox 458 1518 537 1555; x_wconf 85' lang='lat' dir='ltr'>Nel</span> <span class='ocrx_word' id='word_1_101' title='bbox 564 1529 674 1554; x_wconf 89' lang='lat' dir='ltr'>mese</span> <span class='ocrx_word' id='word_1_102' title='bbox 700 1516 738 1552; x_wconf 92' lang='lat' dir='ltr'>di</span> <span class='ocrx_word' id='word_1_103' title='bbox 764 1514 945 1552; x_wconf 81' lang='lat' dir='ltr'>Gianaro</span> <span class='ocrx_word' id='word_1_104' title='bbox 965 1514 1031 1550; x_wconf 90' lang='lat' dir='ltr'>del</span> <span class='ocrx_word' id='word_1_105' title='bbox 1047 1514 1093 1550; x_wconf 93' lang='lat'>44</span> <span class='ocrx_word' id='word_1_106' title='bbox 1113 1513 1216 1550; x_wconf 83' lang='lat' dir='ltr'>ando</span> <span class='ocrx_word' id='word_1_107' title='bbox 1236 1526 1259 1549; x_wconf 92' lang='lat' dir='ltr'>a</span> <span class='ocrx_word' id='word_1_108' title='bbox 1279 1511 1486 1550; x_wconf 88' lang='lat' dir='ltr'>Coimbria</span> <span class='ocrx_word' id='word_1_109' title='bbox 1505 1511 1608 1548; x_wconf 93' lang='lat' dir='ltr'>doue</span> <span class='ocrx_word' id='word_1_110' title='bbox 1628 1512 1700 1548; x_wconf 83' lang='lat' dir='ltr'>alli</span> 
     </span>
     <span class='ocr_line' id='line_1_17' title="bbox 67 1573 1701 1621; baseline -0.009 0"><span class='ocrx_word' id='word_1_111' title='bbox 67 1583 113 1621; x_wconf 74' lang='lat'>24</span> <span class='ocrx_word' id='word_1_112' title='bbox 131 1583 197 1620; x_wconf 81' lang='lat' dir='ltr'>del</span> <span class='ocrx_word' id='word_1_113' title='bbox 216 1581 398 1618; x_wconf 86' lang='lat' dir='ltr'>Febraro</span> <span class='ocrx_word' id='word_1_114' title='bbox 417 1578 504 1615; x_wconf 78' lang='lat' dir='ltr'>fece</span> <span class='ocrx_word' id='word_1_115' title='bbox 524 1578 551 1614; x_wconf 90' lang='lat' dir='ltr'>il</span> <span class='ocrx_word' id='word_1_116' title='bbox 570 1583 662 1613; x_wconf 87' lang='lat' dir='ltr'>voto</span> <span class='ocrx_word' id='word_1_117' title='bbox 682 1575 778 1613; x_wconf 88' lang='lat' dir='ltr'>delli</span> <span class='ocrx_word' id='word_1_118' title='bbox 796 1574 985 1619; x_wconf 79' lang='lat' dir='ltr'>scholari3</span> <span class='ocrx_word' id='word_1_119' title='bbox 1007 1575 1074 1611; x_wconf 90' lang='lat' dir='ltr'>nel</span> <span class='ocrx_word' id='word_1_120' title='bbox 1094 1573 1313 1610; x_wconf 88' lang='lat' dir='ltr'>medesimo</span> <span class='ocrx_word' id='word_1_121' title='bbox 1332 1585 1437 1609; x_wconf 88' lang='lat' dir='ltr'>anno</span> <span class='ocrx_word' id='word_1_122' title='bbox 1457 1575 1478 1608; x_wconf 81' lang='grc'><strong>6</strong></span> <span class='ocrx_word' id='word_1_123' title='bbox 1499 1576 1658 1608; x_wconf 89' lang='lat' dir='ltr'>tornato</span> <span class='ocrx_word' id='word_1_124' title='bbox 1679 1584 1701 1607; x_wconf 88' lang='lat' dir='ltr'>a</span> 
     </span>
     <span class='ocr_line' id='line_1_18' title="bbox 69 1631 1702 1687; baseline -0.009 -6"><span class='ocrx_word' id='word_1_125' title='bbox 69 1642 255 1687; x_wconf 86' lang='lat' dir='ltr'>Colonia,</span> <span class='ocrx_word' id='word_1_126' title='bbox 285 1641 388 1677; x_wconf 87' lang='lat' dir='ltr'>doue</span> <span class='ocrx_word' id='word_1_127' title='bbox 415 1639 483 1675; x_wconf 90' lang='lat' dir='ltr'>nel</span> <span class='ocrx_word' id='word_1_128' title='bbox 510 1650 615 1674; x_wconf 84' lang='lat' dir='ltr'>anno</span> <span class='ocrx_word' id='word_1_129' title='bbox 633 1637 682 1673; x_wconf 88' lang='lat' dir='ltr'>de</span> <span class='ocrx_word' id='word_1_130' title='bbox 704 1635 794 1672; x_wconf 78' lang='lat'>1553</span> <span class='ocrx_word' id='word_1_131' title='bbox 812 1635 923 1671; x_wconf 88' lang='lat' dir='ltr'>nella</span> <span class='ocrx_word' id='word_1_132' title='bbox 941 1634 1077 1671; x_wconf 82' lang='lat' dir='ltr'>chiesa</span> <span class='ocrx_word' id='word_1_133' title='bbox 1096 1633 1133 1670; x_wconf 90' lang='lat' dir='ltr'>di</span> <span class='ocrx_word' id='word_1_134' title='bbox 1153 1632 1282 1671; x_wconf 79' lang='lat' dir='ltr'>Santa</span> <span class='ocrx_word' id='word_1_135' title='bbox 1300 1632 1470 1674; x_wconf 77' lang='lat' dir='ltr'>Vrsu1a‚</span> <span class='ocrx_word' id='word_1_136' title='bbox 1498 1631 1585 1668; x_wconf 84' lang='lat' dir='ltr'>fece</span> <span class='ocrx_word' id='word_1_137' title='bbox 1614 1643 1702 1678; x_wconf 90' lang='lat' dir='ltr'>pro-</span> 
     </span>
     <span class='ocr_line' id='line_1_19' title="bbox 68 1691 1701 1746; baseline -0.008 -6"><span class='ocrx_word' id='word_1_138' title='bbox 68 1702 242 1741; x_wconf 76' lang='lat' dir='ltr'>fessione</span> <span class='ocrx_word' id='word_1_139' title='bbox 261 1700 300 1737; x_wconf 92' lang='lat' dir='ltr'>di</span> <span class='ocrx_word' id='word_1_140' title='bbox 318 1703 479 1746; x_wconf 84' lang='lat' dir='ltr'>quattro</span> <span class='ocrx_word' id='word_1_141' title='bbox 498 1697 593 1733; x_wconf 80' lang='lat' dir='ltr'>voti.</span> <span class='ocrx_word' id='word_1_142' title='bbox 615 1695 772 1732; x_wconf 80' lang='lat' dir='ltr'>Auanti</span> <span class='ocrx_word' id='word_1_143' title='bbox 791 1695 864 1732; x_wconf 91' lang='lat' dir='ltr'>che</span> <span class='ocrx_word' id='word_1_144' title='bbox 885 1698 998 1731; x_wconf 79' lang='lat' dir='ltr'>entro</span> <span class='ocrx_word' id='word_1_145' title='bbox 1017 1694 1128 1730; x_wconf 87' lang='lat' dir='ltr'>nella</span> <span class='ocrx_word' id='word_1_146' title='bbox 1148 1692 1404 1740; x_wconf 84' lang='lat' dir='ltr'>Compagnia</span> <span class='ocrx_word' id='word_1_147' title='bbox 1423 1704 1493 1728; x_wconf 89' lang='lat' dir='ltr'>era</span> <span class='ocrx_word' id='word_1_148' title='bbox 1520 1697 1634 1739; x_wconf 88' lang='lat' dir='ltr'>prete</span> <span class='ocrx_word' id='word_1_149' title='bbox 1663 1691 1701 1728; x_wconf 90' lang='lat' dir='ltr'>di</span> 
     </span>
     <span class='ocr_line' id='line_1_20' title="bbox 69 1750 1703 1806; baseline -0.007 -7"><span class='ocrx_word' id='word_1_150' title='bbox 69 1774 202 1800; x_wconf 86' lang='lat' dir='ltr'>messa</span> <span class='ocrx_word' id='word_1_151' title='bbox 221 1766 261 1797; x_wconf 85' lang='lat' dir='ltr'>et</span> <span class='ocrx_word' id='word_1_152' title='bbox 278 1759 490 1806; x_wconf 84' lang='lat' dir='ltr'>capellano</span> <span class='ocrx_word' id='word_1_153' title='bbox 508 1756 548 1793; x_wconf 89' lang='lat' dir='ltr'>in</span> <span class='ocrx_word' id='word_1_154' title='bbox 566 1754 695 1793; x_wconf 84' lang='lat' dir='ltr'>Santa</span> <span class='ocrx_word' id='word_1_155' title='bbox 713 1753 918 1791; x_wconf 86' lang='lat' dir='ltr'>Gertrude</span> <span class='ocrx_word' id='word_1_156' title='bbox 938 1753 978 1789; x_wconf 89' lang='lat' dir='ltr'>in</span> <span class='ocrx_word' id='word_1_157' title='bbox 996 1752 1194 1789; x_wconf 88' lang='lat' dir='ltr'>Louanio.</span> <span class='ocrx_word' id='word_1_158' title='bbox 1215 1752 1395 1789; x_wconf 86' lang='lat' dir='ltr'>Tornato</span> <span class='ocrx_word' id='word_1_159' title='bbox 1414 1752 1464 1788; x_wconf 85' lang='lat' dir='ltr'>da</span> <span class='ocrx_word' id='word_1_160' title='bbox 1481 1750 1703 1799; x_wconf 89' lang='lat' dir='ltr'>Coymbria</span> 
     </span>
     <span class='ocr_line' id='line_1_21' title="bbox 71 1810 1704 1863; baseline -0.007 -4"><span class='ocrx_word' id='word_1_161' title='bbox 71 1836 94 1860; x_wconf 92' lang='lat' dir='ltr'>a</span> <span class='ocrx_word' id='word_1_162' title='bbox 114 1820 299 1863; x_wconf 83' lang='lat' dir='ltr'>Colonia,</span> <span class='ocrx_word' id='word_1_163' title='bbox 320 1832 343 1855; x_wconf 92' lang='lat' dir='ltr'>a</span> <span class='ocrx_word' id='word_1_164' title='bbox 361 1817 468 1855; x_wconf 83' lang='lat' dir='ltr'>odito</span> <span class='ocrx_word' id='word_1_165' title='bbox 486 1816 514 1853; x_wconf 89' lang='lat' dir='ltr'>il</span> <span class='ocrx_word' id='word_1_166' title='bbox 533 1827 649 1852; x_wconf 85' lang='lat' dir='ltr'>curso</span> <span class='ocrx_word' id='word_1_167' title='bbox 669 1814 707 1850; x_wconf 91' lang='lat' dir='ltr'>di</span> <span class='ocrx_word' id='word_1_168' title='bbox 726 1814 815 1857; x_wconf 80' lang='lat' dir='ltr'>arti,</span> <span class='ocrx_word' id='word_1_169' title='bbox 837 1819 877 1850; x_wconf 80' lang='lat' dir='ltr'>et</span> <span class='ocrx_word' id='word_1_170' title='bbox 895 1813 961 1850; x_wconf 89' lang='lat' dir='ltr'>dal</span> <span class='ocrx_word' id='word_1_171' title='bbox 983 1825 1088 1849; x_wconf 86' lang='lat' dir='ltr'>anno</span> <span class='ocrx_word' id='word_1_172' title='bbox 1107 1812 1145 1849; x_wconf 86' lang='lat' dir='ltr'>di</span> <span class='ocrx_word' id='word_1_173' title='bbox 1166 1812 1256 1849; x_wconf 68' lang='lat'>1546</span> <span class='ocrx_word' id='word_1_174' title='bbox 1275 1816 1296 1849; x_wconf 75' lang='grc'>’6</span> <span class='ocrx_word' id='word_1_175' title='bbox 1316 1818 1420 1849; x_wconf 86' lang='lat' dir='ltr'>stato</span> <span class='ocrx_word' id='word_1_176' title='bbox 1440 1812 1572 1849; x_wconf 86' lang='lat' dir='ltr'>Padre</span> <span class='ocrx_word' id='word_1_177' title='bbox 1593 1811 1630 1848; x_wconf 90' lang='lat' dir='ltr'>di</span> <span class='ocrx_word' id='word_1_178' title='bbox 1647 1810 1704 1848; x_wconf 77' lang='lat' dir='ltr'>fa-</span> 
     </span>
     <span class='ocr_line' id='line_1_22' title="bbox 71 1872 1705 1928; baseline -0.006 -9"><span class='ocrx_word' id='word_1_179' title='bbox 71 1881 224 1928; x_wconf 86' lang='lat' dir='ltr'>meglia</span> <span class='ocrx_word' id='word_1_180' title='bbox 242 1880 282 1916; x_wconf 90' lang='lat' dir='ltr'>in</span> <span class='ocrx_word' id='word_1_181' title='bbox 302 1877 475 1916; x_wconf 87' lang='lat' dir='ltr'>Colonia</span> <span class='ocrx_word' id='word_1_182' title='bbox 499 1881 539 1913; x_wconf 87' lang='lat' dir='ltr'>et</span> <span class='ocrx_word' id='word_1_183' title='bbox 564 1876 603 1912; x_wconf 89' lang='lat' dir='ltr'>al</span> <span class='ocrx_word' id='word_1_184' title='bbox 630 1880 820 1922; x_wconf 80' lang='lat' dir='ltr'>presente</span> <span class='ocrx_word' id='word_1_185' title='bbox 849 1877 870 1910; x_wconf 80' lang='lat' dir='ltr'>e</span> <span class='ocrx_word' id='word_1_186' title='bbox 898 1873 1257 1920; x_wconf 83' lang='lat' dir='ltr'>superintendente</span> <span class='ocrx_word' id='word_1_187' title='bbox 1285 1873 1339 1909; x_wconf 90' lang='lat' dir='ltr'>dil</span> <span class='ocrx_word' id='word_1_188' title='bbox 1367 1873 1556 1919; x_wconf 87' lang='lat' dir='ltr'>collegio.</span> <span class='ocrx_word' id='word_1_189' title='bbox 1588 1872 1705 1909; x_wconf 84' lang='lat' dir='ltr'>Molti</span> 
     </span>
     <span class='ocr_line' id='line_1_23' title="bbox 72 1932 1705 1989; baseline -0.006 -11"><span class='ocrx_word' id='word_1_190' title='bbox 72 1953 145 1989; x_wconf 91' lang='lat' dir='ltr'>per</span> <span class='ocrx_word' id='word_1_191' title='bbox 170 1945 300 1977; x_wconf 85' lang='lat' dir='ltr'>metzo</span> <span class='ocrx_word' id='word_1_192' title='bbox 327 1948 400 1974; x_wconf 91' lang='lat' dir='ltr'>suo</span> <span class='ocrx_word' id='word_1_193' title='bbox 424 1949 521 1973; x_wconf 90' lang='lat' dir='ltr'>sono</span> <span class='ocrx_word' id='word_1_194' title='bbox 539 1934 676 1972; x_wconf 86' lang='lat' dir='ltr'>intrati</span> <span class='ocrx_word' id='word_1_195' title='bbox 694 1934 806 1971; x_wconf 89' lang='lat' dir='ltr'>nella</span> <span class='ocrx_word' id='word_1_196' title='bbox 826 1932 1094 1980; x_wconf 82' lang='lat' dir='ltr'>Compagnia.</span> <span class='ocrx_word' id='word_1_197' title='bbox 1116 1932 1183 1969; x_wconf 91' lang='lat' dir='ltr'>Ha</span> <span class='ocrx_word' id='word_1_198' title='bbox 1201 1932 1326 1980; x_wconf 87' lang='lat' dir='ltr'>patito</span> <span class='ocrx_word' id='word_1_199' title='bbox 1345 1934 1467 1969; x_wconf 89' lang='lat' dir='ltr'>molte</span> <span class='ocrx_word' id='word_1_200' title='bbox 1487 1945 1705 1980; x_wconf 88' lang='lat' dir='ltr'>persequu-</span> 
     </span>
     <span class='ocr_line' id='line_1_24' title="bbox 73 1992 1706 2040; baseline -0.006 -3"><span class='ocrx_word' id='word_1_201' title='bbox 73 2000 171 2038; x_wconf 88' lang='lat' dir='ltr'>tioni</span> <span class='ocrx_word' id='word_1_202' title='bbox 190 1999 230 2036; x_wconf 92' lang='lat' dir='ltr'>in</span> <span class='ocrx_word' id='word_1_203' title='bbox 250 1997 421 2036; x_wconf 87' lang='lat' dir='ltr'>Colonia</span> <span class='ocrx_word' id='word_1_204' title='bbox 441 2001 480 2033; x_wconf 88' lang='lat' dir='ltr'>et</span> <span class='ocrx_word' id='word_1_205' title='bbox 500 1995 676 2032; x_wconf 85' lang='lat' dir='ltr'>anchora</span> <span class='ocrx_word' id='word_1_206' title='bbox 694 1995 735 2030; x_wconf 91' lang='lat' dir='ltr'>in</span> <span class='ocrx_word' id='word_1_207' title='bbox 754 1993 1009 2039; x_wconf 86' lang='lat' dir='ltr'>Nouiomago</span> <span class='ocrx_word' id='word_1_208' title='bbox 1029 1993 1132 2029; x_wconf 92' lang='lat' dir='ltr'>doue</span> <span class='ocrx_word' id='word_1_209' title='bbox 1151 1992 1193 2029; x_wconf 77' lang='lat' dir='ltr'>fu</span> <span class='ocrx_word' id='word_1_210' title='bbox 1212 1993 1359 2037; x_wconf 85' lang='lat' dir='ltr'>essule;</span> <span class='ocrx_word' id='word_1_211' title='bbox 1391 2005 1465 2040; x_wconf 89' lang='lat' dir='ltr'>pur</span> <span class='ocrx_word' id='word_1_212' title='bbox 1493 1992 1531 2029; x_wconf 87' lang='lat' dir='ltr'>di</span> <span class='ocrx_word' id='word_1_213' title='bbox 1559 1993 1651 2029; x_wconf 87' lang='lat' dir='ltr'>tutti</span> <span class='ocrx_word' id='word_1_214' title='bbox 1680 1993 1706 2029; x_wconf 89' lang='lat' dir='ltr'>li</span> 
     </span>
     <span class='ocr_line' id='line_1_25' title="bbox 74 2051 1703 2098; baseline -0.006 -1"><span class='ocrx_word' id='word_1_215' title='bbox 74 2061 125 2098; x_wconf 88' lang='lat' dir='ltr'>ha</span> <span class='ocrx_word' id='word_1_216' title='bbox 143 2060 318 2096; x_wconf 87' lang='lat' dir='ltr'>liberata</span> <span class='ocrx_word' id='word_1_217' title='bbox 336 2058 376 2094; x_wconf 96' lang='grc'>13</span> <span class='ocrx_word' id='word_1_218' title='bbox 396 2056 526 2092; x_wconf 78' lang='lat' dir='ltr'>verita</span> <span class='ocrx_word' id='word_1_219' title='bbox 546 2067 656 2091; x_wconf 81' lang='lat' dir='ltr'>vera.</span> <span class='ocrx_word' id='word_1_220' title='bbox 679 2053 713 2090; x_wconf 83' lang='lat' dir='ltr'><strong>E</strong></span> <span class='ocrx_word' id='word_1_221' title='bbox 729 2054 766 2090; x_wconf 87' lang='lat' dir='ltr'>di</span> <span class='ocrx_word' id='word_1_222' title='bbox 782 2056 848 2090; x_wconf 77' lang='lat' dir='ltr'>eta</span> <span class='ocrx_word' id='word_1_223' title='bbox 863 2053 901 2089; x_wconf 91' lang='lat' dir='ltr'>di</span> <span class='ocrx_word' id='word_1_224' title='bbox 916 2052 962 2089; x_wconf 76' lang='lat'>46</span> <span class='ocrx_word' id='word_1_225' title='bbox 976 2052 1106 2089; x_wconf 80' lang='lat' dir='ltr'>anni.»</span> <span class='ocrx_word' id='word_1_226' title='bbox 1127 2051 1227 2089; x_wconf 88' lang='lat' dir='ltr'>Cod.</span> <span class='ocrx_word' id='word_1_227' title='bbox 1246 2052 1386 2089; x_wconf 81' lang='lat' dir='ltr'>Rlzen.</span> <span class='ocrx_word' id='word_1_228' title='bbox 1405 2052 1484 2098; x_wconf 83' lang='lat' dir='ltr'>ins.</span> <span class='ocrx_word' id='word_1_229' title='bbox 1503 2052 1572 2095; x_wconf 77' lang='lat'>37,</span> <span class='ocrx_word' id='word_1_230' title='bbox 1590 2052 1655 2089; x_wconf 81' lang='lat' dir='ltr'>fol.</span> <span class='ocrx_word' id='word_1_231' title='bbox 1675 2053 1703 2088; x_wconf 83' lang='lat'>1.</span> 
     </span>
    </p>

    <p class='ocr_par' dir='ltr' id='par_1_9' title="bbox 75 2111 1711 2463">
     <span class='ocr_line' id='line_1_26' title="bbox 123 2111 1704 2163; baseline -0.004 -8"><span class='ocrx_word' id='word_1_232' title='bbox 123 2122 132 2140; x_wconf 85' lang='lat'>¹</span> <span class='ocrx_word' id='word_1_233' title='bbox 184 2118 247 2155; x_wconf 79' lang='lat' dir='ltr'>Ex</span> <span class='ocrx_word' id='word_1_234' title='bbox 265 2116 518 2163; x_wconf 85' lang='lat' dir='ltr'>autographo</span> <span class='ocrx_word' id='word_1_235' title='bbox 537 2115 582 2159; x_wconf 60' lang='lat' dir='ltr'>(P)</span> <span class='ocrx_word' id='word_1_236' title='bbox 600 2114 641 2150; x_wconf 91' lang='lat' dir='ltr'>in</span> <span class='ocrx_word' id='word_1_237' title='bbox 659 2113 795 2150; x_wconf 85' lang='lat' dir='ltr'>codiee</span> <span class='ocrx_word' id='word_1_238' title='bbox 815 2112 943 2158; x_wconf 78' lang='lat' dir='ltr'>Hisp.</span> <span class='ocrx_word' id='word_1_239' title='bbox 968 2111 1034 2157; x_wconf 83' lang='lat'>96,</span> <span class='ocrx_word' id='word_1_240' title='bbox 1057 2112 1174 2148; x_wconf 82' lang='lat' dir='ltr'>unico</span> <span class='ocrx_word' id='word_1_241' title='bbox 1193 2111 1276 2157; x_wconf 57' lang='lat' dir='ltr'>fol„</span> <span class='ocrx_word' id='word_1_242' title='bbox 1305 2125 1342 2148; x_wconf 90' lang='lat' dir='ltr'>n.</span> <span class='ocrx_word' id='word_1_243' title='bbox 1376 2112 1454 2157; x_wconf 88' lang='lat'>171;</span> <span class='ocrx_word' id='word_1_244' title='bbox 1486 2112 1596 2159; x_wconf 88' lang='lat' dir='ltr'>prius</span> <span class='ocrx_word' id='word_1_245' title='bbox 1625 2112 1704 2148; x_wconf 72' lang='lat'>484.</span> 
     </span>
     <span class='ocr_line' id='line_1_27' title="bbox 76 2171 1708 2224; baseline -0.006 -8"><span class='ocrx_word' id='word_1_246' title='bbox 76 2179 223 2216; x_wconf 89' lang='lat' dir='ltr'>Annus</span> <span class='ocrx_word' id='word_1_247' title='bbox 250 2189 328 2224; x_wconf 90' lang='lat' dir='ltr'>quo</span> <span class='ocrx_word' id='word_1_248' title='bbox 355 2176 455 2212; x_wconf 83' lang='lat' dir='ltr'>haee</span> <span class='ocrx_word' id='word_1_249' title='bbox 482 2174 653 2221; x_wconf 85' lang='lat' dir='ltr'>epistola</span> <span class='ocrx_word' id='word_1_250' title='bbox 679 2172 828 2219; x_wconf 86' lang='lat' dir='ltr'>scripta</span> <span class='ocrx_word' id='word_1_251' title='bbox 859 2178 932 2217; x_wconf 82' lang='lat' dir='ltr'>est,</span> <span class='ocrx_word' id='word_1_252' title='bbox 966 2171 1006 2208; x_wconf 86' lang='lat' dir='ltr'>in</span> <span class='ocrx_word' id='word_1_253' title='bbox 1033 2184 1082 2208; x_wconf 90' lang='lat' dir='ltr'>ea</span> <span class='ocrx_word' id='word_1_254' title='bbox 1109 2184 1188 2207; x_wconf 88' lang='lat' dir='ltr'>non</span> <span class='ocrx_word' id='word_1_255' title='bbox 1219 2177 1397 2208; x_wconf 84' lang='lat' dir='ltr'>notatur.</span> <span class='ocrx_word' id='word_1_256' title='bbox 1436 2171 1708 2208; x_wconf 74' lang='lat' dir='ltr'>proculdubio</span> 
     </span>
     <span class='ocr_line' id='line_1_28' title="bbox 75 2223 1709 2279; baseline -0.006 -3"><span class='ocrx_word' id='word_1_257' title='bbox 75 2251 181 2276; x_wconf 89' lang='lat' dir='ltr'>anno</span> <span class='ocrx_word' id='word_1_258' title='bbox 202 2236 292 2274; x_wconf 71' lang='lat'>1556</span> <span class='ocrx_word' id='word_1_259' title='bbox 310 2233 575 2273; x_wconf 85' lang='lat' dir='ltr'>adscribenda</span> <span class='ocrx_word' id='word_1_260' title='bbox 593 2239 666 2278; x_wconf 84' lang='lat' dir='ltr'>est,</span> <span class='ocrx_word' id='word_1_261' title='bbox 696 2244 787 2270; x_wconf 87' lang='lat' dir='ltr'>eum</span> <span class='ocrx_word' id='word_1_262' title='bbox 815 2232 974 2279; x_wconf 86' lang='lat' dir='ltr'>incepta</span> <span class='ocrx_word' id='word_1_263' title='bbox 1002 2230 1124 2268; x_wconf 78' lang='lat' dir='ltr'>fuerit</span> <span class='ocrx_word' id='word_1_264' title='bbox 1151 2223 1271 2278; x_wconf 83' lang='lat' dir='ltr'>paulo</span> <span class='ocrx_word' id='word_1_265' title='bbox 1299 2238 1517 2279; x_wconf 87' lang='lat' dir='ltr'>antequam</span> <span class='ocrx_word' id='word_1_266' title='bbox 1547 2232 1709 2268; x_wconf 88' lang='lat' dir='ltr'>nuntius</span> 
     </span>
     <span class='ocr_line' id='line_1_29' title="bbox 77 2290 1709 2342; baseline -0.006 -6"><span class='ocrx_word' id='word_1_267' title='bbox 77 2298 216 2336; x_wconf 88' lang='lat' dir='ltr'>mortis</span> <span class='ocrx_word' id='word_1_268' title='bbox 234 2296 309 2334; x_wconf 84' lang='lat' dir='ltr'>Sti.</span> <span class='ocrx_word' id='word_1_269' title='bbox 329 2294 478 2342; x_wconf 86' lang='lat' dir='ltr'>Ignatii</span> <span class='ocrx_word' id='word_1_270' title='bbox 496 2293 698 2332; x_wconf 84' lang='lat' dir='ltr'>Gandiam</span> <span class='ocrx_word' id='word_1_271' title='bbox 717 2291 982 2339; x_wconf 81' lang='lat' dir='ltr'>pervenisset,</span> <span class='ocrx_word' id='word_1_272' title='bbox 1005 2297 1044 2327; x_wconf 93' lang='lat' dir='ltr'>et</span> <span class='ocrx_word' id='word_1_273' title='bbox 1063 2291 1201 2327; x_wconf 86' lang='lat' dir='ltr'>clausa</span> <span class='ocrx_word' id='word_1_274' title='bbox 1219 2303 1298 2338; x_wconf 89' lang='lat' dir='ltr'>quo</span> <span class='ocrx_word' id='word_1_275' title='bbox 1317 2296 1498 2338; x_wconf 86' lang='lat' dir='ltr'>tempore</span> <span class='ocrx_word' id='word_1_276' title='bbox 1520 2290 1709 2327; x_wconf 82' lang='lat' dir='ltr'>Lainium</span> 
     </span>
     <span class='ocr_line' id='line_1_30' title="bbox 77 2350 1711 2402; baseline -0.006 -7"><span class='ocrx_word' id='word_1_277' title='bbox 77 2357 274 2395; x_wconf 79' lang='lat' dir='ltr'>vicarium</span> <span class='ocrx_word' id='word_1_278' title='bbox 292 2355 531 2402; x_wconf 87' lang='lat' dir='ltr'>generalem</span> <span class='ocrx_word' id='word_1_279' title='bbox 549 2352 799 2390; x_wconf 86' lang='lat' dir='ltr'>nominatum</span> <span class='ocrx_word' id='word_1_280' title='bbox 818 2350 941 2388; x_wconf 80' lang='lat' dir='ltr'>fuisse</span> <span class='ocrx_word' id='word_1_281' title='bbox 957 2350 1104 2387; x_wconf 88' lang='lat' dir='ltr'>ibidem</span> <span class='ocrx_word' id='word_1_282' title='bbox 1119 2356 1257 2387; x_wconf 85' lang='lat' dir='ltr'>notum</span> <span class='ocrx_word' id='word_1_283' title='bbox 1273 2356 1374 2392; x_wconf 80' lang='lat' dir='ltr'>erat,</span> <span class='ocrx_word' id='word_1_284' title='bbox 1393 2357 1435 2387; x_wconf 85' lang='lat' dir='ltr'>ut</span> <span class='ocrx_word' id='word_1_285' title='bbox 1451 2363 1499 2387; x_wconf 78' lang='lat' dir='ltr'>ex</span> <span class='ocrx_word' id='word_1_286' title='bbox 1516 2351 1711 2397; x_wconf 87' lang='lat' dir='ltr'>epistolae</span> 
     </span>
     <span class='ocr_line' id='line_1_31' title="bbox 79 2410 1230 2463; baseline -0.007 -9"><span class='ocrx_word' id='word_1_287' title='bbox 79 2416 337 2463; x_wconf 83' lang='lat' dir='ltr'>inscriptione</span> <span class='ocrx_word' id='word_1_288' title='bbox 357 2414 526 2451; x_wconf 88' lang='lat' dir='ltr'>eruitur.</span> <span class='ocrx_word' id='word_1_289' title='bbox 548 2412 656 2449; x_wconf 75' lang='lat' dir='ltr'>Vide</span> <span class='ocrx_word' id='word_1_290' title='bbox 675 2412 841 2458; x_wconf 88' lang='lat' dir='ltr'>insuper</span> <span class='ocrx_word' id='word_1_291' title='bbox 860 2423 952 2458; x_wconf 87' lang='lat' dir='ltr'>pag.</span> <span class='ocrx_word' id='word_1_292' title='bbox 974 2423 1059 2457; x_wconf 91' lang='lat' dir='ltr'>seq.</span> <span class='ocrx_word' id='word_1_293' title='bbox 1082 2422 1175 2447; x_wconf 88' lang='lat' dir='ltr'>ann.</span> <span class='ocrx_word' id='word_1_294' title='bbox 1200 2410 1230 2446; x_wconf 83' lang='lat'>1.</span> 
     </span>
    </p>

    <p class='ocr_par' dir='ltr' id='par_1_10' title="bbox 81 2469 1721 3055">
     <span class='ocr_line' id='line_1_32' title="bbox 127 2469 1714 2522; baseline -0.004 -10"><span class='ocrx_word' id='word_1_295' title='bbox 127 2477 139 2496; x_wconf 79' lang='lat'><strong>²</strong></span> <span class='ocrx_word' id='word_1_296' title='bbox 190 2476 254 2513; x_wconf 90' lang='lat' dir='ltr'>De</span> <span class='ocrx_word' id='word_1_297' title='bbox 269 2474 420 2522; x_wconf 84' lang='lat' dir='ltr'>Jacobo</span> <span class='ocrx_word' id='word_1_298' title='bbox 438 2473 605 2509; x_wconf 86' lang='lat' dir='ltr'>Puelles</span> <span class='ocrx_word' id='word_1_299' title='bbox 624 2473 724 2508; x_wconf 84' lang='lat' dir='ltr'>haec</span> <span class='ocrx_word' id='word_1_300' title='bbox 742 2476 934 2507; x_wconf 86' lang='lat' dir='ltr'>notantur</span> <span class='ocrx_word' id='word_1_301' title='bbox 952 2470 992 2506; x_wconf 91' lang='lat' dir='ltr'>in</span> <span class='ocrx_word' id='word_1_302' title='bbox 1011 2471 1198 2516; x_wconf 85' lang='lat' dir='ltr'>catalogo</span> <span class='ocrx_word' id='word_1_303' title='bbox 1217 2470 1381 2516; x_wconf 84' lang='lat' dir='ltr'>collegii</span> <span class='ocrx_word' id='word_1_304' title='bbox 1408 2469 1714 2506; x_wconf 84' lang='lat' dir='ltr'>barcinonensis</span> 
     </span>
     <span class='ocr_line' id='line_1_33' title="bbox 81 2528 1713 2577; baseline -0.006 -4"><span class='ocrx_word' id='word_1_305' title='bbox 81 2536 175 2574; x_wconf 91' lang='lat' dir='ltr'>anni</span> <span class='ocrx_word' id='word_1_306' title='bbox 203 2534 306 2572; x_wconf 78' lang='lat'>1565:</span> <span class='ocrx_word' id='word_1_307' title='bbox 339 2533 410 2570; x_wconf 81' lang='lat' dir='ltr'>«El</span> <span class='ocrx_word' id='word_1_308' title='bbox 435 2532 499 2570; x_wconf 76' lang='lat' dir='ltr'>Re</span> <span class='ocrx_word' id='word_1_309' title='bbox 526 2537 702 2568; x_wconf 85' lang='lat' dir='ltr'>maestro</span> <span class='ocrx_word' id='word_1_310' title='bbox 720 2531 856 2577; x_wconf 82' lang='lat' dir='ltr'>Diego</span> <span class='ocrx_word' id='word_1_311' title='bbox 875 2529 1054 2575; x_wconf 88' lang='lat' dir='ltr'>Puelles,</span> <span class='ocrx_word' id='word_1_312' title='bbox 1076 2530 1238 2566; x_wconf 87' lang='lat' dir='ltr'>natural</span> <span class='ocrx_word' id='word_1_313' title='bbox 1258 2529 1323 2566; x_wconf 91' lang='lat' dir='ltr'>del</span> <span class='ocrx_word' id='word_1_314' title='bbox 1343 2529 1518 2566; x_wconf 72' lang='lat' dir='ltr'>Alcolea</span> <span class='ocrx_word' id='word_1_315' title='bbox 1537 2529 1585 2565; x_wconf 91' lang='lat' dir='ltr'>de</span> <span class='ocrx_word' id='word_1_316' title='bbox 1606 2528 1713 2565; x_wconf 77' lang='lat' dir='ltr'>Ara-</span> 
     </span>
     <span class='ocr_line' id='line_1_34' title="bbox 81 2588 1714 2643; baseline -0.005 -11"><span class='ocrx_word' id='word_1_317' title='bbox 81 2601 176 2643; x_wconf 81' lang='lat' dir='ltr'>gon‚</span> <span class='ocrx_word' id='word_1_318' title='bbox 196 2598 311 2632; x_wconf 85' lang='lat' dir='ltr'>entro</span> <span class='ocrx_word' id='word_1_319' title='bbox 330 2605 381 2630; x_wconf 91' lang='lat' dir='ltr'>en</span> <span class='ocrx_word' id='word_1_320' title='bbox 398 2593 439 2629; x_wconf 89' lang='lat' dir='ltr'>la</span> <span class='ocrx_word' id='word_1_321' title='bbox 454 2591 679 2639; x_wconf 77' lang='lat' dir='ltr'>Companl&#39;a</span> <span class='ocrx_word' id='word_1_322' title='bbox 697 2603 748 2627; x_wconf 94' lang='lat' dir='ltr'>en</span> <span class='ocrx_word' id='word_1_323' title='bbox 763 2589 959 2627; x_wconf 70' lang='lat' dir='ltr'>Valentia</span> <span class='ocrx_word' id='word_1_324' title='bbox 978 2602 1029 2626; x_wconf 90' lang='lat' dir='ltr'>en</span> <span class='ocrx_word' id='word_1_325' title='bbox 1048 2590 1087 2626; x_wconf 88' lang='lat' dir='ltr'>el</span> <span class='ocrx_word' id='word_1_326' title='bbox 1106 2594 1182 2626; x_wconf 81' lang='lat' dir='ltr'>ano</span> <span class='ocrx_word' id='word_1_327' title='bbox 1197 2589 1246 2626; x_wconf 93' lang='lat' dir='ltr'>de</span> <span class='ocrx_word' id='word_1_328' title='bbox 1268 2589 1369 2632; x_wconf 70' lang='lat'>1554,</span> <span class='ocrx_word' id='word_1_329' title='bbox 1388 2588 1526 2625; x_wconf 89' lang='lat' dir='ltr'>siendo</span> <span class='ocrx_word' id='word_1_330' title='bbox 1541 2588 1590 2624; x_wconf 91' lang='lat' dir='ltr'>de</span> <span class='ocrx_word' id='word_1_331' title='bbox 1610 2588 1714 2625; x_wconf 89' lang='lat' dir='ltr'>edad</span> 
     </span>
     <span class='ocr_line' id='line_1_35' title="bbox 82 2637 1717 2697; baseline -0.005 -5"><span class='ocrx_word' id='word_1_332' title='bbox 82 2655 132 2692; x_wconf 85' lang='lat' dir='ltr'>de</span> <span class='ocrx_word' id='word_1_333' title='bbox 156 2654 204 2691; x_wconf 82' lang='lat'>28</span> <span class='ocrx_word' id='word_1_334' title='bbox 226 2659 336 2690; x_wconf 79' lang='lat' dir='ltr'>anos.</span> <span class='ocrx_word' id='word_1_335' title='bbox 361 2652 491 2689; x_wconf 89' lang='lat' dir='ltr'>Antes</span> <span class='ocrx_word' id='word_1_336' title='bbox 509 2652 558 2688; x_wconf 91' lang='lat' dir='ltr'>de</span> <span class='ocrx_word' id='word_1_337' title='bbox 578 2656 716 2688; x_wconf 89' lang='lat' dir='ltr'>entrar</span> <span class='ocrx_word' id='word_1_338' title='bbox 735 2650 946 2686; x_wconf 86' lang='lat' dir='ltr'>estudiaua</span> <span class='ocrx_word' id='word_1_339' title='bbox 975 2649 1184 2693; x_wconf 82' lang='lat' dir='ltr'>medicina,</span> <span class='ocrx_word' id='word_1_340' title='bbox 1214 2663 1238 2697; x_wconf 77' lang='lat' dir='ltr'><strong>y</strong></span> <span class='ocrx_word' id='word_1_341' title='bbox 1266 2661 1335 2685; x_wconf 87' lang='lat' dir='ltr'>era</span> <span class='ocrx_word' id='word_1_342' title='bbox 1362 2637 1413 2695; x_wconf 73' lang='lat' dir='ltr'>ya</span> <span class='ocrx_word' id='word_1_343' title='bbox 1439 2648 1638 2685; x_wconf 85' lang='lat' dir='ltr'>baehiller</span> <span class='ocrx_word' id='word_1_344' title='bbox 1666 2660 1717 2685; x_wconf 92' lang='lat' dir='ltr'>en</span> 
     </span>
     <span class='ocr_line' id='line_1_36' title="bbox 83 2707 1716 2758; baseline -0.006 -6"><span class='ocrx_word' id='word_1_345' title='bbox 83 2716 178 2752; x_wconf 78' lang='lat' dir='ltr'>ella.</span> <span class='ocrx_word' id='word_1_346' title='bbox 200 2713 263 2751; x_wconf 87' lang='lat' dir='ltr'>En</span> <span class='ocrx_word' id='word_1_347' title='bbox 280 2714 321 2749; x_wconf 91' lang='lat' dir='ltr'>la</span> <span class='ocrx_word' id='word_1_348' title='bbox 341 2711 566 2758; x_wconf 71' lang='lat' dir='ltr'>Compaffla</span> <span class='ocrx_word' id='word_1_349' title='bbox 584 2711 622 2747; x_wconf 92' lang='grc'>10</span> <span class='ocrx_word' id='word_1_350' title='bbox 642 2723 694 2747; x_wconf 86' lang='lat' dir='ltr'>an</span> <span class='ocrx_word' id='word_1_351' title='bbox 712 2710 921 2757; x_wconf 85' lang='lat' dir='ltr'>graduado</span> <span class='ocrx_word' id='word_1_352' title='bbox 940 2709 989 2746; x_wconf 89' lang='lat' dir='ltr'>de</span> <span class='ocrx_word' id='word_1_353' title='bbox 1009 2715 1184 2746; x_wconf 87' lang='lat' dir='ltr'>maestre</span> <span class='ocrx_word' id='word_1_354' title='bbox 1205 2721 1256 2745; x_wconf 91' lang='lat' dir='ltr'>en</span> <span class='ocrx_word' id='word_1_355' title='bbox 1274 2708 1416 2751; x_wconf 71' lang='lat' dir='ltr'>Artes,</span> <span class='ocrx_word' id='word_1_356' title='bbox 1439 2721 1463 2755; x_wconf 77' lang='lat' dir='ltr'><strong>y</strong></span> <span class='ocrx_word' id='word_1_357' title='bbox 1482 2720 1505 2744; x_wconf 87' lang='lat' dir='ltr'>a</span> <span class='ocrx_word' id='word_1_358' title='bbox 1532 2707 1633 2754; x_wconf 56' lang='lat' dir='ltr'>oydo</span> <span class='ocrx_word' id='word_1_359' title='bbox 1662 2709 1716 2744; x_wconf 89' lang='grc'>31-</span> 
     </span>
     <span class='ocr_line' id='line_1_37' title="bbox 84 2766 1719 2821; baseline -0.004 -11"><span class='ocrx_word' id='word_1_360' title='bbox 84 2785 215 2821; x_wconf 82' lang='lat' dir='ltr'>gunos</span> <span class='ocrx_word' id='word_1_361' title='bbox 234 2778 316 2809; x_wconf 89' lang='lat' dir='ltr'>tres</span> <span class='ocrx_word' id='word_1_362' title='bbox 335 2776 433 2808; x_wconf 77' lang='lat' dir='ltr'>anos</span> <span class='ocrx_word' id='word_1_363' title='bbox 452 2770 672 2816; x_wconf 75' lang='lat' dir='ltr'>theologia.</span> <span class='ocrx_word' id='word_1_364' title='bbox 699 2768 755 2805; x_wconf 86' lang='lat' dir='ltr'>Es</span> <span class='ocrx_word' id='word_1_365' title='bbox 774 2782 869 2816; x_wconf 87' lang='lat' dir='ltr'>muy</span> <span class='ocrx_word' id='word_1_366' title='bbox 888 2769 996 2805; x_wconf 90' lang='lat' dir='ltr'>lindo</span> <span class='ocrx_word' id='word_1_367' title='bbox 1015 2768 1140 2804; x_wconf 84' lang='lat' dir='ltr'>latino</span> <span class='ocrx_word' id='word_1_368' title='bbox 1160 2781 1184 2814; x_wconf 80' lang='lat' dir='ltr'>y</span> <span class='ocrx_word' id='word_1_369' title='bbox 1203 2767 1404 2803; x_wconf 81' lang='lat' dir='ltr'>rhetorico</span> <span class='ocrx_word' id='word_1_370' title='bbox 1422 2780 1447 2814; x_wconf 83' lang='lat' dir='ltr'><strong>y</strong></span> <span class='ocrx_word' id='word_1_371' title='bbox 1465 2766 1622 2813; x_wconf 85' lang='lat' dir='ltr'>griego,</span> <span class='ocrx_word' id='word_1_372' title='bbox 1645 2780 1669 2814; x_wconf 88' lang='lat' dir='ltr'><strong>y</strong></span> <span class='ocrx_word' id='word_1_373' title='bbox 1696 2780 1719 2804; x_wconf 88' lang='lat' dir='ltr'>a</span> 
     </span>
     <span class='ocr_line' id='line_1_38' title="bbox 85 2826 1719 2880; baseline -0.005 -10"><span class='ocrx_word' id='word_1_374' title='bbox 85 2832 204 2880; x_wconf 65' lang='lat' dir='ltr'>leydo</span> <span class='ocrx_word' id='word_1_375' title='bbox 231 2832 331 2868; x_wconf 78' lang='lat' dir='ltr'>latin</span> <span class='ocrx_word' id='word_1_376' title='bbox 358 2843 409 2867; x_wconf 93' lang='lat' dir='ltr'>en</span> <span class='ocrx_word' id='word_1_377' title='bbox 435 2829 598 2867; x_wconf 79' lang='lat' dir='ltr'>Gandia</span> <span class='ocrx_word' id='word_1_378' title='bbox 624 2842 649 2876; x_wconf 87' lang='lat' dir='ltr'><strong>y</strong></span> <span class='ocrx_word' id='word_1_379' title='bbox 676 2828 836 2865; x_wconf 82' lang='lat' dir='ltr'>Murcia</span> <span class='ocrx_word' id='word_1_380' title='bbox 862 2829 1035 2875; x_wconf 81' lang='lat' dir='ltr'>algunos</span> <span class='ocrx_word' id='word_1_381' title='bbox 1062 2832 1172 2870; x_wconf 83' lang='lat' dir='ltr'>anos;</span> <span class='ocrx_word' id='word_1_382' title='bbox 1201 2839 1225 2872; x_wconf 86' lang='lat' dir='ltr'>y</span> <span class='ocrx_word' id='word_1_383' title='bbox 1251 2826 1395 2873; x_wconf 81' lang='lat' dir='ltr'>griego</span> <span class='ocrx_word' id='word_1_384' title='bbox 1415 2839 1438 2862; x_wconf 91' lang='lat' dir='ltr'>a</span> <span class='ocrx_word' id='word_1_385' title='bbox 1456 2826 1575 2874; x_wconf 68' lang='lat' dir='ltr'>leydo</span> <span class='ocrx_word' id='word_1_386' title='bbox 1594 2831 1677 2863; x_wconf 87' lang='lat' dir='ltr'>tres</span> <span class='ocrx_word' id='word_1_387' title='bbox 1697 2839 1719 2863; x_wconf 92' lang='grc'><strong>0</strong></span> 
     </span>
     <span class='ocr_line' id='line_1_39' title="bbox 87 2885 1716 2939; baseline -0.004 -11"><span class='ocrx_word' id='word_1_388' title='bbox 87 2897 232 2939; x_wconf 87' lang='lat' dir='ltr'>quatro</span> <span class='ocrx_word' id='word_1_389' title='bbox 247 2896 344 2927; x_wconf 83' lang='lat' dir='ltr'>anos</span> <span class='ocrx_word' id='word_1_390' title='bbox 360 2902 411 2926; x_wconf 92' lang='lat' dir='ltr'>en</span> <span class='ocrx_word' id='word_1_391' title='bbox 426 2889 598 2926; x_wconf 88' lang='lat' dir='ltr'>Murcia.</span> <span class='ocrx_word' id='word_1_392' title='bbox 620 2887 676 2925; x_wconf 88' lang='lat' dir='ltr'>Es</span> <span class='ocrx_word' id='word_1_393' title='bbox 691 2901 785 2935; x_wconf 88' lang='lat' dir='ltr'>muy</span> <span class='ocrx_word' id='word_1_394' title='bbox 800 2887 977 2934; x_wconf 81' lang='lat' dir='ltr'>benigno</span> <span class='ocrx_word' id='word_1_395' title='bbox 992 2900 1017 2934; x_wconf 85' lang='lat' dir='ltr'><strong>y</strong></span> <span class='ocrx_word' id='word_1_396' title='bbox 1032 2898 1183 2922; x_wconf 83' lang='lat' dir='ltr'>mansO.</span> <span class='ocrx_word' id='word_1_397' title='bbox 1205 2885 1335 2922; x_wconf 87' lang='lat' dir='ltr'>Tiene</span> <span class='ocrx_word' id='word_1_398' title='bbox 1351 2885 1536 2922; x_wconf 85' lang='lat' dir='ltr'>mediano</span> <span class='ocrx_word' id='word_1_399' title='bbox 1551 2886 1716 2932; x_wconf 74' lang='lat' dir='ltr'>pfilpito.</span> 
     </span>
     <span class='ocr_line' id='line_1_40' title="bbox 88 2944 1719 2994; baseline -0.004 -7"><span class='ocrx_word' id='word_1_400' title='bbox 88 2950 146 2987; x_wconf 86' lang='lat' dir='ltr'>Es</span> <span class='ocrx_word' id='word_1_401' title='bbox 164 2951 273 2986; x_wconf 90' lang='lat' dir='ltr'>buen</span> <span class='ocrx_word' id='word_1_402' title='bbox 291 2949 508 2986; x_wconf 81' lang='lat' dir='ltr'>confessor.</span> <span class='ocrx_word' id='word_1_403' title='bbox 527 2948 590 2985; x_wconf 86' lang='lat' dir='ltr'>En</span> <span class='ocrx_word' id='word_1_404' title='bbox 606 2949 645 2984; x_wconf 92' lang='lat' dir='ltr'>la</span> <span class='ocrx_word' id='word_1_405' title='bbox 661 2946 887 2994; x_wconf 80' lang='lat' dir='ltr'>Companl&#39;a</span> <span class='ocrx_word' id='word_1_406' title='bbox 903 2948 940 2983; x_wconf 91' lang='lat' dir='ltr'>le</span> <span class='ocrx_word' id='word_1_407' title='bbox 960 2946 1139 2982; x_wconf 84' lang='lat' dir='ltr'>hizieron</span> <span class='ocrx_word' id='word_1_408' title='bbox 1157 2945 1384 2982; x_wconf 78' lang='lat' dir='ltr'>sacerdote.</span> <span class='ocrx_word' id='word_1_409' title='bbox 1410 2944 1466 2982; x_wconf 88' lang='lat' dir='ltr'>Es</span> <span class='ocrx_word' id='word_1_410' title='bbox 1486 2945 1652 2982; x_wconf 86' lang='lat' dir='ltr'>hombre</span> <span class='ocrx_word' id='word_1_411' title='bbox 1672 2945 1719 2982; x_wconf 92' lang='lat' dir='ltr'>de</span> 
     </span>
     <span class='ocr_line' id='line_1_41' title="bbox 89 3004 1721 3055; baseline -0.004 -9"><span class='ocrx_word' id='word_1_412' title='bbox 89 3009 234 3046; x_wconf 86' lang='lat' dir='ltr'>mucha</span> <span class='ocrx_word' id='word_1_413' title='bbox 261 3008 394 3045; x_wconf 87' lang='lat' dir='ltr'>virtud</span> <span class='ocrx_word' id='word_1_414' title='bbox 421 3021 446 3055; x_wconf 89' lang='lat' dir='ltr'>y</span> <span class='ocrx_word' id='word_1_415' title='bbox 475 3006 724 3044; x_wconf 85' lang='lat' dir='ltr'>edificacion.</span> <span class='ocrx_word' id='word_1_416' title='bbox 756 3006 886 3042; x_wconf 87' lang='lat' dir='ltr'>Tiene</span> <span class='ocrx_word' id='word_1_417' title='bbox 906 3005 1053 3042; x_wconf 80' lang='lat' dir='ltr'>hechos</span> <span class='ocrx_word' id='word_1_418' title='bbox 1073 3005 1132 3040; x_wconf 91' lang='lat' dir='ltr'>los</span> <span class='ocrx_word' id='word_1_419' title='bbox 1152 3009 1264 3040; x_wconf 89' lang='lat' dir='ltr'>votos</span> <span class='ocrx_word' id='word_1_420' title='bbox 1284 3004 1333 3041; x_wconf 91' lang='lat' dir='ltr'>de</span> <span class='ocrx_word' id='word_1_421' title='bbox 1352 3005 1412 3041; x_wconf 88' lang='lat' dir='ltr'>los</span> <span class='ocrx_word' id='word_1_422' title='bbox 1430 3006 1500 3041; x_wconf 89' lang='lat' dir='ltr'>dos</span> <span class='ocrx_word' id='word_1_423' title='bbox 1519 3010 1652 3042; x_wconf 57' lang='lat' dir='ltr'>anos.»</span> <span class='ocrx_word' id='word_1_424' title='bbox 1676 3004 1721 3041; x_wconf 84' lang='lat' dir='ltr'>In</span> 
     </span>
    </p>
   </div>
   <div class='ocr_carea' id='block_1_9' title="bbox 90 3063 1721 3164">
    <p class='ocr_par' dir='ltr' id='par_1_11' title="bbox 90 3063 1721 3164">
     <span class='ocr_line' id='line_1_42' title="bbox 90 3063 1721 3114; baseline -0.004 -8"><span class='ocrx_word' id='word_1_425' title='bbox 90 3068 225 3105; x_wconf 85' lang='lat' dir='ltr'>codice</span> <span class='ocrx_word' id='word_1_426' title='bbox 253 3068 443 3114; x_wconf 81' lang='lat' dir='ltr'>Aragon.</span> <span class='ocrx_word' id='word_1_427' title='bbox 473 3067 536 3104; x_wconf 78' lang='lat'>15.</span> <span class='ocrx_word' id='word_1_428' title='bbox 562 3066 630 3103; x_wconf 77' lang='lat' dir='ltr'>fol.</span> <span class='ocrx_word' id='word_1_429' title='bbox 654 3066 693 3102; x_wconf 90' lang='grc'>11</span> <span class='ocrx_word' id='word_1_430' title='bbox 720 3078 752 3102; x_wconf 88' lang='lat' dir='ltr'>r.</span> <span class='ocrx_word' id='word_1_431' title='bbox 781 3064 844 3102; x_wconf 77' lang='lat' dir='ltr'>Cf.</span> <span class='ocrx_word' id='word_1_432' title='bbox 876 3064 997 3101; x_wconf 84' lang='lat' dir='ltr'>etiam</span> <span class='ocrx_word' id='word_1_433' title='bbox 1017 3063 1261 3107; x_wconf 77' lang='lat' dir='ltr'><strong>POLANCUM,</strong></span> <span class='ocrx_word' id='word_1_434' title='bbox 1287 3063 1454 3105; x_wconf 64' lang='lat' dir='ltr'>Chrom,</span> <span class='ocrx_word' id='word_1_435' title='bbox 1476 3063 1530 3108; x_wconf 66' lang='lat' dir='ltr'>V,</span> <span class='ocrx_word' id='word_1_436' title='bbox 1551 3064 1632 3106; x_wconf 71' lang='lat'>365,</span> <span class='ocrx_word' id='word_1_437' title='bbox 1655 3077 1721 3101; x_wconf 83' lang='lat' dir='ltr'>an-</span> 
     </span>
     <span class='ocr_line' id='line_1_43' title="bbox 91 3127 228 3164; baseline 0.007 -1"><span class='ocrx_word' id='word_1_438' title='bbox 91 3134 172 3164; x_wconf 87' lang='lat' dir='ltr'>not.</span> <span class='ocrx_word' id='word_1_439' title='bbox 195 3127 228 3164; x_wconf 80' lang='lat'>4.</span> 
     </span>
    </p>
   </div>
  </div>
 </body>
</html>
