2051 3516
364 286 428 323 190
828 284 1045 322 errmmn
1073 283 1426 328 QUADRIMESTRES

317 378 369 414 vt
397 369 600 414 similem
634 384 880 425 nunquam
916 368 1138 418 viderim:
1165 381 1259 410 non
1295 366 1420 410 enim
1456 381 1517 410 ex
1548 364 1723 410 timore
1757 364 1927 410 mortis

316 446 405 491 hoc
429 446 628 502 agebat,
655 446 739 491 sed
763 461 823 491 ex
857 460 977 490 vera
1001 442 1298 500 poenitentia
1333 450 1380 486 et
1415 440 1665 498 agnitione
1690 441 1764 486 sui
1789 456 1925 486 erro-

316 523 398 579 ris,
423 538 515 567 non
542 522 671 567 aliud
703 522 926 567 facturus
960 521 1106 566 etiam
1141 520 1177 564 si
1213 526 1351 563 certo
1384 517 1558 563 scisset
1583 533 1636 563 se
1660 518 1942 576 victurum.-

320 599 454 644 Vixit
489 614 574 655 per
607 599 772 643 decem
808 607 891 643 aut
925 597 1069 653 paulo
1105 597 1267 651 plures
1292 594 1394 639 dies
1419 603 1527 650 post
1551 594 1690 651 haec,
1717 605 1763 639 et
1787 609 1926 639 acce-

316 675 408 731 ptis
432 675 654 720 omnibus
681 674 934 720 Ecclesiae
965 672 1304 727 sacramentiS,
1332 670 1563 716 laudabili
1593 669 1686 716 fine
1716 670 1927 716 excessit

317 768 377 797 ex
406 752 543 796 viuis.

377 828 443 873 10.
511 826 722 873 Scholae
747 827 984 872 exercitia
1009 826 1079 871 bis
1104 824 1384 870 intermissa
1407 823 1567 881 fuere,
1595 822 1825 869 militibus
1849 839 1925 869 oc-

315 904 605 961 cupantibus
639 905 820 949 classes
855 903 1280 948 scholasticorum:
1319 900 1506 957 reliquo
1541 910 1764 957 tempore
1799 901 1928 946 omni

316 981 389 1026 vsi
423 990 534 1026 sunt
568 980 833 1037 diligentia,
871 979 948 1036 qui
984 989 1250 1036 praeerant
1284 978 1392 1034 illis,
1428 986 1794 1034 praeceptores:
1828 993 1926 1023 ma-

318 1058 473 1115 gister
496 1056 774 1114 Stephanus
800 1058 810 1080 ¹
837 1057 914 1101 bo.
943 1072 1035 1101 me.
1072 1055 1171 1111 (qui
1195 1055 1292 1099 iam
1318 1055 1497 1110 optime
1529 1069 1669 1099 suum
1694 1055 1926 1100 claudens

317 1134 476 1191 finem,
513 1143 565 1179 ut
599 1149 872 1189 speramus,
910 1133 1073 1178 fructu
1111 1132 1182 1176 sui
1218 1131 1401 1176 laboris
1439 1146 1658 1188 suaeque
1697 1131 1925 1177 sollicitu-

320 1211 441 1256 dinis
465 1210 661 1266 fruitur)
694 1210 765 1254 his
800 1209 878 1265 qui
912 1209 1074 1253 latinis
1108 1208 1263 1253 literis
1297 1208 1549 1253 nauabant
1584 1223 1803 1264 operam3
1846 1209 1925 1265 qui

316 1288 462 1333 etiam
503 1287 590 1331 sub
630 1286 732 1342 ipso
771 1286 898 1330 haud
933 1301 1107 1341 parum
1147 1284 1477 1341 profecerunt3
1515 1285 1626 1330 huic
1663 1284 1920 1342 suffectus,

316 1364 473 1409 frater
497 1363 757 1409 Suetonius
783 1361 1115 1418 Crescentius,
1141 1376 1296 1417 nuper
1320 1377 1349 1406 a
1374 1362 1433 1406 R.
1455 1361 1508 1407 P.
1532 1361 1590 1406 Τ.
1612 1362 1706 1407 huc
1729 1362 1923 1419 missus,

315 1441 495 1497 optime
519 1439 775 1485 satisfacit.
804 1438 884 1483 Pr.
915 1438 1089 1483 Petrus
1124 1440 1137 1462 ²
1173 1438 1503 1483 elementariis
1537 1447 1750 1496 praeest,
1779 1439 1855 1484 cui
1880 1448 1928 1484 et

314 1518 472 1562 frater
497 1516 770 1561 Antoninus
833 1527 904 1560 est
929 1516 1124 1560 auxilio.
1148 1515 1240 1560 Hic
1265 1515 1412 1560 etiarn
1437 1516 1773 1572 parandorum
1797 1517 1925 1561 cibo-

317 1610 423 1638 rum
462 1608 633 1639 curam
668 1594 829 1649 habet,
867 1593 943 1637 vir
981 1593 1185 1648 simplex
1221 1602 1267 1637 et
1302 1593 1486 1637 laboris
1525 1593 1923 1648 patientissimus.

316 1669 505 1716 Curant
529 1671 640 1715 item
666 1670 709 1714 hi
735 1678 1084 1726 praeceptores
1111 1678 1162 1714 vt
1186 1669 1321 1725 pueri
1348 1684 1511 1714 xnam.
1534 1669 1809 1715 doctrinam
1831 1685 1926 1715 me-

315 1747 504 1792 moriae
538 1746 783 1791 mandent.
811 1745 993 1790 Frater
1027 1746 1271 1790 Antonius
1305 1747 1320 1769 ⁴¹
1355 1757 1497 1791 curat
1522 1761 1648 1802 quae
1674 1747 1823 1792 victui
1847 1762 1926 1792 ne-

315 1824 534 1869 cessaria
572 1833 682 1868 sunt
721 1838 1031 1880 comparare,
1069 1823 1211 1880 idque
1246 1823 1613 1879 diligentissime
1647 1824 1924 1880 exequitur,

314 1916 408 1946 non
433 1901 659 1945 omittens
692 1900 818 1945 inter
851 1900 971 1944 haec
998 1915 1085 1956 per
1109 1900 1419 1945 occasionem
1453 1916 1674 1957 quosque
1698 1901 1926 1947 admone—-

317 1992 369 2022 re
403 1986 469 2033 vt,
498 1977 543 2021 in
566 1977 737 2022 melius
771 1977 970 2021 mutatis
1008 1977 1240 2028 moribus,
1268 1977 1432 2022 diuina
1467 1988 1783 2023 sacramenta
1816 1993 1926 2023 con-

316 2053 539 2098 fessionis
559 2062 607 2099 et
631 2053 957 2098 eucharistiae
981 2053 1298 2109 frequentare
1323 2054 1598 2113 addiscant3
1625 2070 1688 2100 ex
1711 2070 1806 2111 quo
1831 2071 1926 2100 non

314 2144 488 2185 parum
512 2129 701 2174 fructus
724 2129 934 2174 Domino
954 2129 1134 2186 colligi,
1159 2146 1325 2175 omnes
1349 2131 1394 2175 in
1419 2132 1639 2177 moribus
1663 2131 1923 2189 proficere,

315 2206 572 2263 magisque
596 2205 880 2262 proficiendi
905 2207 1147 2252 desiderio
1172 2213 1189 2233 ὃ
1226 2208 1559 2266 inardescere,
1586 2210 1759 2254 sentio.

405 2283 637 2339 [Meliora
661 2284 713 2328 z'n
734 2288 992 2340 posterum
1015 2289 1194 2340 sperat
1211 2290 1491 2342 precesque
1510 2285 1779 2343 postulat]

401 2359 589 2405 Valeat
611 2359 671 2405 R.
700 2360 752 2405 P.
780 2360 837 2405 T.
865 2361 909 2405 in
936 2361 1147 2406 Domino
1172 2360 1498 2408 foelicissime.
1523 2361 1711 2408 Tibure
1745 2372 1926 2409 octauo

316 2435 423 2480 Cal.
451 2436 565 2481 Maii
593 2437 719 2481 1557.

401 2512 461 2558 R.
485 2512 536 2557 P.
564 2513 622 2558 T.
650 2513 875 2569 indignus
899 2528 1088 2569 seruus,

1107 2608 1431 2655 LAUREN'rius
1466 2609 1794 2655 CAUALERlus
1831 2619 1847 2635 ³

361 2719 377 2738 ἃ
421 2712 515 2748 Hoc
531 2723 569 2748 v.
592 2712 744 2749 eadem
764 2723 901 2748 mann
921 2717 1056 2758 snpra
1079 2724 1183 2750 versu
1206 2714 1427 2752 additmn.

364 2843 371 2860 ¹
425 2840 654 2887 Stephanus
675 2841 901 2878 Casanova.
923 2841 1154 2887 POLANCUS,
1176 2843 1250 2879 loc.
1273 2844 1354 2888 cit.,
1376 2857 1468 2891 pag.
1489 2844 1545 2881 56.

363 2900 374 2918 ²
424 2900 468 2936 P.
490 2900 635 2936 Petrus
654 2900 851 2937 Pradene.
872 2900 968 2937 Ibid.

363 2959 374 2977 ²
424 2958 655 2995 Antoninus
674 2959 721 2995 de
741 2959 941 2996 Hem-icis.
962 2959 1072 3005 Ibid.,
1095 2974 1184 3006 pag.
1203 2961 1259 2998 60.

362 3018 374 3035 ⁴
426 3017 627 3054 Antonius
646 3019 694 3054 de
713 3019 888 3055 Robore.
908 3018 1007 3056 Ibid.

363 3076 374 3093 5
428 3075 601 3123 Collegii
622 3082 765 3114 rector.
787 3077 848 3115 Cf.
872 3078 1023 3115 Laz‘nz?
1039 3078 1250 3123 llsommz„
1272 3079 1319 3125 II,
1340 3080 1420 3117 629.

2029 2094 2046 2149 ‘4³2⁸
2043 2080 2045 2087 Δ
2031 1951 2047 2070 uss-2212
2030 1785 2049 1942 ,g--szsn—›n-ru
2030 1735 2049 1779 Za:
2030 1621 2051 1723 &az-arg
2029 1572 2033 1579 ¹
2033 1496 2038 1505 “

2033 2246 2045 2287 ⁸?

2029 2291 2046 2372 ’ἐ

2026 2373 2046 2422 -ς,
