2051 3516
362 302 408 343 62
825 298 1043 339 LITTERAE
1069 296 1423 346 QUADmMEsrREs

317 401 397 448 alii
417 410 528 448 sunt
546 399 796 457 lotoringi;
817 399 913 445 duo
932 397 1081 444 etiam
1100 396 1287 442 nobiles
1304 393 1562 440 nobiscum
1581 400 1709 450 sunt,
1728 403 1935 448 quorum

318 495 443 525 vnus
467 487 540 525 est
559 479 657 524 dux
675 477 734 523 de
757 475 1004 534 Hijmmen
1029 477 1059 521 ¹.
1086 472 1370 519 Dominium
1394 470 1510 516 illud
1528 470 1674 516 situm
1693 477 1766 514 est
1785 481 1938 524 prope

318 556 683 612 Nouiomagum
718 554 763 599 in
797 551 1018 599 Geldria.
1060 551 1202 596 Alter
1234 558 1309 595 est
1347 545 1747 602 buscoducensis,
1789 544 1937 589 etiam

318 634 415 680 iam
448 633 494 678 in
529 632 720 678 artibus
753 629 995 687 magister
1029 625 1404 686 promouendus.
1438 623 1667 680 Vterque
1696 637 1749 667 se
1773 619 1938 666 Socie-

318 709 406 756 tati
431 708 577 755 dedit.
605 707 796 753 Futuro
820 721 948 751 anno
971 705 1136 761 plures
1159 701 1447 749 habebimus
1471 715 1533 746 ex
1557 698 1755 755 nostris,
1782 697 1862 754 qui
1893 697 1939 742 in

320 787 510 833 artibus
534 785 975 842 promouebuntur,
1001 781 1110 826 Deo
1134 780 1351 826 fauente.

377 864 420 910 6.
486 863 670 908 Redus.
698 862 778 907 Pr.
805 861 943 917 prior
965 858 1249 905 carthusiae
1287 858 1302 881 2
1338 864 1386 902 et
1419 855 1480 900 D.
1518 852 1814 910 Grupperus
1860 851 1943 896 3et

321 941 462 988 amici
481 956 665 997 omnes,
688 939 733 984 in
752 937 965 984 Domino
985 936 1187 981 multum
1206 941 1499 980 recreantur
1518 946 1577 977 eo
1594 929 1724 987 quod
1743 927 1943 974 videant

321 1034 401 1064 res
423 1017 688 1064 Societatis
709 1016 787 1062 hic
811 1016 879 1061 ita
912 1014 1126 1060 feliciter
1159 1011 1442 1057 succedere.
1481 1006 1760 1054 Ostendunt
1793 1021 1944 1062 opere

323 1111 467 1153 quam
492 1095 743 1140 clzarz'tate
766 1091 1005 1149 singulari
1028 1096 1046 1117 ³
1074 1104 1199 1145 erga
1223 1103 1310 1133 nos
1341 1084 1510 1132 affecti
1540 1084 1650 1129 sint.
1683 1082 1744 1128 R.
1782 1082 1835 1128 P.
1872 1081 1940 1127 V.

323 1173 369 1218 in
392 1171 606 1217 Domino
639 1170 905 1216 salutatam
944 1166 1207 1224 plurimum
1246 1164 1460 1220 cupiunt,
1498 1170 1546 1207 et
1580 1175 1669 1206 nos
1702 1159 1941 1214 similiter,

323 1248 529 1295 Re.<¹⁰‘¹¹¹¹¹
569 1247 774 1293 Patrum
807 1261 867 1291 ac
898 1244 1115 1290 fratrum
1149 1241 1378 1299 precibus
1411 1254 1500 1284 nos
1524 1237 1942 1292 commendantes,

323 1343 444 1384 quos
468 1341 638 1372 omnes
662 1325 708 1370 in
732 1323 945 1369 Domino
970 1322 1258 1375 salutamus,
1294 1317 1514 1363 salntem
1544 1320 1858 1372 prosperam
1891 1313 1943 1358 in
1991 1320 1993 1324 “

324 1404 458 1449 Dno.
495 1403 556 1448 P.
606 1402 655 1448 V.
692 1402 905 1459 longam
935 1403 1192 1455 optamus.
1226 1395 1360 1441 Bene
1385 1394 1551 1439 valeat
1576 1392 1628 1437 Ρ.
1658 1391 1721 1437 V.
1746 1390 1942 1447 Raptim

327 1480 565 1526 Coloniae
588 1480 635 1525 in
658 1488 840 1525 octaua
866 1474 1187 1534 Epiphaniae,
1215 1487 1342 1518 anno
1370 1470 1497 1516 1557.

413 1558 473 1603 R.
501 1557 553 1603 P.
581 1556 648 1602 V.
676 1571 852 1601 seruus
876 1555 922 1600 in
948 1553 1095 1609 Dno.,

1209 1638 1521 1683 LEONARDUS
1553 1633 1758 1680 KEssEL
1793 1634 1824 1678 ⁴.

416 1772 704 1828 Inscriplz'o.
732 1775 759 1823 †
784 1767 889 1814 R.d⁰
913 1767 959 1813 in
984 1765 1074 1811 X.0
1099 1763 1235 1810 Patri
1259 1761 1324 1806 M.
1352 1759 1544 1818 Jacobo
1568 1757 1839 1814 Laynezio,
1861 1755 1948 1802 So-

333 1849 524 1895 cietatis
547 1848 665 1908 Jesu
688 1846 879 1892 vicario
904 1843 1145 1902 generali,
1172 1842 1383 1888 Romae.

416 1925 593 1983 Sz'gz‘lli
612 1924 907 1981 vestigium.

421 2002 540 2048 Alia
564 2014 748 2047 manu:
770 1999 961 2056 Quadr.
989 1997 1164 2043 coloni.
1192 1995 1305 2054 jan.
1331 1995 1403 2040 57.
1433 1991 1637 2039 Emend.

378 2177 397 2195 ‘¹
447 2174 644 2222 singulari
664 2172 870 2209 charitate.

382 2340 389 2357 ¹
447 2336 549 2373 Vide
571 2335 707 2381 Epist.
730 2332 867 2376 Max-t„
888 2331 941 2377 V,
962 2330 1043 2374 484,
1066 2329 1133 2365 ubi
1160 2332 1324 2364 vocatur
1344 2326 1534 2373 Joannes,
1565 2335 1614 2359 ex
1641 2333 1745 2368 pago
1773 2318 1954 2355 Blitters-

336 2397 460 2445 wyck,
482 2409 560 2432 non
580 2394 717 2442 procul
737 2406 759 2429 a
780 2392 1000 2436 Neomago.
1023 2389 1086 2426 Cf.
1108 2387 1187 2424 ibid
1206 2385 1374 2431 505-s›06‚
1392 2384 1458 2421 ubi
1474 2383 1522 2420 de
1538 2381 1679 2419 eodem
1694 2379 1760 2425 agi
1782 2377 1952 2414 videtur.

338 2458 500 2506 Hijmen
519 2455 648 2497 hodie,
669 2458 712 2490 ut
731 2452 774 2489 P.
797 2464 875 2488 van
894 2450 1016 2487 Miert
1035 2448 1148 2485 nobis
1176 2446 1345 2493 scripsit,
1376 2456 1464 2481 esse
1491 2442 1651 2478 videtur
1677 2451 1806 2486 pagus
1833 2436 1954 2473 Hem-

338 2529 441 2553 men.
471 2515 665 2560 Quisnam
692 2525 789 2549 vero
817 2510 936 2547 fuerit
965 2509 1025 2545 vir
1052 2508 1099 2544 de
1127 2520 1205 2554 quo
1234 2505 1381 2552 agitur,
1411 2501 1613 2539 affirmare
1641 2509 1721 2535 non
1746 2496 1954 2536 audemus,

337 2575 519 2622 quamvis
539 2580 578 2610 et
598 2585 743 2610 nomen
762 2576 801 2608 et
820 2571 900 2607 alia
918 2568 1117 2616 quadrent
1137 2579 1226 2604 cum
1245 2565 1305 2602 his
1324 2575 1428 2610 quae
1447 2562 1486 2598 in
1505 2560 1595 2597 aliis
1614 2556 1792 2605 epistolis
1823 2555 1955 2592 dicun-

336 2641 401 2671 tur
418 2635 466 2670 de
482 2633 638 2680 Joanne
659 2645 681 2668 a
699 2631 871 2668 Linden.
894 2628 957 2666 Cf.
979 2627 1167 2668 HANSEN‚
1189 2626 1262 2662 loc.
1285 2623 1365 2666 cit..
1382 2621 1463 2664 328,
1483 2619 1565 2665 330,
1585 2617 1666 2659 332,
1687 2615 1768 2657 337,
1789 2614 1871 2651 338.

388 2694 399 2712 ‘²
450 2693 557 2729 Vide
578 2704 669 2740 pag.
690 2691 724 2736 2,
747 2694 880 2727 annot.
901 2687 935 2724 ⁴2.

387 2755 398 2771 ³
452 2752 515 2790 Cf.
536 2752 644 2797 ibid„
666 2755 799 2788 annot.
824 2749 854 2786 l.

384 2814 396 2831 ⁴
453 2811 554 2848 Vide
575 2824 666 2858 pag.
689 2811 724 2853 4,
745 2814 879 2846 annot.
900 2808 934 2844 3.
