2051 3516
364 281 433 317 880
825 281 1042 316 LITTERAE
1069 280 1423 325 QUADRIMES·[RES

321 390 442 419 uero
467 374 635 419 diebus
660 375 813 429 festiS,
841 383 893 419 ut
916 385 1079 431 antea,
1102 375 1424 420 concionatur
1447 390 1543 420 non
1566 391 1724 430 parua
1748 376 1933 420 audito-

316 467 423 495 rum
448 439 740 507 frequentia,
769 450 911 506 idque
935 451 981 495 in
1006 450 1107 495 dies
1138 451 1477 496 uehementius
1511 451 1557 495 in
1593 460 1762 496 nostro
1797 451 1930 496 fano.

316 528 484 572 Taceo
519 528 643 572 enim
680 528 941 573 conciones
976 543 1099 584 quas
1132 528 1300 573 habuit
1333 529 1378 573 in
1413 543 1603 573 summo
1633 529 1816 584 templo
1839 528 1934 573 fer-

315 603 626 659 rariensium,
654 615 918 659 antequam
944 604 1070 648 istuc
1093 604 1154 648 ad
1180 604 1375 649 comitia
1394 604 1935 661 congregationemque

315 679 424 736 iret,
450 695 633 735 magna
658 689 793 724 certe
816 680 1083 724 multorum
1114 680 1438 725 admiratione
1472 695 1581 725 cum
1615 681 1677 725 ob
1710 680 1934 736 multipli-

314 771 420 800 cem
456 756 778 801 eruditionem
814 766 914 801 tum
951 756 1164 801 maxime
1199 758 1261 801 ob
1295 757 1550 801 literarum
1585 757 1934 802 hebraicarum

314 833 540 888 peritiam
566 849 626 878 ac
656 833 1103 889 promptitudinem.
1138 832 1350 878 Instituit
1385 833 1531 878 etiam
1567 842 1617 877 ut
1652 833 1731 889 qui
1766 833 1935 878 diebus

313 909 451 954 festis
486 909 681 966 vesperi
716 909 926 965 undique
961 909 1022 954 ad
1057 910 1321 966 collegium
1362 910 1677 966 conueniunt,
1710 909 1934 954 erudian-

312 995 393 1030 tur
416 986 462 1030 in
487 986 668 1042 pietate
692 995 840 1041 atque
860 987 1185 1031 exhortentur
1205 986 1352 1031 ducto
1372 986 1589 1030 themate
1608 1001 1669 1030 ex
1694 985 1855 1030 libello
1875 985 1934 1030 de

312 1062 707 1119 frequentatione
741 1063 1074 1108 eucharistiae
1105 1064 1136 1107 ¹.
1176 1062 1364 1108 Visitat
1393 1071 1736 1119 aegrotantes,
1764 1077 1933 1107 conso-

313 1139 442 1183 latur
472 1148 692 1195 egentes,
729 1154 789 1184 ac
823 1154 1067 1195 pauperes
1101 1138 1255 1195 fouet,
1292 1139 1726 1195 orphanarumque
1761 1138 1935 1182 domos

311 1216 588 1271 puellarum
613 1215 830 1271 consilio,
863 1231 1016 1271 opera
1050 1217 1069 1235 a
1103 1230 1162 1259 ac
1197 1230 1250 1260 re
1289 1215 1442 1270 iuuat,
1480 1215 1620 1270 plura
1656 1214 1802 1259 etiam
1835 1229 1932 1259 ma-

311 1291 517 1348 ioraque
551 1300 846 1347 praestaret,
883 1291 921 1335 si
957 1290 1243 1347 quotidiana
1277 1290 1502 1347 iugisque
1537 1291 1812 1336 sollicitudo
1852 1291 1932 1335 do-

311 1383 419 1413 mus
443 1383 661 1424 curaque
686 1377 957 1423 pateretur.

369 1443 412 1489 3.
479 1443 607 1489 Octo
641 1444 842 1489 hebraei
877 1445 1122 1489 elementa
1156 1444 1265 1488 fidei
1299 1454 1410 1488 sunt
1444 1443 1622 1497 edocti,
1660 1459 1721 1488 ex
1758 1444 1933 1501 quibus

313 1536 411 1566 una
435 1521 565 1566 mille
590 1521 724 1565 libris
749 1521 977 1577 precario
1002 1520 1159 1577 partis
1188 1520 1446 1565 commode
1476 1520 1654 1576 nupsit,
1692 1521 1790 1565 alia
1824 1536 1931 1565 coe-

310 1597 509 1643 nobium
541 1598 704 1654 subiit,
741 1598 870 1643 aliae
902 1598 1142 1643 matronis
1176 1597 1404 1652 traditae,
1441 1612 1605 1642 mares
1639 1612 1758 1642 uero
1781 1598 1843 1642 ad
1868 1597 1931 1642 di-

310 1689 458 1719 uersa
497 1673 660 1719 officia
700 1689 752 1719 se
793 1675 1185 1731 applicauerunt3
1228 1689 1357 1719 nona
1392 1684 1656 1729 praeterea
1680 1674 1777 1719 iam
1801 1673 1931 1718 insti·

308 1750 475 1796 tuitur.
503 1751 667 1807 Atque
691 1751 881 1796 utinam
904 1751 962 1795 R.
987 1751 1040 1795 P.
1068 1760 1152 1796 tua
1176 1750 1286 1795 R.¹¹¹i
1311 1761 1358 1795 et
1379 1749 1499 1795 Ill.f¹¹i
1520 1751 1784 1795 cardinalis
1804 1750 1932 1795 uotis

309 1827 658 1883 respondisset;
693 1827 787 1872 iam
821 1837 957 1872 certe
991 1836 1212 1873 erectum
1242 1826 1505 1883 collegium
1541 1827 1789 1871 uideretur
1813 1826 1930 1871 Fer-

309 1902 476 1948 rariae
506 1903 646 1948 huius
676 1914 912 1959 tanquam
947 1903 1112 1959 proles
1145 1904 1178 1959 2,
1215 1918 1311 1958 quo
1345 1918 1405 1948 ne
1441 1903 1639 1947 tandem
1672 1901 1932 1947 fraudetur

308 1979 487 2025 obnixe
511 1995 728 2025 oramus.

366 2057 408 2101 4.
477 2056 555 2101 Ad
593 2057 825 2112 templum
870 2067 1093 2102 nostrum
1139 2068 1340 2112 praeter
1384 2071 1555 2101 eorum
1598 2071 1804 2112 gregem
1850 2055 1930 2111 qui

308 2144 488 2178 octauo
513 2148 705 2190 quoque
730 2133 805 2179 die
829 2142 977 2190 atque
1001 2134 1116 2178 item
1147 2133 1454 2189 frequentius
1489 2132 1596 2177 Deo
1631 2148 1739 2177 sese
1773 2132 1929 2177 conci-

310 2209 444 2266 liant,
491 2210 735 2255 accedunt
777 2211 856 2266 qui
901 2226 1076 2255 nouem
1122 2226 1277 2255 annos
1320 2210 1367 2254 in
1411 2219 1730 2266 peccatorum
1775 2225 1961 2255 coeno>

309 2286 588 2343 iacuerunt,
636 2287 813 2343 quique
856 2287 1060 2344 triginta
1105 2287 1279 2343 quibus
1322 2302 1571 2343 nunquam
1616 2287 1927 2331 sacerdotem

309 2362 551 2408 adierunt.
578 2362 676 2408 Alii
700 2363 746 2407 in
767 2363 996 2418 pellicatu
1022 2362 1040 2389 ὓ
1058 2362 1222 2407 inuitis
1242 2362 1529 2419 parentibus
1548 2362 1927 2419 quinquennium

308 2448 675 2495 transegerunt,
716 2439 1072 2495 repudiataque
1108 2454 1264 2484 uxore
1288 2439 1501 2495 quidam:
1547 2453 1691 2494 quam
1731 2439 1927 2483 tandem

308 2514 472 2560 diuino
496 2514 731 2560 beneficio
755 2515 844 2560 sibi
868 2524 921 2560 ut
945 2515 1077 2572 prius
1102 2515 1368 2571 cooptauit,
1400 2515 1720 2571 pellicemque
1754 2515 1925 2559 uxoris

308 2591 503 2636 abiecit.

355 2766 374 2784 ἢ
424 2767 645 2803 Mutatum
662 2770 811 2812 postea
831 2768 876 2803 in
904 2765 1048 2803 verbis.
1103 2765 1168 2792 —b
1201 2765 1290 2802 Pro
1316 2765 1394 2802 hoc
1420 2776 1458 2802 v.
1492 2766 1706 2811 scriptum
1736 2766 1781 2801 in
1813 2777 1926 2802 mar-

303 2827 407 2870 gine
427 2825 709 2862 concubinatu.

357 2992 367 3010 ¹
418 2990 597 3036 Intelligi
616 2990 774 3027 videtur
793 2990 957 3026 libellus
975 2989 1019 3026 P.
1041 2988 1229 3026 Madridii
1248 2989 1297 3025 de
1316 2988 1518 3036 frequenti
1537 3001 1611 3025 usu
1638 2988 1922 3025 eucharistiae.

355 3050 367 3069 ‘·'
419 3048 481 3086 Cf.
503 3049 656 3086 Laim’z'
673 3049 882 3094 Monum.,
903 3048 972 3093 III,
993 3048 1073 3089 486,
1094 3048 1176 3089 530,
1195 3047 1276 3085 531.
