2051 3516
389 279 459 314 586)
854 279 1071 316 er'rERAE
1098 280 1454 325 QUADRIMEs‘rREs

340 388 536 429 semper
574 373 679 418 fere
719 374 780 418 ad
815 374 1148 420 confitentium
1185 385 1392 431 peccata
1426 377 1736 422 exaudienda
1771 379 1959 435 sedeat,

341 465 427 494 eos
466 459 629 494 tamen
665 451 744 506 qui
779 451 840 495 ad
878 452 1231 507 perfectionem
1266 453 1388 497 uelis
1423 453 1668 510 remisque
1703 454 1773 510 (ut
1807 456 1959 512 aiunt)

341 537 629 583 properant,
657 527 805 583 longo
830 537 938 583 post
962 544 1014 573 se
1040 528 1234 584 reliquit
1269 528 1546 574 interuallo.

403 603 469 647 11.
537 602 661 647 Sunt
686 603 761 647 hic
786 604 971 661 aliquot
1006 604 1179 649 flandri
1215 605 1294 660 qui
1329 606 1508 650 aulaea
1543 606 1765 651 intexere
1800 622 1959 663 eaque

339 679 605 724 diuendere
629 681 801 734 solent,
829 696 1037 736 quorum
1063 682 1226 737 aliqui,
1253 697 1458 726 numero
1483 682 1589 726 fere
1619 682 1792 739 uiginti
1828 685 1959 740 quin-

339 770 448 811 que,
475 757 565 800 sub
590 756 762 801 eodem
787 766 919 801 tecto
943 758 1220 802 habitantes
1245 759 1561 803 sacerdotem
1585 759 1845 814 quemdam
1877 776 1957 805 na-

338 831 470 876 tione
495 826 736 877 flandrum
762 832 861 877 suis
885 834 1156 889 sumptibus
1180 835 1331 879 alunt.
1359 834 1409 878 In
1436 850 1556 890 quos
1580 844 1719 880 tanta
1749 835 1959 892 irrepse-

337 919 414 975 rat
439 910 741 966 corruptela,
780 920 829 954 ut
864 911 975 955 uino
1010 911 1327 967 ingurgitari,
1356 911 1475 956 cibis
1511 912 1707 968 repleri,
1735 914 1958 969 turpibus

336 985 691 1041 obscoenisque
716 987 882 1031 uerbis
916 987 981 1032 uti
1018 1003 1109 1031 non
1148 987 1444 1032 dubitarent.
1474 987 1742 1033 Caeterum
1768 989 1846 1034 ubi
1871 1005 1956 1034 no-

336 1073 550 1106 strorum
585 1062 795 1108 fratrum
831 1064 1043 1120 quidam,
1078 1063 1276 1108 natione
1311 1064 1515 1119 flander,
1544 1065 1605 1109 ad
1642 1081 1734 1110 eosr
1762 1066 1954 1123 missus,

334 1138 570 1183 flandrice
594 1140 756 1195 coepit
780 1140 869 1185 illis
900 1140 1183 1185 concionari
1219 1139 1367 1196 (quod
1402 1141 1608 1197 singulis
1642 1141 1812 1186 diebus
1847 1143 1948 1187 sab-

334 1216 435 1260 bati
474 1215 611 1272 facit)
647 1216 901 1272 pristinam
942 1216 1137 1261 uiuendi
1177 1216 1581 1262 consuetudinem
1615 1217 1661 1262 in
1702 1218 1955 1263 meliorem

335 1301 717 1337 commutarunt.
746 1293 883 1337 Multi
909 1294 1049 1347 enim,
1079 1292 1155 1348 qui
1182 1293 1226 1336 in
1251 1292 1576 1348 grauissimos
1601 1309 1802 1338 errores
1834 1294 1957 1350 lapsi

332 1368 545 1418 fuerant,
573 1384 700 1413 nunc
726 1370 798 1413 uel
836 1369 1130 1414 confitentur
1164 1369 1237 1413 uel
1276 1369 1509 1424 optimam
1546 1369 1619 1414 sui
1654 1371 1954 1426 expectatio-

333 1460 442 1490 nem
468 1446 732 1490 concitant.
761 1446 873 1502 Qua
898 1462 957 1490 ex
983 1462 1036 1490 re
1060 1462 1154 1489 non
1180 1445 1441 1490 mediocris
1476 1447 1554 1490 uel
1588 1447 1632 1490 in
1668 1447 1799 1502 ipsos
1833 1447 1953 1492 utili-

332 1531 424 1578 tas,
453 1524 527 1566 uel
555 1523 597 1566 in
626 1522 891 1566 Dominum
925 1520 1148 1580 JESVM
1183 1523 1339 1565 honor
1375 1522 1682 1567 redundauit.
1721 1523 1952 1568 Fratrem

331 1614 543 1655 namque
568 1608 807 1649 nostrum,
842 1600 918 1643 cui
953 1608 1100 1643 antea
1135 1614 1304 1643 omnes
1338 1608 1480 1643 erant
1516 1598 1705 1655 infensi,
1743 1616 1871 1645 nunc
1905 1601 1953 1645 li-

332 1676 627 1720 bentissimis
652 1676 826 1719 animis
857 1676 1139 1730 suscipiunt.
1168 1675 1362 1730 Turpes
1398 1685 1660 1731 praeterea
1695 1677 1951 1732 profanas-

330 1767 425 1808 que
449 1752 721 1797 cantilenas
746 1752 789 1796 in
816 1767 989 1796 sacras
1014 1752 1215 1807 piasque
1242 1761 1625 1796 commutarunt.

395 1828 459 1873 12.
526 1828 762 1884 Equidem
797 1844 922 1883 quae
948 1828 1049 1884 ipse
1074 1828 1279 1883 egerim,
1308 1844 1498 1883 quaeue
1523 1843 1672 1885 agam
1697 1843 1790 1873 non
1815 1838 1952 1884 puta-

330 1906 377 1951 ui
417 1906 565 1962 digna
589 1922 698 1951 esse
723 1922 848 1962 quae
882 1906 1010 1950 inter
1043 1906 1425 1950 commilitonum
1459 1905 1628 1964 JESV
1663 1922 1740 1950 res
1776 1915 1948 1961 gestas

329 1970 691 2039 praeclaraque
736 1983 961 2027 facinora
1007 1993 1404 2039 recenserentur;
1452 1992 1616 2027 tamen
1656 1992 1707 2028 ut
1745 1992 1948 2028 sanctae

330 2060 639 2104 obedientiae
693 2060 924 2104 mandata
975 2075 1219 2115 exequar,
1268 2060 1437 2114 paucis
1487 2075 1546 2104 ea
1597 2060 1947 2116 perstringam.

329 2137 469 2181 Duos
494 2137 590 2181 iam
615 2136 720 2181 fere
745 2152 938 2181 menses
962 2152 1022 2181 ex
1047 2146 1218 2181 sancte
1243 2136 1552 2181 obedientiae
1578 2138 1812 2182 mandato
1837 2153 1950 2192 pue-

328 2213 410 2264 ris,
448 2214 527 2270 qui
562 2214 620 2258 ad
660 2223 855 2257 nostras
889 2213 1084 2257 scholas
1118 2213 1377 2269 accedunt,
1415 2213 1690 2257 doctrinam
1725 2213 1948 2258 christia-

328 2306 440 2335 nam
466 2291 670 2346 singulis
695 2290 861 2335 diebus
886 2290 1107 2334 sabbatis
1142 2290 1422 2334 declarandi
1459 2305 1631 2334 munus
1665 2290 1873 2345 suscepi:
1902 2299 1949 2335 et

328 2368 392 2411 ab
425 2366 595 2411 iisdem
631 2376 733 2411 tum
769 2367 1076 2419 concionum,
1106 2382 1227 2422 quas
1262 2367 1305 2410 in
1341 2376 1512 2411 nostro
1542 2368 1723 2423 templo
1749 2367 1947 2412 audiue-

329 2444 441 2494 rint,
479 2454 579 2488 tum
620 2444 767 2488 etiam
808 2443 1063 2488 doctrinae
1099 2443 1399 2488 christianae
1440 2444 1681 2488 rationem
1722 2444 1945 2500 exigere,

328 2519 439 2576 Qua
465 2521 508 2564 in
543 2537 596 2565 re
630 2521 743 2565 illud
779 2529 1075 2575 argumento
1109 2535 1329 2564 summae
1365 2536 1630 2576 puerorum
1665 2520 1948 2575 diligentiae

326 2614 384 2641 ac
420 2597 615 2652 pietatis
650 2612 758 2641 esse
795 2597 960 2653 possit,
988 2596 1114 2652 quod
1150 2596 1318 2640 uideas
1348 2596 1606 2641 nonnullos
1641 2597 1867 2653 quicquid
1901 2597 1945 2641 in

327 2674 563 2718 concione
604 2673 894 2724 audiuerint,
928 2682 1029 2717 tam
1069 2672 1277 2717 fideliter
1317 2673 1542 2730 reddere,
1580 2682 1631 2718 ut
1671 2674 1751 2717 uix
1787 2689 1946 2737 pauca

326 2750 565 2805 quaedam
591 2750 726 2794 obliti
751 2749 1026 2794 uideantur.
1053 2749 1175 2794 Illud
1199 2751 1615 2804 praetereundum
1641 2751 1772 2795 nullo
1797 2750 1943 2795 modo

326 2841 521 2881 censeo,
559 2826 685 2881 quod
722 2826 955 2882 proximis
990 2826 1118 2870 hisce
1152 2826 1539 2871 bacchanalibus
1573 2827 1686 2883 (quo
1721 2836 1943 2883 tempore

325 2903 584 2957 plurimum
626 2903 859 2948 bacchari
899 2913 1046 2959 atque
1082 2903 1294 2947 insanire
1334 2919 1504 2948 omnes
1537 2903 1642 2949 fere
1681 2904 1858 2959 solent)
1900 2905 1944 2948 in

325 2990 497 3023 nostro
521 2981 701 3035 templo
725 2990 772 3024 et
796 2980 1059 3025 conciones
1092 2989 1204 3024 sunt
1239 2980 1436 3024 habitae
1459 2981 1622 3025 triduo
1648 2981 1742 3031 illo,
1772 2990 1820 3026 et
1843 2983 1942 3036 plu·

325 3070 405 3100 res
429 3055 535 3100 fere
561 3071 706 3112 quam
732 3067 878 3101 antea
903 3071 1099 3101 sacram
1135 3071 1393 3111 sumpsere
1416 3057 1641 3112 synaxin,
1671 3073 1817 3113 quam
1844 3058 1942 3102 lau-
