<?xml version="1.0" encoding="UTF-8"?>
<!DOCTYPE html PUBLIC "-//W3C//DTD XHTML 1.0 Transitional//EN"
    "http://www.w3.org/TR/xhtml1/DTD/xhtml1-transitional.dtd">
<html xmlns="http://www.w3.org/1999/xhtml" xml:lang="en" lang="en">
 <head>
  <title>
</title>
<meta http-equiv="Content-Type" content="text/html;charset=utf-8" />
  <meta name='ocr-system' content='tesseract 3.04.00' />
  <meta name='ocr-capabilities' content='ocr_page ocr_carea ocr_par ocr_line ocrx_word'/>
</head>
<body>
  <div class='ocr_page' id='page_1' title='image "./litteraequadrime17lain_0615.png"; bbox 0 0 2051 3516; ppageno 0'>
   <div class='ocr_carea' id='block_1_1' title="bbox 546 279 1690 316">
    <p class='ocr_par' dir='ltr' id='par_1_1' title="bbox 546 279 1690 316">
     <span class='ocr_line' id='line_1_1' title="bbox 546 279 1690 316; baseline 0.001 -1"><span class='ocrx_word' id='word_1_1' title='bbox 546 279 905 316; x_wconf 47' lang='lat' dir='ltr'>‘iffis—FERRARM.</span> <span class='ocrx_word' id='word_1_2' title='bbox 935 280 977 315; x_wconf 73' lang='lat'>21</span> <span class='ocrx_word' id='word_1_3' title='bbox 1009 279 1168 315; x_wconf 70' lang='lat' dir='ltr'>MAR‘ill</span> <span class='ocrx_word' id='word_1_4' title='bbox 1200 280 1291 315; x_wconf 54' lang='lat'>155&amp;</span> <span class='ocrx_word' id='word_1_5' title='bbox 1619 280 1690 316; x_wconf 74' lang='lat'>579</span> 
     </span>
    </p>
   </div>
   <div class='ocr_carea' id='block_1_2' title="bbox 74 374 1737 2976">
    <p class='ocr_par' dir='ltr' id='par_1_2' title="bbox 88 374 1737 2203">
     <span class='ocr_line' id='line_1_2' title="bbox 97 374 1737 430; baseline 0.001 -10"><span class='ocrx_word' id='word_1_6' title='bbox 97 387 217 430; x_wconf 89' lang='lat' dir='ltr'>stus,</span> <span class='ocrx_word' id='word_1_7' title='bbox 244 374 400 419; x_wconf 81' lang='lat' dir='ltr'>nostri</span> <span class='ocrx_word' id='word_1_8' title='bbox 425 374 809 419; x_wconf 80' lang='lat' dir='ltr'>studiosissimus</span> <span class='ocrx_word' id='word_1_9' title='bbox 834 386 882 421; x_wconf 90' lang='lat' dir='ltr'>et</span> <span class='ocrx_word' id='word_1_10' title='bbox 905 375 1290 429; x_wconf 79' lang='lat' dir='ltr'>amantissimus,</span> <span class='ocrx_word' id='word_1_11' title='bbox 1325 376 1500 421; x_wconf 84' lang='lat' dir='ltr'>Patres</span> <span class='ocrx_word' id='word_1_12' title='bbox 1536 385 1737 421; x_wconf 78' lang='lat' dir='ltr'>nostros</span> 
     </span>
     <span class='ocr_line' id='line_1_3' title="bbox 96 451 1733 511; baseline 0.001 -14"><span class='ocrx_word' id='word_1_13' title='bbox 96 461 389 508; x_wconf 87' lang='lat' dir='ltr'>rogauerat,</span> <span class='ocrx_word' id='word_1_14' title='bbox 428 461 479 496; x_wconf 92' lang='lat' dir='ltr'>ut</span> <span class='ocrx_word' id='word_1_15' title='bbox 512 451 728 496; x_wconf 75' lang='lat' dir='ltr'>fratrum</span> <span class='ocrx_word' id='word_1_16' title='bbox 763 464 1048 497; x_wconf 91' lang='lat' dir='ltr'>nostrorum</span> <span class='ocrx_word' id='word_1_17' title='bbox 1083 451 1355 498; x_wconf 85' lang='lat' dir='ltr'>ministerio</span> <span class='ocrx_word' id='word_1_18' title='bbox 1397 453 1570 511; x_wconf 90' lang='lat' dir='ltr'>ingens</span> <span class='ocrx_word' id='word_1_19' title='bbox 1609 469 1733 499; x_wconf 90' lang='lat' dir='ltr'>onus</span> 
     </span>
     <span class='ocr_line' id='line_1_4' title="bbox 97 528 1731 586; baseline 0.001 -13"><span class='ocrx_word' id='word_1_20' title='bbox 97 528 365 574; x_wconf 90' lang='lat' dir='ltr'>nosocomii</span> <span class='ocrx_word' id='word_1_21' title='bbox 390 529 633 579; x_wconf 85' lang='lat' dir='ltr'>leuarent;</span> <span class='ocrx_word' id='word_1_22' title='bbox 657 529 787 584; x_wconf 91' lang='lat' dir='ltr'>quod</span> <span class='ocrx_word' id='word_1_23' title='bbox 811 529 908 574; x_wconf 92' lang='lat' dir='ltr'>iam</span> <span class='ocrx_word' id='word_1_24' title='bbox 934 544 1108 574; x_wconf 91' lang='lat' dir='ltr'>recens</span> <span class='ocrx_word' id='word_1_25' title='bbox 1133 544 1195 574; x_wconf 84' lang='lat' dir='ltr'>ex</span> <span class='ocrx_word' id='word_1_26' title='bbox 1220 529 1479 574; x_wconf 88' lang='lat' dir='ltr'>innumera</span> <span class='ocrx_word' id='word_1_27' title='bbox 1499 539 1731 586; x_wconf 87' lang='lat' dir='ltr'>aegroto-</span> 
     </span>
     <span class='ocr_line' id='line_1_5' title="bbox 96 604 1734 661; baseline 0.001 -11"><span class='ocrx_word' id='word_1_28' title='bbox 96 621 222 661; x_wconf 77' lang='lat' dir='ltr'>rum,</span> <span class='ocrx_word' id='word_1_29' title='bbox 250 604 453 650; x_wconf 92' lang='lat' dir='ltr'>militum</span> <span class='ocrx_word' id='word_1_30' title='bbox 477 604 822 658; x_wconf 87' lang='lat' dir='ltr'>heluetiorum,</span> <span class='ocrx_word' id='word_1_31' title='bbox 846 606 1155 661; x_wconf 89' lang='lat' dir='ltr'>aliarumque</span> <span class='ocrx_word' id='word_1_32' title='bbox 1180 605 1400 661; x_wconf 86' lang='lat' dir='ltr'>gentium</span> <span class='ocrx_word' id='word_1_33' title='bbox 1425 606 1734 651; x_wconf 90' lang='lat' dir='ltr'>multitudine</span> 
     </span>
     <span class='ocr_line' id='line_1_6' title="bbox 96 680 1728 739; baseline 0.001 -12"><span class='ocrx_word' id='word_1_34' title='bbox 96 691 398 727; x_wconf 75' lang='lat' dir='ltr'>accesserat.</span> <span class='ocrx_word' id='word_1_35' title='bbox 437 680 563 726; x_wconf 90' lang='lat' dir='ltr'>Cum</span> <span class='ocrx_word' id='word_1_36' title='bbox 597 696 722 738; x_wconf 90' lang='lat' dir='ltr'>ergo</span> <span class='ocrx_word' id='word_1_37' title='bbox 756 698 818 727; x_wconf 85' lang='lat' dir='ltr'>ex</span> <span class='ocrx_word' id='word_1_38' title='bbox 853 681 1081 738; x_wconf 90' lang='lat' dir='ltr'>hospitali</span> <span class='ocrx_word' id='word_1_39' title='bbox 1121 681 1267 727; x_wconf 91' lang='lat' dir='ltr'>domo</span> <span class='ocrx_word' id='word_1_40' title='bbox 1307 682 1406 738; x_wconf 83' lang='lat' dir='ltr'>(ubi</span> <span class='ocrx_word' id='word_1_41' title='bbox 1446 683 1574 728; x_wconf 86' lang='lat' dir='ltr'>inter</span> <span class='ocrx_word' id='word_1_42' title='bbox 1613 683 1728 739; x_wconf 80' lang='lat' dir='ltr'>alia,</span> 
     </span>
     <span class='ocr_line' id='line_1_7' title="bbox 95 757 1732 816; baseline 0.001 -13"><span class='ocrx_word' id='word_1_43' title='bbox 95 757 365 803; x_wconf 73' lang='lat' dir='ltr'>teterrimis</span> <span class='ocrx_word' id='word_1_44' title='bbox 402 758 586 803; x_wconf 89' lang='lat' dir='ltr'>morbis</span> <span class='ocrx_word' id='word_1_45' title='bbox 627 759 969 804; x_wconf 80' lang='lat' dir='ltr'>laborantibus</span> <span class='ocrx_word' id='word_1_46' title='bbox 1013 758 1360 811; x_wconf 88' lang='lat' dir='ltr'>inseruierant,</span> <span class='ocrx_word' id='word_1_47' title='bbox 1409 771 1732 816; x_wconf 87' lang='lat' dir='ltr'>mortuosque</span> 
     </span>
     <span class='ocr_line' id='line_1_8' title="bbox 94 834 1728 900; baseline 0.002 -22"><span class='ocrx_word' id='word_1_48' title='bbox 94 834 341 889; x_wconf 88' lang='lat' dir='ltr'>lauerant,</span> <span class='ocrx_word' id='word_1_49' title='bbox 384 844 431 880; x_wconf 93' lang='lat' dir='ltr'>et</span> <span class='ocrx_word' id='word_1_50' title='bbox 464 835 516 900; x_wconf 74' lang='lat' dir='ltr'>vin</span> <span class='ocrx_word' id='word_1_51' title='bbox 561 836 790 892; x_wconf 85' lang='lat' dir='ltr'>sepulcro</span> <span class='ocrx_word' id='word_1_52' title='bbox 835 836 1174 891; x_wconf 81' lang='lat' dir='ltr'>condiderant)</span> <span class='ocrx_word' id='word_1_53' title='bbox 1220 835 1407 881; x_wconf 77' lang='lat' dir='ltr'>fratres</span> <span class='ocrx_word' id='word_1_54' title='bbox 1452 837 1728 895; x_wconf 83' lang='lat' dir='ltr'>rediissent,</span> 
     </span>
     <span class='ocr_line' id='line_1_9' title="bbox 95 912 1733 970; baseline 0.001 -13"><span class='ocrx_word' id='word_1_55' title='bbox 95 912 255 968; x_wconf 79' lang='lat' dir='ltr'>coepit</span> <span class='ocrx_word' id='word_1_56' title='bbox 280 921 503 956; x_wconf 86' lang='lat' dir='ltr'>nostrum</span> <span class='ocrx_word' id='word_1_57' title='bbox 528 912 792 969; x_wconf 84' lang='lat' dir='ltr'>collegium</span> <span class='ocrx_word' id='word_1_58' title='bbox 817 913 999 958; x_wconf 90' lang='lat' dir='ltr'>morbis</span> <span class='ocrx_word' id='word_1_59' title='bbox 1024 912 1132 969; x_wconf 87' lang='lat' dir='ltr'>illis,</span> <span class='ocrx_word' id='word_1_60' title='bbox 1160 928 1219 957; x_wconf 91' lang='lat' dir='ltr'>ac</span> <span class='ocrx_word' id='word_1_61' title='bbox 1254 912 1393 968; x_wconf 87' lang='lat' dir='ltr'>quasi</span> <span class='ocrx_word' id='word_1_62' title='bbox 1430 914 1733 970; x_wconf 82' lang='lat' dir='ltr'>contagione</span> 
     </span>
     <span class='ocr_line' id='line_1_10' title="bbox 96 985 1732 1047; baseline 0.001 -13"><span class='ocrx_word' id='word_1_63' title='bbox 96 989 307 1046; x_wconf 84' lang='lat' dir='ltr'>quadam</span> <span class='ocrx_word' id='word_1_64' title='bbox 335 989 632 1045; x_wconf 84' lang='lat' dir='ltr'>praepediri;</span> <span class='ocrx_word' id='word_1_65' title='bbox 661 990 841 1045; x_wconf 83' lang='lat' dir='ltr'>uixque</span> <span class='ocrx_word' id='word_1_66' title='bbox 861 985 1224 1035; x_wconf 86' lang='lat' dir='ltr'>conualuerant</span> <span class='ocrx_word' id='word_1_67' title='bbox 1249 990 1278 1034; x_wconf 88' lang='lat' dir='ltr'>ii</span> <span class='ocrx_word' id='word_1_68' title='bbox 1303 990 1381 1047; x_wconf 90' lang='lat' dir='ltr'>qui</span> <span class='ocrx_word' id='word_1_69' title='bbox 1402 990 1596 1046; x_wconf 87' lang='lat' dir='ltr'>priores</span> <span class='ocrx_word' id='word_1_70' title='bbox 1616 991 1732 1036; x_wconf 90' lang='lat' dir='ltr'>inci-</span> 
     </span>
     <span class='ocr_line' id='line_1_11' title="bbox 95 1066 1732 1124; baseline 0.001 -13"><span class='ocrx_word' id='word_1_71' title='bbox 95 1066 271 1111; x_wconf 84' lang='lat' dir='ltr'>derant</span> <span class='ocrx_word' id='word_1_72' title='bbox 296 1067 340 1111; x_wconf 91' lang='lat' dir='ltr'>in</span> <span class='ocrx_word' id='word_1_73' title='bbox 366 1068 609 1118; x_wconf 90' lang='lat' dir='ltr'>morbum,</span> <span class='ocrx_word' id='word_1_74' title='bbox 637 1082 747 1111; x_wconf 88' lang='lat' dir='ltr'>cum</span> <span class='ocrx_word' id='word_1_75' title='bbox 775 1083 876 1117; x_wconf 85' lang='lat' dir='ltr'>eos,</span> <span class='ocrx_word' id='word_1_76' title='bbox 905 1067 985 1124; x_wconf 90' lang='lat' dir='ltr'>qui</span> <span class='ocrx_word' id='word_1_77' title='bbox 1009 1066 1250 1111; x_wconf 79' lang='lat' dir='ltr'>fratribus</span> <span class='ocrx_word' id='word_1_78' title='bbox 1275 1066 1376 1111; x_wconf 91' lang='lat' dir='ltr'>suis</span> <span class='ocrx_word' id='word_1_79' title='bbox 1399 1068 1569 1112; x_wconf 90' lang='lat' dir='ltr'>sedule</span> <span class='ocrx_word' id='word_1_80' title='bbox 1596 1068 1732 1112; x_wconf 90' lang='lat' dir='ltr'>mini-</span> 
     </span>
     <span class='ocr_line' id='line_1_12' title="bbox 95 1143 1731 1199; baseline 0.001 -12"><span class='ocrx_word' id='word_1_81' title='bbox 95 1152 399 1195; x_wconf 85' lang='lat' dir='ltr'>strauerant,</span> <span class='ocrx_word' id='word_1_82' title='bbox 428 1152 475 1188; x_wconf 89' lang='lat' dir='ltr'>et</span> <span class='ocrx_word' id='word_1_83' title='bbox 499 1159 590 1199; x_wconf 90' lang='lat' dir='ltr'>pro</span> <span class='ocrx_word' id='word_1_84' title='bbox 615 1143 801 1189; x_wconf 90' lang='lat' dir='ltr'>uiribus</span> <span class='ocrx_word' id='word_1_85' title='bbox 826 1159 855 1189; x_wconf 90' lang='lat' dir='ltr'>a</span> <span class='ocrx_word' id='word_1_86' title='bbox 880 1145 1055 1189; x_wconf 88' lang='lat' dir='ltr'>morbo</span> <span class='ocrx_word' id='word_1_87' title='bbox 1079 1143 1168 1188; x_wconf 90' lang='lat' dir='ltr'>sibi</span> <span class='ocrx_word' id='word_1_88' title='bbox 1189 1152 1448 1199; x_wconf 88' lang='lat' dir='ltr'>cauerant,</span> <span class='ocrx_word' id='word_1_89' title='bbox 1475 1143 1602 1188; x_wconf 90' lang='lat' dir='ltr'>idem</span> <span class='ocrx_word' id='word_1_90' title='bbox 1622 1144 1731 1190; x_wconf 76' lang='lat' dir='ltr'>fere</span> 
     </span>
     <span class='ocr_line' id='line_1_13' title="bbox 94 1219 1727 1277; baseline 0.001 -13"><span class='ocrx_word' id='word_1_91' title='bbox 94 1221 298 1265; x_wconf 85' lang='lat' dir='ltr'>morbus</span> <span class='ocrx_word' id='word_1_92' title='bbox 323 1220 580 1276; x_wconf 85' lang='lat' dir='ltr'>corripuit.</span> <span class='ocrx_word' id='word_1_93' title='bbox 609 1219 701 1265; x_wconf 90' lang='lat' dir='ltr'>Hic</span> <span class='ocrx_word' id='word_1_94' title='bbox 723 1230 826 1266; x_wconf 88' lang='lat' dir='ltr'>turn</span> <span class='ocrx_word' id='word_1_95' title='bbox 858 1220 939 1266; x_wconf 88' lang='lat' dir='ltr'>alii</span> <span class='ocrx_word' id='word_1_96' title='bbox 975 1220 1034 1266; x_wconf 92' lang='lat' dir='ltr'>de</span> <span class='ocrx_word' id='word_1_97' title='bbox 1068 1220 1265 1277; x_wconf 84' lang='lat' dir='ltr'>integro</span> <span class='ocrx_word' id='word_1_98' title='bbox 1301 1220 1607 1273; x_wconf 77' lang='lat' dir='ltr'>recidebant,</span> <span class='ocrx_word' id='word_1_99' title='bbox 1646 1221 1727 1266; x_wconf 90' lang='lat' dir='ltr'>alii</span> 
     </span>
     <span class='ocr_line' id='line_1_14' title="bbox 93 1297 1728 1353; baseline 0.001 -12"><span class='ocrx_word' id='word_1_100' title='bbox 93 1312 268 1342; x_wconf 87' lang='lat' dir='ltr'>recens</span> <span class='ocrx_word' id='word_1_101' title='bbox 302 1298 659 1353; x_wconf 76' lang='lat' dir='ltr'>aegrotabant,</span> <span class='ocrx_word' id='word_1_102' title='bbox 697 1298 777 1342; x_wconf 85' lang='lat' dir='ltr'>alii</span> <span class='ocrx_word' id='word_1_103' title='bbox 814 1297 994 1343; x_wconf 90' lang='lat' dir='ltr'>diutius</span> <span class='ocrx_word' id='word_1_104' title='bbox 1028 1298 1277 1353; x_wconf 82' lang='lat' dir='ltr'>iacebant,</span> <span class='ocrx_word' id='word_1_105' title='bbox 1315 1297 1599 1353; x_wconf 89' lang='lat' dir='ltr'>usqueadeo</span> <span class='ocrx_word' id='word_1_106' title='bbox 1623 1307 1728 1343; x_wconf 88' lang='lat' dir='ltr'>tan-</span> 
     </span>
     <span class='ocr_line' id='line_1_15' title="bbox 92 1373 1730 1431; baseline 0.001 -12"><span class='ocrx_word' id='word_1_107' title='bbox 92 1374 199 1419; x_wconf 87' lang='lat' dir='ltr'>dem</span> <span class='ocrx_word' id='word_1_108' title='bbox 225 1375 318 1419; x_wconf 89' lang='lat' dir='ltr'>hoc</span> <span class='ocrx_word' id='word_1_109' title='bbox 342 1373 519 1419; x_wconf 79' lang='lat' dir='ltr'>fuimus</span> <span class='ocrx_word' id='word_1_110' title='bbox 544 1374 590 1419; x_wconf 93' lang='lat' dir='ltr'>in</span> <span class='ocrx_word' id='word_1_111' title='bbox 617 1375 899 1431; x_wconf 78' lang='lat' dir='ltr'>labyrintho</span> <span class='ocrx_word' id='word_1_112' title='bbox 924 1384 976 1420; x_wconf 86' lang='lat' dir='ltr'>ut</span> <span class='ocrx_word' id='word_1_113' title='bbox 1000 1391 1061 1420; x_wconf 84' lang='lat' dir='ltr'>ex</span> <span class='ocrx_word' id='word_1_114' title='bbox 1087 1374 1314 1419; x_wconf 87' lang='lat' dir='ltr'>omnibus</span> <span class='ocrx_word' id='word_1_115' title='bbox 1345 1375 1441 1419; x_wconf 93' lang='lat' dir='ltr'>duo</span> <span class='ocrx_word' id='word_1_116' title='bbox 1477 1391 1730 1420; x_wconf 87' lang='lat' dir='ltr'>moreren-</span> 
     </span>
     <span class='ocr_line' id='line_1_16' title="bbox 93 1451 1728 1508; baseline 0.002 -13"><span class='ocrx_word' id='word_1_117' title='bbox 93 1462 187 1498; x_wconf 86' lang='lat' dir='ltr'>tur.</span> <span class='ocrx_word' id='word_1_118' title='bbox 217 1462 267 1497; x_wconf 89' lang='lat' dir='ltr'>ut</span> <span class='ocrx_word' id='word_1_119' title='bbox 293 1451 508 1496; x_wconf 90' lang='lat' dir='ltr'>Domino</span> <span class='ocrx_word' id='word_1_120' title='bbox 537 1452 735 1508; x_wconf 81' lang='lat' dir='ltr'>placuit.</span> <span class='ocrx_word' id='word_1_121' title='bbox 764 1453 844 1497; x_wconf 89' lang='lat' dir='ltr'>alii</span> <span class='ocrx_word' id='word_1_122' title='bbox 870 1452 1100 1497; x_wconf 88' lang='lat' dir='ltr'>diuturno</span> <span class='ocrx_word' id='word_1_123' title='bbox 1125 1452 1368 1508; x_wconf 87' lang='lat' dir='ltr'>grauique</span> <span class='ocrx_word' id='word_1_124' title='bbox 1394 1453 1569 1497; x_wconf 87' lang='lat' dir='ltr'>morbo</span> <span class='ocrx_word' id='word_1_125' title='bbox 1606 1468 1728 1508; x_wconf 88' lang='lat' dir='ltr'>pene</span> 
     </span>
     <span class='ocr_line' id='line_1_17' title="bbox 92 1528 1730 1586; baseline 0.001 -13"><span class='ocrx_word' id='word_1_126' title='bbox 92 1528 471 1574; x_wconf 85' lang='lat' dir='ltr'>conficerentur.</span> <span class='ocrx_word' id='word_1_127' title='bbox 500 1528 683 1574; x_wconf 86' lang='lat' dir='ltr'>Paulus</span> <span class='ocrx_word' id='word_1_128' title='bbox 704 1530 829 1575; x_wconf 90' lang='lat' dir='ltr'>enim</span> <span class='ocrx_word' id='word_1_129' title='bbox 855 1530 933 1586; x_wconf 90' lang='lat' dir='ltr'>qui</span> <span class='ocrx_word' id='word_1_130' title='bbox 959 1530 1206 1574; x_wconf 89' lang='lat' dir='ltr'>hebraeus</span> <span class='ocrx_word' id='word_1_131' title='bbox 1230 1529 1415 1584; x_wconf 75' lang='lat' dir='ltr'>fuerat,</span> <span class='ocrx_word' id='word_1_132' title='bbox 1442 1539 1490 1574; x_wconf 89' lang='lat' dir='ltr'>et</span> <span class='ocrx_word' id='word_1_133' title='bbox 1526 1529 1730 1575; x_wconf 84' lang='lat' dir='ltr'>Franci·</span> 
     </span>
     <span class='ocr_line' id='line_1_18' title="bbox 91 1605 1726 1663; baseline 0.001 -13"><span class='ocrx_word' id='word_1_134' title='bbox 91 1621 204 1651; x_wconf 87' lang='lat' dir='ltr'>scus</span> <span class='ocrx_word' id='word_1_135' title='bbox 238 1605 582 1659; x_wconf 87' lang='lat' dir='ltr'>Ferrariensis</span> <span class='ocrx_word' id='word_1_136' title='bbox 617 1606 951 1655; x_wconf 82' lang='lat' dir='ltr'>decesserunt,</span> <span class='ocrx_word' id='word_1_137' title='bbox 995 1607 1144 1651; x_wconf 91' lang='lat' dir='ltr'>ambo</span> <span class='ocrx_word' id='word_1_138' title='bbox 1190 1622 1283 1651; x_wconf 89' lang='lat' dir='ltr'>non</span> <span class='ocrx_word' id='word_1_139' title='bbox 1325 1606 1571 1663; x_wconf 86' lang='lat' dir='ltr'>pessimae</span> <span class='ocrx_word' id='word_1_140' title='bbox 1607 1608 1726 1663; x_wconf 91' lang='lat' dir='ltr'>spei,</span> 
     </span>
     <span class='ocr_line' id='line_1_19' title="bbox 91 1682 1728 1741; baseline 0.001 -13"><span class='ocrx_word' id='word_1_141' title='bbox 91 1683 305 1740; x_wconf 88' lang='lat' dir='ltr'>neophiti</span> <span class='ocrx_word' id='word_1_142' title='bbox 331 1684 494 1729; x_wconf 88' lang='lat' dir='ltr'>ambo.</span> <span class='ocrx_word' id='word_1_143' title='bbox 520 1682 675 1740; x_wconf 84' lang='lat' dir='ltr'>Quies</span> <span class='ocrx_word' id='word_1_144' title='bbox 699 1684 895 1729; x_wconf 89' lang='lat' dir='ltr'>illorum</span> <span class='ocrx_word' id='word_1_145' title='bbox 921 1684 1113 1729; x_wconf 89' lang='lat' dir='ltr'>animis.</span> <span class='ocrx_word' id='word_1_146' title='bbox 1151 1683 1346 1741; x_wconf 84' lang='lat' dir='ltr'>Reliqui</span> <span class='ocrx_word' id='word_1_147' title='bbox 1382 1684 1477 1729; x_wconf 91' lang='lat' dir='ltr'>iam</span> <span class='ocrx_word' id='word_1_148' title='bbox 1515 1684 1625 1729; x_wconf 88' lang='lat' dir='ltr'>Deo</span> <span class='ocrx_word' id='word_1_149' title='bbox 1657 1685 1728 1730; x_wconf 83' lang='lat' dir='ltr'>fa-</span> 
     </span>
     <span class='ocr_line' id='line_1_20' title="bbox 91 1760 1730 1817; baseline 0.002 -13"><span class='ocrx_word' id='word_1_150' title='bbox 91 1769 235 1805; x_wconf 91' lang='lat' dir='ltr'>uente</span> <span class='ocrx_word' id='word_1_151' title='bbox 272 1760 486 1805; x_wconf 88' lang='lat' dir='ltr'>recreati</span> <span class='ocrx_word' id='word_1_152' title='bbox 522 1762 901 1814; x_wconf 85' lang='lat' dir='ltr'>conualuerunt,</span> <span class='ocrx_word' id='word_1_153' title='bbox 939 1777 999 1806; x_wconf 91' lang='lat' dir='ltr'>ac</span> <span class='ocrx_word' id='word_1_154' title='bbox 1030 1761 1248 1817; x_wconf 89' lang='lat' dir='ltr'>perbelle</span> <span class='ocrx_word' id='word_1_155' title='bbox 1279 1761 1462 1806; x_wconf 89' lang='lat' dir='ltr'>ualent:</span> <span class='ocrx_word' id='word_1_156' title='bbox 1491 1761 1730 1817; x_wconf 88' lang='lat' dir='ltr'>patientia</span> 
     </span>
     <span class='ocr_line' id='line_1_21' title="bbox 90 1838 1727 1895; baseline 0.001 -13"><span class='ocrx_word' id='word_1_157' title='bbox 90 1847 255 1882; x_wconf 88' lang='lat' dir='ltr'>autem</span> <span class='ocrx_word' id='word_1_158' title='bbox 276 1848 323 1883; x_wconf 92' lang='lat' dir='ltr'>et</span> <span class='ocrx_word' id='word_1_159' title='bbox 349 1838 525 1883; x_wconf 84' lang='lat' dir='ltr'>lenitas</span> <span class='ocrx_word' id='word_1_160' title='bbox 550 1853 636 1883; x_wconf 91' lang='lat' dir='ltr'>eos</span> <span class='ocrx_word' id='word_1_161' title='bbox 661 1853 968 1895; x_wconf 85' lang='lat' dir='ltr'>magnopere</span> <span class='ocrx_word' id='word_1_162' title='bbox 993 1838 1423 1884; x_wconf 90' lang='lat' dir='ltr'>commendarunt.</span> <span class='ocrx_word' id='word_1_163' title='bbox 1452 1838 1627 1883; x_wconf 83' lang='lat' dir='ltr'>Patres</span> <span class='ocrx_word' id='word_1_164' title='bbox 1648 1839 1727 1895; x_wconf 90' lang='lat' dir='ltr'>qui</span> 
     </span>
     <span class='ocr_line' id='line_1_22' title="bbox 90 1915 1728 1972; baseline 0.002 -13"><span class='ocrx_word' id='word_1_165' title='bbox 90 1930 180 1960; x_wconf 84' lang='lat' dir='ltr'>nos</span> <span class='ocrx_word' id='word_1_166' title='bbox 204 1926 402 1972; x_wconf 84' lang='lat' dir='ltr'>regunt,</span> <span class='ocrx_word' id='word_1_167' title='bbox 430 1915 536 1960; x_wconf 89' lang='lat' dir='ltr'>sani</span> <span class='ocrx_word' id='word_1_168' title='bbox 561 1931 618 1960; x_wconf 88' lang='lat' dir='ltr'>ac</span> <span class='ocrx_word' id='word_1_169' title='bbox 645 1916 769 1961; x_wconf 87' lang='lat' dir='ltr'>salui</span> <span class='ocrx_word' id='word_1_170' title='bbox 795 1925 1080 1970; x_wconf 78' lang='lat' dir='ltr'>euaserunt3</span> <span class='ocrx_word' id='word_1_171' title='bbox 1109 1915 1238 1972; x_wconf 88' lang='lat' dir='ltr'>quod</span> <span class='ocrx_word' id='word_1_172' title='bbox 1263 1931 1357 1960; x_wconf 90' lang='lat' dir='ltr'>non</span> <span class='ocrx_word' id='word_1_173' title='bbox 1394 1916 1498 1962; x_wconf 92' lang='lat' dir='ltr'>sine</span> <span class='ocrx_word' id='word_1_174' title='bbox 1534 1916 1728 1962; x_wconf 87' lang='lat' dir='ltr'>numine</span> 
     </span>
     <span class='ocr_line' id='line_1_23' title="bbox 90 1992 1723 2049; baseline 0.001 -12"><span class='ocrx_word' id='word_1_175' title='bbox 90 1992 276 2037; x_wconf 84' lang='lat' dir='ltr'>factum</span> <span class='ocrx_word' id='word_1_176' title='bbox 320 2002 454 2049; x_wconf 85' lang='lat' dir='ltr'>puto.</span> <span class='ocrx_word' id='word_1_177' title='bbox 511 1992 710 2037; x_wconf 85' lang='lat' dir='ltr'>Interea</span> <span class='ocrx_word' id='word_1_178' title='bbox 756 2008 876 2037; x_wconf 91' lang='lat' dir='ltr'>uero</span> <span class='ocrx_word' id='word_1_179' title='bbox 921 1993 966 2037; x_wconf 89' lang='lat' dir='ltr'>in</span> <span class='ocrx_word' id='word_1_180' title='bbox 1013 2007 1270 2037; x_wconf 85' lang='lat' dir='ltr'>carcerem</span> <span class='ocrx_word' id='word_1_181' title='bbox 1317 1994 1723 2049; x_wconf 86' lang='lat' dir='ltr'>accersebamur,</span> 
     </span>
     <span class='ocr_line' id='line_1_24' title="bbox 89 2069 1726 2127; baseline 0.001 -13"><span class='ocrx_word' id='word_1_182' title='bbox 89 2069 386 2126; x_wconf 87' lang='lat' dir='ltr'>praesertim</span> <span class='ocrx_word' id='word_1_183' title='bbox 412 2071 474 2115; x_wconf 87' lang='lat' dir='ltr'>ab</span> <span class='ocrx_word' id='word_1_184' title='bbox 499 2070 896 2126; x_wconf 73' lang='lat' dir='ltr'>aegrotantibus,</span> <span class='ocrx_word' id='word_1_185' title='bbox 926 2082 974 2115; x_wconf 83' lang='lat' dir='ltr'>ut</span> <span class='ocrx_word' id='word_1_186' title='bbox 999 2069 1371 2121; x_wconf 82' lang='lat' dir='ltr'>confiterentur;</span> <span class='ocrx_word' id='word_1_187' title='bbox 1400 2071 1542 2126; x_wconf 89' lang='lat' dir='ltr'>idque</span> <span class='ocrx_word' id='word_1_188' title='bbox 1578 2087 1726 2127; x_wconf 91' lang='lat' dir='ltr'>quam</span> 
     </span>
     <span class='ocr_line' id='line_1_25' title="bbox 88 2146 392 2203; baseline 0 -11"><span class='ocrx_word' id='word_1_189' title='bbox 88 2146 392 2203; x_wconf 90' lang='lat' dir='ltr'>saepissime.</span> 
     </span>
    </p>

    <p class='ocr_par' dir='ltr' id='par_1_3' title="bbox 87 2223 1726 2579">
     <span class='ocr_line' id='line_1_26' title="bbox 148 2223 1725 2281; baseline 0.001 -12"><span class='ocrx_word' id='word_1_190' title='bbox 148 2223 189 2269; x_wconf 78' lang='lat'>2.</span> <span class='ocrx_word' id='word_1_191' title='bbox 256 2224 308 2268; x_wconf 85' lang='lat' dir='ltr'>In</span> <span class='ocrx_word' id='word_1_192' title='bbox 335 2224 630 2270; x_wconf 89' lang='lat' dir='ltr'>nosocomiis</span> <span class='ocrx_word' id='word_1_193' title='bbox 666 2225 802 2269; x_wconf 88' lang='lat' dir='ltr'>multi</span> <span class='ocrx_word' id='word_1_194' title='bbox 838 2225 1201 2270; x_wconf 90' lang='lat' dir='ltr'>hortationibus</span> <span class='ocrx_word' id='word_1_195' title='bbox 1232 2236 1518 2269; x_wconf 85' lang='lat' dir='ltr'>nostrorum</span> <span class='ocrx_word' id='word_1_196' title='bbox 1550 2241 1725 2281; x_wconf 86' lang='lat' dir='ltr'>propo-</span> 
     </span>
     <span class='ocr_line' id='line_1_27' title="bbox 89 2302 1726 2359; baseline 0.001 -13"><span class='ocrx_word' id='word_1_197' title='bbox 89 2312 292 2346; x_wconf 91' lang='lat' dir='ltr'>suerunt</span> <span class='ocrx_word' id='word_1_198' title='bbox 323 2311 458 2347; x_wconf 89' lang='lat' dir='ltr'>recte</span> <span class='ocrx_word' id='word_1_199' title='bbox 489 2302 676 2353; x_wconf 82' lang='lat' dir='ltr'>uiuere,</span> <span class='ocrx_word' id='word_1_200' title='bbox 716 2313 763 2347; x_wconf 87' lang='lat' dir='ltr'>et</span> <span class='ocrx_word' id='word_1_201' title='bbox 799 2302 917 2347; x_wconf 87' lang='lat' dir='ltr'>uitia</span> <span class='ocrx_word' id='word_1_202' title='bbox 951 2302 1201 2348; x_wconf 90' lang='lat' dir='ltr'>deserere.</span> <span class='ocrx_word' id='word_1_203' title='bbox 1243 2312 1359 2347; x_wconf 90' lang='lat' dir='ltr'>uota</span> <span class='ocrx_word' id='word_1_204' title='bbox 1392 2313 1639 2359; x_wconf 85' lang='lat' dir='ltr'>prestare,</span> <span class='ocrx_word' id='word_1_205' title='bbox 1676 2312 1726 2348; x_wconf 88' lang='lat' dir='ltr'>et</span> 
     </span>
     <span class='ocr_line' id='line_1_28' title="bbox 88 2378 1725 2436; baseline 0.001 -12"><span class='ocrx_word' id='word_1_206' title='bbox 88 2378 247 2424; x_wconf 88' lang='lat' dir='ltr'>Deum</span> <span class='ocrx_word' id='word_1_207' title='bbox 275 2395 362 2436; x_wconf 89' lang='lat' dir='ltr'>per</span> <span class='ocrx_word' id='word_1_208' title='bbox 386 2379 547 2424; x_wconf 90' lang='lat' dir='ltr'>omnia</span> <span class='ocrx_word' id='word_1_209' title='bbox 573 2380 817 2436; x_wconf 69' lang='lat' dir='ltr'>amplecti,</span> <span class='ocrx_word' id='word_1_210' title='bbox 846 2381 1125 2436; x_wconf 90' lang='lat' dir='ltr'>bonumque</span> <span class='ocrx_word' id='word_1_211' title='bbox 1150 2381 1429 2436; x_wconf 82' lang='lat' dir='ltr'>exemplum</span> <span class='ocrx_word' id='word_1_212' title='bbox 1461 2380 1725 2436; x_wconf 87' lang='lat' dir='ltr'>probitatis</span> 
     </span>
     <span class='ocr_line' id='line_1_29' title="bbox 89 2457 1722 2513; baseline 0.001 -13"><span class='ocrx_word' id='word_1_213' title='bbox 89 2457 251 2512; x_wconf 84' lang='lat' dir='ltr'>reipsa</span> <span class='ocrx_word' id='word_1_214' title='bbox 276 2457 534 2512; x_wconf 82' lang='lat' dir='ltr'>praebent;</span> <span class='ocrx_word' id='word_1_215' title='bbox 563 2457 672 2501; x_wconf 88' lang='lat' dir='ltr'>ideo</span> <span class='ocrx_word' id='word_1_216' title='bbox 697 2467 884 2513; x_wconf 87' lang='lat' dir='ltr'>optant,</span> <span class='ocrx_word' id='word_1_217' title='bbox 913 2466 1182 2513; x_wconf 88' lang='lat' dir='ltr'>petuntque</span> <span class='ocrx_word' id='word_1_218' title='bbox 1208 2466 1406 2501; x_wconf 86' lang='lat' dir='ltr'>nostros</span> <span class='ocrx_word' id='word_1_219' title='bbox 1440 2457 1500 2501; x_wconf 91' lang='lat' dir='ltr'>ad</span> <span class='ocrx_word' id='word_1_220' title='bbox 1537 2472 1589 2502; x_wconf 91' lang='lat' dir='ltr'>se</span> <span class='ocrx_word' id='word_1_221' title='bbox 1623 2472 1722 2502; x_wconf 90' lang='lat' dir='ltr'>ac·-</span> 
     </span>
     <span class='ocr_line' id='line_1_30' title="bbox 87 2535 281 2579; baseline -0.005 0"><span class='ocrx_word' id='word_1_222' title='bbox 87 2535 281 2579; x_wconf 89' lang='lat' dir='ltr'>cedere.</span> 
     </span>
    </p>

    <p class='ocr_par' dir='ltr' id='par_1_4' title="bbox 74 2610 1722 2976">
     <span class='ocr_line' id='line_1_31' title="bbox 144 2610 1722 2667; baseline 0.002 -13"><span class='ocrx_word' id='word_1_223' title='bbox 144 2611 187 2655; x_wconf 61' lang='grc' dir='ltr'>Ρ).</span> <span class='ocrx_word' id='word_1_224' title='bbox 256 2610 666 2656; x_wconf 76' lang='lat' dir='ltr'>Confessionibus</span> <span class='ocrx_word' id='word_1_225' title='bbox 690 2611 882 2662; x_wconf 85' lang='lat' dir='ltr'>Patres,</span> <span class='ocrx_word' id='word_1_226' title='bbox 910 2612 1120 2667; x_wconf 87' lang='lat' dir='ltr'>quanuis</span> <span class='ocrx_word' id='word_1_227' title='bbox 1154 2611 1282 2656; x_wconf 76' lang='lat' dir='ltr'>intus</span> <span class='ocrx_word' id='word_1_228' title='bbox 1314 2611 1722 2667; x_wconf 87' lang='lat' dir='ltr'>occupationibus</span> 
     </span>
     <span class='ocr_line' id='line_1_32' title="bbox 87 2688 1722 2744; baseline 0.002 -13"><span class='ocrx_word' id='word_1_229' title='bbox 87 2701 405 2744; x_wconf 85' lang='lat' dir='ltr'>urgerentur,</span> <span class='ocrx_word' id='word_1_230' title='bbox 434 2688 657 2733; x_wconf 90' lang='lat' dir='ltr'>sedulam</span> <span class='ocrx_word' id='word_1_231' title='bbox 682 2703 888 2744; x_wconf 89' lang='lat' dir='ltr'>operam</span> <span class='ocrx_word' id='word_1_232' title='bbox 912 2699 1176 2732; x_wconf 84' lang='lat' dir='ltr'>nauarunt.</span> <span class='ocrx_word' id='word_1_233' title='bbox 1209 2688 1345 2733; x_wconf 75' lang='lat' dir='ltr'>Multi</span> <span class='ocrx_word' id='word_1_234' title='bbox 1370 2688 1586 2733; x_wconf 79' lang='lat' dir='ltr'>confessi</span> <span class='ocrx_word' id='word_1_235' title='bbox 1611 2703 1722 2734; x_wconf 89' lang='lat' dir='ltr'>sunt</span> 
     </span>
     <span class='ocr_line' id='line_1_33' title="bbox 86 2764 1719 2822; baseline 0.001 -13"><span class='ocrx_word' id='word_1_236' title='bbox 86 2764 266 2821; x_wconf 87' lang='lat' dir='ltr'>grauia</span> <span class='ocrx_word' id='word_1_237' title='bbox 290 2773 515 2821; x_wconf 87' lang='lat' dir='ltr'>peccata,</span> <span class='ocrx_word' id='word_1_238' title='bbox 542 2781 670 2821; x_wconf 90' lang='lat' dir='ltr'>quae</span> <span class='ocrx_word' id='word_1_239' title='bbox 694 2781 815 2821; x_wconf 89' lang='lat' dir='ltr'>prae</span> <span class='ocrx_word' id='word_1_240' title='bbox 838 2765 1028 2821; x_wconf 91' lang='lat' dir='ltr'>pudore</span> <span class='ocrx_word' id='word_1_241' title='bbox 1052 2764 1235 2810; x_wconf 92' lang='lat' dir='ltr'>iamdiu</span> <span class='ocrx_word' id='word_1_242' title='bbox 1261 2771 1540 2811; x_wconf 89' lang='lat' dir='ltr'>tacuerant.</span> <span class='ocrx_word' id='word_1_243' title='bbox 1577 2764 1719 2822; x_wconf 77' lang='lat' dir='ltr'>[Sub-</span> 
     </span>
     <span class='ocr_line' id='line_1_34' title="bbox 74 2842 1719 2900; baseline 0.001 -13"><span class='ocrx_word' id='word_1_244' title='bbox 74 2842 339 2899; x_wconf 71' lang='lat' dir='ltr'>jicimztur</span> <span class='ocrx_word' id='word_1_245' title='bbox 361 2843 601 2899; x_wconf 73' lang='lat' dir='ltr'>exempla</span> <span class='ocrx_word' id='word_1_246' title='bbox 624 2842 920 2900; x_wconf 37' lang='lat' dir='ltr'>quaedam}</span> <span class='ocrx_word' id='word_1_247' title='bbox 952 2843 1049 2887; x_wconf 73' lang='lat' dir='ltr'>Vni</span> <span class='ocrx_word' id='word_1_248' title='bbox 1075 2858 1136 2887; x_wconf 79' lang='lat' dir='ltr'>ex</span> <span class='ocrx_word' id='word_1_249' title='bbox 1163 2842 1396 2888; x_wconf 85' lang='lat' dir='ltr'>Patribus</span> <span class='ocrx_word' id='word_1_250' title='bbox 1415 2843 1613 2888; x_wconf 88' lang='lat' dir='ltr'>domum</span> <span class='ocrx_word' id='word_1_251' title='bbox 1639 2859 1719 2889; x_wconf 89' lang='lat' dir='ltr'>cu·</span> 
     </span>
     <span class='ocr_line' id='line_1_35' title="bbox 87 2919 1721 2976; baseline 0.002 -12"><span class='ocrx_word' id='word_1_252' title='bbox 87 2919 294 2973; x_wconf 86' lang='lat' dir='ltr'>iusdam,</span> <span class='ocrx_word' id='word_1_253' title='bbox 322 2920 402 2965; x_wconf 90' lang='lat' dir='ltr'>ubi</span> <span class='ocrx_word' id='word_1_254' title='bbox 427 2921 722 2965; x_wconf 89' lang='lat' dir='ltr'>meretrices</span> <span class='ocrx_word' id='word_1_255' title='bbox 746 2920 875 2965; x_wconf 80' lang='lat' dir='ltr'>forte</span> <span class='ocrx_word' id='word_1_256' title='bbox 899 2920 1209 2971; x_wconf 78' lang='lat' dir='ltr'>habitabant,</span> <span class='ocrx_word' id='word_1_257' title='bbox 1233 2920 1460 2976; x_wconf 78' lang='lat' dir='ltr'>profecto</span> <span class='ocrx_word' id='word_1_258' title='bbox 1481 2920 1502 2941; x_wconf 65' lang='lat' dir='ltr'>a</span> <span class='ocrx_word' id='word_1_259' title='bbox 1520 2921 1721 2967; x_wconf 91' lang='lat' dir='ltr'>audien-</span> 
     </span>
    </p>
   </div>
   <div class='ocr_carea' id='block_1_3' title="bbox 132 3081 641 3128">
    <p class='ocr_par' dir='ltr' id='par_1_5' title="bbox 132 3081 641 3128">
     <span class='ocr_line' id='line_1_36' title="bbox 132 3081 641 3128; baseline -0.002 -10"><span class='ocrx_word' id='word_1_260' title='bbox 132 3081 151 3100; x_wconf 73' lang='lat'><em>²</em></span> <span class='ocrx_word' id='word_1_261' title='bbox 203 3081 337 3118; x_wconf 73' lang='lat' dir='ltr'>Prius</span> <span class='ocrx_word' id='word_1_262' title='bbox 356 3081 641 3128; x_wconf 81' lang='lat' dir='ltr'>proficiscenti.</span> 
     </span>
    </p>
   </div>
  </div>
 </body>
</html>
