2051 3516
498 278 733 316 3.——E130RA
760 278 803 315 31
832 278 1076 318 DECEMBms
1105 278 1196 314 1556
1591 276 1613 312 7

77 376 154 422 7..
199 375 336 420 Multi
361 374 614 420 discordes
646 389 732 431 per
765 388 850 419 eos
883 372 946 418 ad
980 372 1301 418 concordiam
1335 371 1658 417 reducuntur:

28 453 141 498 lites
165 452 292 498 inter
315 452 552 508 coniuges
575 459 890 508 componunt:
919 449 1027 495 aliis
1046 448 1223 503 studio,
1245 447 1449 494 consilio
1469 447 1659 493 fauent:

31 521 104 576 tot
137 530 384 586 tantisque
417 528 627 585 denique
655 526 1022 574 calamitatibus
1046 534 1360 581 succurrunt,
1387 533 1441 570 vt
1464 524 1556 570 hoc
1579 539 1662 570 no·

33 616 190 653 strum
214 606 477 662 collegium
502 604 1109 662 profugiummiserorum
1133 611 1418 649 censeatur.

61 716 63 719 -
89 684 134 732 8.
199 683 375 730 Studia
398 684 544 729 solita
568 682 824 736 orationis,
863 681 1175 728 obedientiae
1209 689 1258 726 et
1292 678 1518 725 literaria
1550 687 1663 724 sunt

33 761 254 816 assidua,
312 760 724 818 quemadmodum
778 759 1017 805 hactenus
1067 758 1288 809 fuerunt,
1341 772 1447 803 cum
1494 764 1663 801 mutuo

33 853 205 884 amore
228 838 472 884 fraterno:
500 853 589 895 pro
619 836 794 895 quibus
828 845 976 894 atque
1011 835 1119 881 aliis
1151 834 1379 880 maximis
1414 831 1665 880 beneficiis

32 916 80 961 in
112 931 201 960 nos
235 915 444 968 collatiS‚
481 914 606 970 Deo,
643 929 672 959 a
707 929 803 970 quo
837 913 1000 959 omnia
1034 911 1433 969 proficiscuntur,
1467 911 1664 968 agimus

32 992 228 1050 gratias
267 991 524 1037 maximas.
563 990 712 1036 Faxit
745 990 840 1043 ille,
874 1005 964 1047 pro
998 1005 1089 1035 sua
1129 989 1371 1046 singulari
1410 1003 1537 1045 erga
1575 1003 1665 1033 nos

33 1069 318 1124 clementia,
360 1077 429 1123 vt,
471 1083 598 1126 quae
637 1068 738 1124 ipse
778 1068 900 1117 vult,
943 1082 1328 1124 cognoscamus,
1366 1065 1665 1122 cognitaque

35 1156 361 1204 praestemus.
389 1145 537 1191 Vale.
566 1144 795 1191 Gandiae
819 1144 966 1190 tertio
991 1144 1097 1189 idus
1121 1142 1445 1200 Septembris.

124 1224 399 1281 Inscriptio
423 1224 530 1268 alia
554 1237 730 1268 manu.
767 1226 792 1275 ἢ
825 1221 890 1267 ΑΙ
920 1237 1034 1278 muy
1064 1221 1192 1266 Rdo.
1226 1220 1390 1266 Padre
1424 1221 1469 1265 el
1503 1219 1667 1265 Padre

35 1311 256 1347 maestro
281 1302 501 1359 Laynez,
528 1300 717 1346 vicario
743 1299 950 1356 general
974 1299 1033 1344 de
1058 1299 1105 1344 la
1125 1297 1402 1354 Compafn'a
1421 1297 1481 1342 de
1500 1297 1664 1357 Jesus.

38 1377 218 1423 Roma.

840 1505 874 1555 3

455 1593 886 1641 FRANCISCUS
921 1592 1251 1640 MORALES

529 1700 670 1727 EssoRA
695 1690 737 1726 31
767 1699 999 1726 DECEMBms
1029 1689 1118 1725 1550
1147 1690 1170 1725 ¹.

38 1807 70 1845 1.
99 1805 151 1842 Ρ.
173 1805 258 1842 Leo
278 1805 494 1852 Euriques
513 1804 903 1849 collegio-eborensi
922 1802 1310 1849 praeficitur-P.
1341 1802 1520 1839 Marcus
1548 1801 1669 1838 Geor-

105 1867 207 1911 gius
225 1865 544 1902 Com'mbricam
566 1862 830 1900 missus—2.
860 1863 967 1899 Post
980 1864 1231 1899 vacationes
1245 1861 1496 1899 studiorum
1514 1871 1672 1897 cursus

110 1924 732 1969 inchoatur.—Pmeceptores
763 1934 817 1959 va
828 1924 994 1959 riarum
1017 1922 1295 1968 facultatum
1329 1924 1619 1959 recensentur.
1636 1941 1667 1945 ψ

108 1984 188 2021 5-5.
219 1984 405 2021 Fructus
436 1994 486 2020 ex
512 1983 673 2020 stzftdiz's
701 1983 951 2019 litterarum
965 1981 1259 2028 percepta-6.
1285 1981 1538 2019 Cardinalis
1552 1981 1670 2018 Hen-

111 2045 193 2080 rici
204 2054 305 2089 erga
322 2043 576 2080 Societatem
593 2052 721 2079 amor
734 2045 772 2078 et
790 2035 1232 2078 benevolentia—‘¹22
1264 2041 1399 2078 Sacra
1421 2042 1668 2077 ministeria

102 2103 333 2149 fructuose
367 2101 753 2139 exercentur—10.
790 2102 1012 2147 Rellgz'osa
1048 2103 1138 2138 >vita
1175 2106 1213 2138 et
1245 2102 1499 2147 regzstlarum
1535 2100 1671 2136 obser-

111 2164 264 2200 vantia
285 2164 329 2199 iu
348 2164 476 2199 sociis
496 2162 951 2208 1711‘1‘4‘l1'cefloret.—-ll.
982 2162 1132 2199 Novae
1140 2161 1346 2207 fabricae
1364 2160 1564 2207 aedzficio
1592 2161 1671 2197 col-

112 2223 214 2268 legii
229 2222 454 2259 accedunt.

105 2320 143 2365 1.
209 2323 234 2370 †
267 2318 426 2378 Jesus.
454 2317 886 2363 Reuerendissime
906 2316 1072 2363 Pater.
1096 2317 1170 2363 Ea
1195 2333 1320 2374 quae
1350 2317 1422 2362 his
1458 2326 1671 2373 quatuor

41 2396 288 2441 mensibus
326 2395 489 2441 diuina
528 2395 747 2440 bonitate
786 2395 915 2451 apud
954 2410 1043 2440 nos
1081 2404 1226 2452 gesta
1258 2405 1385 2451 sunt,
1424 2395 1586 2439 Pater
1618 2394 1669 2439 in

45 2472 244 2518 Christo
276 2472 586 2524 uenerande,
614 2481 665 2517 ut
698 2486 802 2517 mos
821 2481 910 2527 est,
938 2471 1157 2518 breuiter
1181 2472 1254 2517 his
1272 2471 1427 2516 literis
1458 2486 1670 2524 expone-

42 2565 164 2595 mus.
212 2549 265 2594 In
309 2549 475 2605 primis
520 2548 686 2606 igitur,
734 2558 786 2594 ut
835 2549 1070 2605 temporis
1115 2549 1338 2594 ordinem
1383 2563 1666 2604 sequamur,

45 2626 198 2672 Pater
231 2626 336 2671 Leo
362 2627 376 2650 2
401 2626 463 2671 ad
486 2641 575 2671 nos
600 2626 732 2671 uenit
757 2642 923 2672 mense
947 2626 1244 2683 Septembri,
1282 2642 1310 2671 a
1345 2626 1495 2670 Patre
1530 2641 1670 2682 prae-

46 2703 206 2760 posito
242 2704 256 2727 3
291 2703 483 2756 missus,
530 2712 633 2749 tum
673 2714 725 2749 ut
765 2713 932 2749 rector
966 2714 1110 2756 esset,
1154 2713 1254 2748 tum
1289 2703 1438 2748 etiam
1473 2712 1525 2748 ut
1558 2718 1671 2748 con-

95 2863 104 2907 ¹,
157 2861 218 2898 Ex
236 2862 487 2908 autographo
506 2861 546 2897 in
565 2861 700 2897 codice
720 2861 823 2898 Lus.
846 2862 910 2905 51,
931 2861 972 2897 ff.
998 2862 1115 2901 13-12‘2
1140 2862 1248 2906 prius
1272 2874 1365 2908 pag.
1392 2861 1513 2899 94-96.
1543 2862 1672 2900 Aliud

49 2921 277 2967 exemplum
296 2921 466 2957 latinum
485 2921 690 2957 invenitur
709 2921 748 2956 in
776 2920 816 2957 ff.
851 2921 966 2957 15-16.
990 2920 1076 2956 Hac
1103 2921 1272 2966 epistola
1300 2933 1395 2958 usus
1423 2926 1483 2958 est
1510 2922 1674 2959 POLAN-

49 2989 121 3015 cus
140 2979 180 3015 in
203 2980 370 3023 Clzron„
391 2979 464 3020 VI.
487 2979 566 3016 730.

96 3039 109 3058 ‘³
159 3038 203 3076 P.
222 3038 308 3076 Leo
328 3039 542 3086 Enriques.

96 3098 108 3117 ³
160 3097 381 3134 Lusitanae
401 3098 632 3144 provinciae
652 3098 903 3144 praepositus
919 3104 1005 3133 erat
1025 3097 1069 3133 P.
1092 3097 1268 3135 Michael
1289 3098 1528 3137 Turrianus.
