2051 3516
575 283 873 323 71⁷3.——COLON1A
906 285 947 321 14
970 285 1081 331 limi
1111 285 1199 320 1537
1611 284 1680 321 299

157 382 200 428 0.
267 382 332 427 M.
361 381 607 427 Henricus
634 384 645 406 ¹
673 391 840 427 autem
864 396 954 438 pro
978 380 1150 426 eadem
1183 381 1492 436 promotione
1528 396 1728 437 respon·

99 459 230 505 debit
254 459 312 504 de
345 459 642 515 purgatorio
677 459 728 503 17
763 457 951 504 calend.
987 457 1219 513 Augusti.
1257 456 1483 501 Psalmos
1518 455 1639 513 pene
1674 457 1730 502 40

101 535 360 593 praelegit.
388 535 549 592 coepit
573 551 694 581 uero
719 550 846 580 nunc
877 534 1135 591 epistolam
1164 535 1182 578 1
1209 533 1260 579 S.
1288 533 1439 590 Petri,
1468 534 1581 590 quia
1612 544 1729 578 tem-

99 628 190 669 pus
213 612 537 669 promotionis
561 612 779 658 instabat
803 612 937 668 (ante
968 626 1114 668 quam
1148 611 1412 656 absoluere
1447 620 1644 666 oportet
1684 620 1731 656 et

99 689 225 734 Noui
250 689 560 734 Testamenti
588 689 802 745 librum),
829 688 1080 734 rediturus
1104 697 1215 745 post
1238 688 1299 733 ad
1326 687 1638 733 psalterium.

162 766 229 811 10.
296 764 516 822 Singulis
540 766 828 823 septimanis
853 775 1068 822 quatuor
1091 781 1154 810 ex
1178 765 1389 822 collegio
1409 774 1580 811 nostro
1600 765 1731 810 theo-

100 843 273 899 logicis
311 842 557 888 intersunt
588 843 1018 900 disputationibus:
1057 852 1173 899 quot
1208 858 1270 888 ex
1304 843 1435 887 nullo
1471 843 1732 898 gymnasio

100 921 316 965 lectores
340 919 644 976 disputatum
670 920 887 965 ueniunt.
915 919 1088 976 Quare
1112 919 1328 975 theologi
1365 928 1413 964 et
1448 919 1636 964 caeteri
1672 920 1734 963 oh

98 996 144 1042 id
168 1011 258 1041 nos
282 1006 467 1042 amant.
498 996 668 1042 Vnum
692 997 769 1042 hic
793 997 1039 1048 adiiciam,
1068 996 1197 1052 quod
1222 996 1314 1041 Dei
1350 1012 1574 1041 amorem
1610 1012 1735 1053 erga

100 1072 403 1119 Societatem
430 1073 670 1119 declarat.
696 1074 1029 1131 Quantumuis
1054 1074 1120 1119 M.
1148 1073 1395 1118 Henricus
1416 1086 1461 1118 et
1487 1073 1550 1118 M.
1579 1074 1733 1118 Fran-

100 1151 260 1196 ciscus
284 1160 473 1196 tantum
499 1152 576 1196 hic
602 1152 882 1197 habeantur
907 1150 1182 1197 bacalaurii
1224 1153 1255 1200 a„
1284 1162 1447 1196 tamen
1478 1152 1622 1207 longe
1652 1166 1734 1195 nu-

102 1227 344 1273 merosius
369 1228 669 1273 auditorium
695 1241 935 1285 perpetuo
960 1229 1144 1273 habent
1168 1243 1314 1284 quam
1339 1228 1576 1273 ordinarii
1602 1228 1734 1272 theo-

102 1304 266 1361 logiae
291 1304 619 1361 professores.
649 1305 743 1362 Qui
779 1305 871 1350 uiri
906 1315 1018 1350 sunt
1053 1304 1320 1350 doctissimi
1356 1316 1402 1350 et
1437 1305 1562 1349 tales
1597 1314 1736 1350 certo

103 1383 274 1438 quales
298 1382 389 1427 hoc
416 1383 636 1427 seculum
661 1382 977 1438 professores
1001 1382 1270 1430 desiderat.
1310 1383 1402 1427 hoc
1437 1391 1511 1427 est
1546 1382 1735 1439 lingua-

101 1474 209 1503 rum
240 1468 288 1504 et
321 1459 658 1516 philosophiae
692 1459 992 1515 peritissimi,
1031 1469 1083 1504 vt
1118 1459 1252 1505 libris
1286 1459 1528 1505 hactenus
1562 1458 1737 1504 aeditis

102 1537 228 1581 alter
253 1552 425 1581 eorum
455 1536 575 1581 satis
610 1537 889 1582 declarauit
993 1535 1092 1582 Sed
1127 1536 1265 1582 Deus
1300 1535 1605 1582 Societatem
1642 1551 1734 1581 non

104 1613 304 1658 deserit.

166 1690 232 1735 11.
299 1689 563 1746 Pergimus
588 1691 633 1735 in
659 1691 984 1737 concionibus
1008 1691 1072 1736 M.
1101 1690 1349 1736 Heni-icus
1368 1700 1416 1736 et
1435 1706 1548 1747 ego.
1571 1690 1739 1747 Auge-

101 1777 183 1812 tur
227 1782 461 1812 numerus
500 1766 854 1813 confitentium:
898 1778 1175 1825 augeretur
1214 1769 1431 1813 fortasse
1476 1768 1655 1824 magis,
1697 1766 1737 1812 si

102 1845 288 1890 multae
312 1844 495 1890 similes
521 1854 686 1890 essent
712 1845 857 1891 uxori
883 1846 1010 1891 illius
1033 1846 1298 1897 senatoris,
1336 1846 1395 1891 de
1426 1862 1520 1902 quo
1556 1846 1601 1890 in
1638 1845 1737 1890 lite-

103 1923 172 1968 ris
210 1922 661 1979 quadrimestribus
691 1924 721 1967 ³.
758 1923 848 1969 Illa
883 1924 1010 1969 enim
1045 1923 1334 1980 frequenter
1368 1924 1430 1969 ad
1465 1923 1735 1968 confessio-

101 2016 213 2046 nem
238 2000 385 2046 mittit
404 2000 549 2055 filios,
569 2000 770 2046 adducit
790 2000 954 2051 filiam,
979 2001 1140 2058 coepit
1159 2011 1208 2047 et
1226 2002 1416 2047 uicinas
1436 2001 1499 2046 ad
1520 2001 1584 2046 M.
1609 2000 1739 2045 Hen-

102 2077 259 2122 ricum
292 2076 619 2123 confessionis
655 2078 824 2134 gratia
860 2079 1124 2124 deducere.
1162 2078 1213 2123 In
1249 2078 1378 2124 festo
1414 2079 1737 2123 Pentecostes

101 2163 202 2200 tam
224 2155 361 2200 multi
386 2155 598 2200 confessi
624 2168 750 2208 sunt,
781 2166 832 2201 vt
858 2172 944 2212 per
968 2166 1071 2201 tres
1098 2172 1220 2213 pene
1245 2156 1349 2201 dies
1374 2156 1439 2201 M.
1467 2155 1737 2201 Henricum

101 2242 149 2278 et
173 2233 237 2278 M.
264 2233 595 2278 Franciscum
620 2244 891 2289 occupatos
916 2235 1179 2280 tenuerint.
1209 2234 1576 2291 Discipulorurn
1597 2249 1738 2290 prae-

102 2320 243 2356 terea
266 2321 367 2356 tam
391 2311 530 2356 multi
555 2311 601 2356 in
621 2312 918 2368 parrrochia
938 2324 1109 2357 nostra
1129 2322 1509 2358 sacrosanctam
1529 2312 1739 2368 synaxin

103 2397 437 2444 sumpserunt,
475 2397 527 2434 ut
560 2389 707 2434 unica
741 2389 866 2434 haec
899 2389 1070 2434 schola
1108 2399 1264 2435 totam
1304 2390 1411 2435 fere
1450 2389 1738 2445 parochiam

103 2466 515 2511 communicando
542 2467 922 2523 adaequauerit.
950 2467 1095 2523 Nam,
1123 2483 1214 2524 pro
1239 2468 1398 2512 dolor!
1427 2467 1488 2511 ad
1523 2482 1739 2511 commu-

107 2543 302 2589 nionem
327 2543 469 2588 nimis
493 2544 625 2589 tardi
660 2554 771 2589 sunt
806 2544 1140 2601 parrochiani.
1180 2544 1623 2590 Communicarunt
1657 2543 1739 2589 ibi-

152 2711 171 2730 a
222 2711 451 2748 baculaurii
474 2722 552 2748 ms.

155 2858 163 2876 ¹
218 2856 422 2893 Henricus
442 2856 677 2904 Dionysius.

153 2916 165 2935 ²
217 2915 419 2954 Alludere
440 2917 602 2954 videtur
620 2918 670 2954 ad
690 2917 890 2964 Joannem
910 2917 1124 2955 Slotanurn
1152 2917 1405 2959 Geflensem,
1435 2916 1483 2953 O.
1513 2916 1557 2953 P,
1589 2918 1740 2953 theolo-

107 2975 199 3021 giae
219 2975 502 3022 professorem,
524 2982 564 3013 et
582 2977 761 3013 nobilem
781 2977 1019 3024 scriptorem
1052 2977 1176 3013 Alter
1191 2976 1420 3022 theologiae
1437 2975 1639 3022 professor
1654 2983 1741 3012 erat

108 3033 315 3071 Henricus
334 3048 357 3071 a
376 3034 596 3083 Tongeris.
625 3035 688 3073 Cf.
711 3036 902 3080 HANSEN,
924 3036 1189 3073 Rlzel'm‘sclze
1206 3035 1407 3073 Aleten...
1428 3034 1596 3072 275-276.

155 3094 168 3113 ⁸
220 3093 327 3131 Vide
348 3107 483 3142 supra,
505 3108 599 3142 pag.
616 3085 702 3132 ¹232.
