<?xml version="1.0" encoding="UTF-8"?>
<!DOCTYPE html PUBLIC "-//W3C//DTD XHTML 1.0 Transitional//EN"
    "http://www.w3.org/TR/xhtml1/DTD/xhtml1-transitional.dtd">
<html xmlns="http://www.w3.org/1999/xhtml" xml:lang="en" lang="en">
 <head>
  <title>
</title>
<meta http-equiv="Content-Type" content="text/html;charset=utf-8" />
  <meta name='ocr-system' content='tesseract 3.04.00' />
  <meta name='ocr-capabilities' content='ocr_page ocr_carea ocr_par ocr_line ocrx_word'/>
</head>
<body>
  <div class='ocr_page' id='page_1' title='image "./litteraequadrime17lain_0765.png"; bbox 0 0 2051 3516; ppageno 0'>
   <div class='ocr_carea' id='block_1_1' title="bbox 648 307 1712 358">
    <p class='ocr_par' dir='ltr' id='par_1_1' title="bbox 648 307 1712 358">
     <span class='ocr_line' id='line_1_1' title="bbox 648 307 1712 358; baseline -0.006 -9"><span class='ocrx_word' id='word_1_1' title='bbox 648 312 946 350; x_wconf 67' lang='lat' dir='ltr'>178.—B1v0NA</span> <span class='ocrx_word' id='word_1_2' title='bbox 976 312 990 347; x_wconf 83' lang='lat'>1</span> <span class='ocrx_word' id='word_1_3' title='bbox 1017 311 1126 358; x_wconf 73' lang='lat' dir='ltr'>JULII</span> <span class='ocrx_word' id='word_1_4' title='bbox 1156 311 1245 347; x_wconf 72' lang='lat'><strong>1558</strong></span> <span class='ocrx_word' id='word_1_5' title='bbox 1642 307 1712 344; x_wconf 81' lang='lat'><strong>729</strong></span> 
     </span>
    </p>
   </div>
   <div class='ocr_carea' id='block_1_2' title="bbox 82 398 1813 2865">
    <p class='ocr_par' dir='ltr' id='par_1_2' title="bbox 82 398 1762 1082">
     <span class='ocr_line' id='line_1_2' title="bbox 82 398 1760 462; baseline -0.003 -8"><span class='ocrx_word' id='word_1_6' title='bbox 82 398 86 403; x_wconf 44' lang='grc'>’</span> <span class='ocrx_word' id='word_1_7' title='bbox 127 424 385 455; x_wconf 74' lang='lat' dir='ltr'>carcerem</span> <span class='ocrx_word' id='word_1_8' title='bbox 425 409 825 455; x_wconf 68' lang='lat' dir='ltr'><strong>detruderentur.</strong></span> <span class='ocrx_word' id='word_1_9' title='bbox 866 407 1066 452; x_wconf 91' lang='lat' dir='ltr'><strong>Illorum</strong></span> <span class='ocrx_word' id='word_1_10' title='bbox 1107 418 1271 452; x_wconf 90' lang='lat' dir='ltr'><strong>tamen</strong></span> <span class='ocrx_word' id='word_1_11' title='bbox 1311 405 1533 462; x_wconf 79' lang='lat' dir='ltr'><strong>plerique</strong></span> <span class='ocrx_word' id='word_1_12' title='bbox 1572 404 1632 449; x_wconf 86' lang='lat' dir='ltr'><strong>ad</strong></span> <span class='ocrx_word' id='word_1_13' title='bbox 1671 419 1760 449; x_wconf 87' lang='lat' dir='ltr'><strong>nos</strong></span> 
     </span>
     <span class='ocr_line' id='line_1_3' title="bbox 128 481 1759 543; baseline -0.003 -12"><span class='ocrx_word' id='word_1_14' title='bbox 128 494 385 531; x_wconf 75' lang='lat' dir='ltr'><strong>venerunt.</strong></span> <span class='ocrx_word' id='word_1_15' title='bbox 418 485 740 543; x_wconf 80' lang='lat' dir='ltr'><strong>Quapropter</strong></span> <span class='ocrx_word' id='word_1_16' title='bbox 759 486 918 531; x_wconf 88' lang='lat' dir='ltr'><strong>altera</strong></span> <span class='ocrx_word' id='word_1_17' title='bbox 940 483 1134 540; x_wconf 87' lang='lat' dir='ltr'><strong>quidem</strong></span> <span class='ocrx_word' id='word_1_18' title='bbox 1156 499 1217 528; x_wconf 82' lang='lat' dir='ltr'><strong>ex</strong></span> <span class='ocrx_word' id='word_1_19' title='bbox 1242 492 1384 539; x_wconf 87' lang='lat' dir='ltr'><strong>parte</strong></span> <span class='ocrx_word' id='word_1_20' title='bbox 1405 497 1499 527; x_wconf 86' lang='lat' dir='ltr'><strong>non</strong></span> <span class='ocrx_word' id='word_1_21' title='bbox 1525 481 1759 526; x_wconf 89' lang='lat' dir='ltr'><strong>mediocri</strong></span> 
     </span>
     <span class='ocr_line' id='line_1_4' title="bbox 127 558 1760 619; baseline -0.003 -11"><span class='ocrx_word' id='word_1_22' title='bbox 127 562 317 610; x_wconf 85' lang='lat' dir='ltr'><strong>laetitia</strong></span> <span class='ocrx_word' id='word_1_23' title='bbox 341 565 361 583; x_wconf 70' lang='lat'><strong>²²</strong></span> <span class='ocrx_word' id='word_1_24' title='bbox 384 561 555 608; x_wconf 86' lang='lat' dir='ltr'><strong>affecti</strong></span> <span class='ocrx_word' id='word_1_25' title='bbox 580 578 763 619; x_wconf 88' lang='lat' dir='ltr'><strong>sumus,</strong></span> <span class='ocrx_word' id='word_1_26' title='bbox 790 577 902 608; x_wconf 92' lang='lat' dir='ltr'><strong>cum</strong></span> <span class='ocrx_word' id='word_1_27' title='bbox 921 565 1005 617; x_wconf 80' lang='lat' dir='ltr'><strong>tot,</strong></span> <span class='ocrx_word' id='word_1_28' title='bbox 1028 568 1101 605; x_wconf 86' lang='lat' dir='ltr'><strong>tot</strong></span> <span class='ocrx_word' id='word_1_29' title='bbox 1119 575 1291 613; x_wconf 79' lang='lat' dir='ltr'><strong>annOS,</strong></span> <span class='ocrx_word' id='word_1_30' title='bbox 1315 560 1359 604; x_wconf 89' lang='lat' dir='ltr'><strong>in</strong></span> <span class='ocrx_word' id='word_1_31' title='bbox 1379 568 1452 605; x_wconf 90' lang='lat' dir='ltr'><strong>tot</strong></span> <span class='ocrx_word' id='word_1_32' title='bbox 1470 558 1682 615; x_wconf 82' lang='lat' dir='ltr'>indignis</span> <span class='ocrx_word' id='word_1_33' title='bbox 1700 573 1760 603; x_wconf 91' lang='lat' dir='ltr'><strong>ne</strong></span> 
     </span>
     <span class='ocr_line' id='line_1_5' title="bbox 129 636 1758 696; baseline -0.003 -11"><span class='ocrx_word' id='word_1_34' title='bbox 129 639 351 696; x_wconf 86' lang='lat' dir='ltr'><strong>cogitatu</strong></span> <span class='ocrx_word' id='word_1_35' title='bbox 375 639 586 696; x_wconf 87' lang='lat' dir='ltr'><strong>quidem,</strong></span> <span class='ocrx_word' id='word_1_36' title='bbox 615 640 792 685; x_wconf 87' lang='lat' dir='ltr'><strong>nedum</strong></span> <span class='ocrx_word' id='word_1_37' title='bbox 818 638 973 685; x_wconf 87' lang='lat' dir='ltr'><strong>literis</strong></span> <span class='ocrx_word' id='word_1_38' title='bbox 998 636 1260 689; x_wconf 89' lang='lat' dir='ltr'><strong>mandatis,</strong></span> <span class='ocrx_word' id='word_1_39' title='bbox 1288 636 1487 693; x_wconf 79' lang='lat' dir='ltr'><strong>flagitiis</strong></span> <span class='ocrx_word' id='word_1_40' title='bbox 1516 644 1758 690; x_wconf 86' lang='lat' dir='ltr'><strong>versatos,</strong></span> 
     </span>
     <span class='ocr_line' id='line_1_6' title="bbox 128 712 1760 774; baseline -0.003 -13"><span class='ocrx_word' id='word_1_41' title='bbox 128 732 215 773; x_wconf 89' lang='lat' dir='ltr'><strong>per</strong></span> <span class='ocrx_word' id='word_1_42' title='bbox 238 716 591 774; x_wconf 89' lang='lat' dir='ltr'><strong>poenitentiam</strong></span> <span class='ocrx_word' id='word_1_43' title='bbox 617 732 643 762; x_wconf 91' lang='lat' dir='ltr'><strong>e</strong></span> <span class='ocrx_word' id='word_1_44' title='bbox 667 715 856 763; x_wconf 79' lang='lat' dir='ltr'><strong>baratri</strong></span> <span class='ocrx_word' id='word_1_45' title='bbox 886 715 1112 760; x_wconf 90' lang='lat' dir='ltr'><strong>faucibus</strong></span> <span class='ocrx_word' id='word_1_46' title='bbox 1137 713 1199 759; x_wconf 87' lang='lat' dir='ltr'><strong>ad</strong></span> <span class='ocrx_word' id='word_1_47' title='bbox 1225 713 1440 770; x_wconf 78' lang='lat' dir='ltr'><strong>paradisi</strong></span> <span class='ocrx_word' id='word_1_48' title='bbox 1466 722 1661 769; x_wconf 90' lang='lat' dir='ltr'><strong>portam</strong></span> <span class='ocrx_word' id='word_1_49' title='bbox 1696 712 1760 757; x_wconf 92' lang='lat' dir='ltr'><strong>di-</strong></span> 
     </span>
     <span class='ocr_line' id='line_1_7' title="bbox 129 790 1761 851; baseline -0.002 -13"><span class='ocrx_word' id='word_1_50' title='bbox 129 793 223 851; x_wconf 83' lang='lat' dir='ltr'><strong>rigi</strong></span> <span class='ocrx_word' id='word_1_51' title='bbox 243 793 431 850; x_wconf 83' lang='lat' dir='ltr'><strong>pariter</strong></span> <span class='ocrx_word' id='word_1_52' title='bbox 454 802 502 839; x_wconf 92' lang='lat' dir='ltr'><strong>et</strong></span> <span class='ocrx_word' id='word_1_53' title='bbox 526 793 698 839; x_wconf 87' lang='lat' dir='ltr'><strong>deduci</strong></span> <span class='ocrx_word' id='word_1_54' title='bbox 723 793 888 839; x_wconf 83' lang='lat' dir='ltr'><strong>animo</strong></span> <span class='ocrx_word' id='word_1_55' title='bbox 908 791 1342 850; x_wconf 81' lang='lat' dir='ltr'><strong>perpenderemus:</strong></span> <span class='ocrx_word' id='word_1_56' title='bbox 1369 790 1528 835; x_wconf 86' lang='lat' dir='ltr'><strong>altera</strong></span> <span class='ocrx_word' id='word_1_57' title='bbox 1554 805 1676 835; x_wconf 78' lang='lat' dir='ltr'><strong>vero</strong></span> <span class='ocrx_word' id='word_1_58' title='bbox 1700 806 1761 835; x_wconf 87' lang='lat' dir='ltr'><strong>ex</strong></span> 
     </span>
     <span class='ocr_line' id='line_1_8' title="bbox 128 867 1762 927; baseline -0.003 -11"><span class='ocrx_word' id='word_1_59' title='bbox 128 880 271 927; x_wconf 85' lang='lat' dir='ltr'><strong>parte</strong></span> <span class='ocrx_word' id='word_1_60' title='bbox 295 886 389 916; x_wconf 87' lang='lat' dir='ltr'><strong>non</strong></span> <span class='ocrx_word' id='word_1_61' title='bbox 416 871 589 916; x_wconf 88' lang='lat' dir='ltr'><strong>minori</strong></span> <span class='ocrx_word' id='word_1_62' title='bbox 614 870 814 916; x_wconf 76' lang='lat' dir='ltr'><strong>tristitia</strong></span> <span class='ocrx_word' id='word_1_63' title='bbox 838 869 1046 916; x_wconf 90' lang='lat' dir='ltr'><strong>cruciati</strong></span> <span class='ocrx_word' id='word_1_64' title='bbox 1071 883 1254 922; x_wconf 89' lang='lat' dir='ltr'><strong>sumus,</strong></span> <span class='ocrx_word' id='word_1_65' title='bbox 1283 882 1393 912; x_wconf 93' lang='lat' dir='ltr'><strong>cum</strong></span> <span class='ocrx_word' id='word_1_66' title='bbox 1418 882 1564 923; x_wconf 87' lang='lat' dir='ltr'><strong>quam</strong></span> <span class='ocrx_word' id='word_1_67' title='bbox 1583 867 1762 912; x_wconf 80' lang='lat' dir='ltr'><strong>misere</strong></span> 
     </span>
     <span class='ocr_line' id='line_1_9' title="bbox 128 944 1762 994; baseline -0.003 0"><span class='ocrx_word' id='word_1_68' title='bbox 128 964 188 994; x_wconf 87' lang='lat' dir='ltr'><strong>ac</strong></span> <span class='ocrx_word' id='word_1_69' title='bbox 221 948 471 994; x_wconf 75' lang='lat' dir='ltr'><strong>fallaciter</strong></span> <span class='ocrx_word' id='word_1_70' title='bbox 505 948 662 993; x_wconf 91' lang='lat' dir='ltr'><strong>omnis</strong></span> <span class='ocrx_word' id='word_1_71' title='bbox 697 948 811 993; x_wconf 90' lang='lat' dir='ltr'><strong>mali</strong></span> <span class='ocrx_word' id='word_1_72' title='bbox 846 947 1026 992; x_wconf 84' lang='lat' dir='ltr'><strong>author</strong></span> <span class='ocrx_word' id='word_1_73' title='bbox 1059 946 1230 991; x_wconf 90' lang='lat' dir='ltr'><strong>oculos</strong></span> <span class='ocrx_word' id='word_1_74' title='bbox 1267 944 1441 990; x_wconf 89' lang='lat' dir='ltr'><strong>mentis</strong></span> <span class='ocrx_word' id='word_1_75' title='bbox 1481 944 1762 990; x_wconf 87' lang='lat' dir='ltr'><strong>mortalium</strong></span> 
     </span>
     <span class='ocr_line' id='line_1_10' title="bbox 129 1026 849 1082; baseline -0.001 -11"><span class='ocrx_word' id='word_1_76' title='bbox 129 1026 373 1082; x_wconf 80' lang='lat' dir='ltr'><strong>occludat,</strong></span> <span class='ocrx_word' id='word_1_77' title='bbox 401 1026 849 1071; x_wconf 87' lang='lat' dir='ltr'><strong>consideraremus.</strong></span> 
     </span>
    </p>

    <p class='ocr_par' dir='ltr' id='par_1_3' title="bbox 128 1096 1813 1701">
     <span class='ocr_line' id='line_1_11' title="bbox 187 1096 1763 1159; baseline -0.003 -12"><span class='ocrx_word' id='word_1_78' title='bbox 187 1102 228 1148; x_wconf 78' lang='lat'><strong>2.</strong></span> <span class='ocrx_word' id='word_1_79' title='bbox 296 1103 434 1147; x_wconf 88' lang='lat' dir='ltr'><strong>Multi</strong></span> <span class='ocrx_word' id='word_1_80' title='bbox 460 1118 654 1159; x_wconf 82' lang='lat' dir='ltr'><strong>quoque</strong></span> <span class='ocrx_word' id='word_1_81' title='bbox 678 1118 740 1148; x_wconf 81' lang='lat' dir='ltr'><strong>ex</strong></span> <span class='ocrx_word' id='word_1_82' title='bbox 764 1102 836 1148; x_wconf 90' lang='lat' dir='ltr'><strong>his</strong></span> <span class='ocrx_word' id='word_1_83' title='bbox 867 1101 945 1158; x_wconf 83' lang='lat' dir='ltr'><strong>qui</strong></span> <span class='ocrx_word' id='word_1_84' title='bbox 971 1096 1226 1146; x_wconf 85' lang='lat' dir='ltr'><strong>nobiscum</strong></span> <span class='ocrx_word' id='word_1_85' title='bbox 1260 1099 1475 1146; x_wconf 82' lang='lat' dir='ltr'><strong>confessi</strong></span> <span class='ocrx_word' id='word_1_86' title='bbox 1510 1108 1637 1149; x_wconf 81' lang='lat' dir='ltr'><strong>sunt,</strong></span> <span class='ocrx_word' id='word_1_87' title='bbox 1664 1115 1763 1143; x_wconf 83' lang='lat' dir='ltr'><strong>ma-</strong></span> 
     </span>
     <span class='ocr_line' id='line_1_12' title="bbox 130 1176 1764 1237; baseline -0.002 -13"><span class='ocrx_word' id='word_1_88' title='bbox 130 1181 259 1225; x_wconf 80' lang='lat' dir='ltr'><strong>xime</strong></span> <span class='ocrx_word' id='word_1_89' title='bbox 284 1196 347 1225; x_wconf 85' lang='lat' dir='ltr'><strong>ex</strong></span> <span class='ocrx_word' id='word_1_90' title='bbox 373 1181 654 1237; x_wconf 86' lang='lat' dir='ltr'><strong>praecipuis</strong></span> <span class='ocrx_word' id='word_1_91' title='bbox 677 1190 778 1225; x_wconf 89' lang='lat' dir='ltr'><strong>tam</strong></span> <span class='ocrx_word' id='word_1_92' title='bbox 813 1179 930 1225; x_wconf 89' lang='lat' dir='ltr'><strong>viris</strong></span> <span class='ocrx_word' id='word_1_93' title='bbox 965 1194 1113 1236; x_wconf 88' lang='lat' dir='ltr'><strong>quam</strong></span> <span class='ocrx_word' id='word_1_94' title='bbox 1148 1178 1357 1235; x_wconf 90' lang='lat' dir='ltr'><strong>feminis,</strong></span> <span class='ocrx_word' id='word_1_95' title='bbox 1395 1194 1424 1222; x_wconf 87' lang='lat' dir='ltr'><strong>a</strong></span> <span class='ocrx_word' id='word_1_96' title='bbox 1460 1176 1641 1222; x_wconf 85' lang='lat' dir='ltr'><strong>nostris</strong></span> <span class='ocrx_word' id='word_1_97' title='bbox 1675 1177 1764 1222; x_wconf 91' lang='lat' dir='ltr'><strong>sibi</strong></span> 
     </span>
     <span class='ocr_line' id='line_1_13' title="bbox 128 1253 1762 1314; baseline -0.003 -11"><span class='ocrx_word' id='word_1_98' title='bbox 128 1258 520 1304; x_wconf 84' lang='lat' dir='ltr'><strong>sacratissimum</strong></span> <span class='ocrx_word' id='word_1_99' title='bbox 563 1257 747 1303; x_wconf 86' lang='lat' dir='ltr'><strong>Christi</strong></span> <span class='ocrx_word' id='word_1_100' title='bbox 787 1272 968 1314; x_wconf 90' lang='lat' dir='ltr'><strong>corpus</strong></span> <span class='ocrx_word' id='word_1_101' title='bbox 1008 1256 1055 1301; x_wconf 91' lang='lat' dir='ltr'><strong>in</strong></span> <span class='ocrx_word' id='word_1_102' title='bbox 1093 1254 1463 1301; x_wconf 89' lang='lat' dir='ltr'><strong>resurrectione</strong></span> <span class='ocrx_word' id='word_1_103' title='bbox 1498 1253 1762 1305; x_wconf 83' lang='lat' dir='ltr'><strong>dominica,</strong></span> 
     </span>
     <span class='ocr_line' id='line_1_14' title="bbox 130 1332 1761 1392; baseline -0.004 -11"><span class='ocrx_word' id='word_1_104' title='bbox 130 1337 394 1392; x_wconf 86' lang='lat' dir='ltr'><strong>impetrata</strong></span> <span class='ocrx_word' id='word_1_105' title='bbox 419 1351 448 1381; x_wconf 90' lang='lat' dir='ltr'><strong>a</strong></span> <span class='ocrx_word' id='word_1_106' title='bbox 473 1336 665 1380; x_wconf 85' lang='lat' dir='ltr'><strong>vicario</strong></span> <span class='ocrx_word' id='word_1_107' title='bbox 696 1335 950 1389; x_wconf 74' lang='lat' dir='ltr'><strong>facultate,</strong></span> <span class='ocrx_word' id='word_1_108' title='bbox 988 1332 1352 1379; x_wconf 90' lang='lat' dir='ltr'><strong>subministrari</strong></span> <span class='ocrx_word' id='word_1_109' title='bbox 1387 1332 1761 1389; x_wconf 82' lang='lat' dir='ltr'><strong>flagitauerunt;</strong></span> 
     </span>
     <span class='ocr_line' id='line_1_15' title="bbox 129 1408 1813 1471; baseline -0.004 -12"><span class='ocrx_word' id='word_1_110' title='bbox 129 1430 336 1471; x_wconf 75' lang='lat' dir='ltr'><strong>quorum</strong></span> <span class='ocrx_word' id='word_1_111' title='bbox 382 1414 462 1470; x_wconf 91' lang='lat' dir='ltr'><strong>pio</strong></span> <span class='ocrx_word' id='word_1_112' title='bbox 507 1413 770 1469; x_wconf 81' lang='lat' dir='ltr'><strong>desiderio,</strong></span> <span class='ocrx_word' id='word_1_113' title='bbox 818 1413 909 1458; x_wconf 93' lang='lat' dir='ltr'><strong>etsi</strong></span> <span class='ocrx_word' id='word_1_114' title='bbox 953 1412 1213 1468; x_wconf 86' lang='lat' dir='ltr'><strong>insuetum,</strong></span> <span class='ocrx_word' id='word_1_115' title='bbox 1262 1420 1427 1456; x_wconf 87' lang='lat' dir='ltr'><strong>tamen</strong></span> <span class='ocrx_word' id='word_1_116' title='bbox 1468 1410 1581 1467; x_wconf 86' lang='lat' dir='ltr'><strong>quia</strong></span> <span class='ocrx_word' id='word_1_117' title='bbox 1620 1409 1763 1454; x_wconf 86' lang='lat' dir='ltr'><strong>hone·</strong></span> <span class='ocrx_word' id='word_1_118' title='bbox 1810 1408 1813 1411; x_wconf 65' lang='grc'>’</span> 
     </span>
     <span class='ocr_line' id='line_1_16' title="bbox 128 1486 1767 1545; baseline -0.004 -8"><span class='ocrx_word' id='word_1_119' title='bbox 128 1501 255 1537; x_wconf 84' lang='lat' dir='ltr'><strong>stum</strong></span> <span class='ocrx_word' id='word_1_120' title='bbox 284 1491 318 1545; x_wconf 74' lang='lat'><strong>¹²,</strong></span> <span class='ocrx_word' id='word_1_121' title='bbox 345 1490 654 1536; x_wconf 85' lang='lat' dir='ltr'><strong>satisfactum</strong></span> <span class='ocrx_word' id='word_1_122' title='bbox 686 1499 774 1536; x_wconf 88' lang='lat' dir='ltr'><strong>est.</strong></span> <span class='ocrx_word' id='word_1_123' title='bbox 802 1489 924 1535; x_wconf 81' lang='lat' dir='ltr'><strong>lllud</strong></span> <span class='ocrx_word' id='word_1_124' title='bbox 949 1489 1098 1534; x_wconf 88' lang='lat' dir='ltr'><strong>etiam</strong></span> <span class='ocrx_word' id='word_1_125' title='bbox 1133 1504 1229 1533; x_wconf 89' lang='lat' dir='ltr'><strong>non</strong></span> <span class='ocrx_word' id='word_1_126' title='bbox 1264 1488 1405 1545; x_wconf 88' lang='lat' dir='ltr'><strong>parui</strong></span> <span class='ocrx_word' id='word_1_127' title='bbox 1439 1486 1673 1532; x_wconf 86' lang='lat' dir='ltr'><strong>momenti</strong></span> <span class='ocrx_word' id='word_1_128' title='bbox 1708 1502 1767 1531; x_wconf 91' lang='lat' dir='ltr'><strong>ac</strong></span> 
     </span>
     <span class='ocr_line' id='line_1_17' title="bbox 129 1564 1768 1625; baseline -0.004 -11"><span class='ocrx_word' id='word_1_129' title='bbox 129 1568 446 1614; x_wconf 87' lang='lat' dir='ltr'><strong>emolumenti</strong></span> <span class='ocrx_word' id='word_1_130' title='bbox 470 1575 507 1625; x_wconf 74' lang='lat'><strong>⁰,</strong></span> <span class='ocrx_word' id='word_1_131' title='bbox 535 1578 587 1613; x_wconf 77' lang='lat' dir='ltr'><strong>vt</strong></span> <span class='ocrx_word' id='word_1_132' title='bbox 611 1569 691 1624; x_wconf 86' lang='lat' dir='ltr'><strong>qui</strong></span> <span class='ocrx_word' id='word_1_133' title='bbox 717 1567 868 1612; x_wconf 84' lang='lat' dir='ltr'><strong>semel</strong></span> <span class='ocrx_word' id='word_1_134' title='bbox 899 1582 1010 1612; x_wconf 91' lang='lat' dir='ltr'><strong>cum</strong></span> <span class='ocrx_word' id='word_1_135' title='bbox 1046 1566 1229 1611; x_wconf 89' lang='lat' dir='ltr'><strong>nostris</strong></span> <span class='ocrx_word' id='word_1_136' title='bbox 1263 1564 1476 1610; x_wconf 89' lang='lat' dir='ltr'><strong>confessi</strong></span> <span class='ocrx_word' id='word_1_137' title='bbox 1509 1564 1619 1621; x_wconf 88' lang='lat' dir='ltr'><strong>sint,</strong></span> <span class='ocrx_word' id='word_1_138' title='bbox 1656 1579 1768 1609; x_wconf 89' lang='lat' dir='ltr'><strong>cum</strong></span> 
     </span>
     <span class='ocr_line' id='line_1_18' title="bbox 129 1643 1216 1701; baseline -0.004 -9"><span class='ocrx_word' id='word_1_139' title='bbox 129 1647 302 1692; x_wconf 88' lang='lat' dir='ltr'><strong>iisdem</strong></span> <span class='ocrx_word' id='word_1_140' title='bbox 327 1646 474 1691; x_wconf 91' lang='lat' dir='ltr'><strong>etiam</strong></span> <span class='ocrx_word' id='word_1_141' title='bbox 499 1661 694 1701; x_wconf 90' lang='lat' dir='ltr'><strong>semper</strong></span> <span class='ocrx_word' id='word_1_142' title='bbox 717 1643 941 1690; x_wconf 90' lang='lat' dir='ltr'><strong>confiteri</strong></span> <span class='ocrx_word' id='word_1_143' title='bbox 965 1652 1216 1696; x_wconf 85' lang='lat' dir='ltr'><strong>exoptent.</strong></span> 
     </span>
    </p>

    <p class='ocr_par' dir='ltr' id='par_1_4' title="bbox 125 1721 1768 2544">
     <span class='ocr_line' id='line_1_19' title="bbox 185 1721 1768 1779; baseline -0.004 -11"><span class='ocrx_word' id='word_1_144' title='bbox 185 1723 228 1768; x_wconf 74' lang='lat'><strong>3.</strong></span> <span class='ocrx_word' id='word_1_145' title='bbox 296 1722 450 1768; x_wconf 81' lang='lat' dir='ltr'><strong>Nmzc</strong></span> <span class='ocrx_word' id='word_1_146' title='bbox 476 1727 648 1767; x_wconf 74' lang='lat' dir='ltr'><strong>aulem</strong></span> <span class='ocrx_word' id='word_1_147' title='bbox 680 1736 745 1766; x_wconf 68' lang='lat' dir='ltr'><strong>ex</strong></span> <span class='ocrx_word' id='word_1_148' title='bbox 768 1722 847 1778; x_wconf 77' lang='lat' dir='ltr'><strong>iis,</strong></span> <span class='ocrx_word' id='word_1_149' title='bbox 884 1721 974 1779; x_wconf 79' lang='lat' dir='ltr'><strong>qm&#39;</strong></span> <span class='ocrx_word' id='word_1_150' title='bbox 1005 1721 1154 1777; x_wconf 58' lang='lat' dir='ltr'><strong>apud</strong></span> <span class='ocrx_word' id='word_1_151' title='bbox 1185 1724 1388 1765; x_wconf 74' lang='lat' dir='ltr'><strong>nostros</strong></span> <span class='ocrx_word' id='word_1_152' title='bbox 1420 1733 1519 1764; x_wconf 77' lang='lat' dir='ltr'><strong>sna</strong></span> <span class='ocrx_word' id='word_1_153' title='bbox 1549 1722 1768 1775; x_wconf 71' lang='lat' dir='ltr'><strong>peccata</strong></span> 
     </span>
     <span class='ocr_line' id='line_1_20' title="bbox 125 1794 1768 1857; baseline -0.004 -11"><span class='ocrx_word' id='word_1_154' title='bbox 125 1801 484 1857; x_wconf 70' lang='lat' dir='ltr'><strong>prodiderunt,</strong></span> <span class='ocrx_word' id='word_1_155' title='bbox 533 1799 669 1845; x_wconf 88' lang='lat' dir='ltr'><strong>multi</strong></span> <span class='ocrx_word' id='word_1_156' title='bbox 713 1799 906 1856; x_wconf 86' lang='lat' dir='ltr'><strong>quidem</strong></span> <span class='ocrx_word' id='word_1_157' title='bbox 945 1807 1022 1843; x_wconf 91' lang='lat' dir='ltr'><strong>ter</strong></span> <span class='ocrx_word' id='word_1_158' title='bbox 1067 1807 1310 1855; x_wconf 86' lang='lat' dir='ltr'><strong>quaterue</strong></span> <span class='ocrx_word' id='word_1_159' title='bbox 1354 1810 1551 1854; x_wconf 73' lang='lat' dir='ltr'><strong>qnoque</strong></span> <span class='ocrx_word' id='word_1_160' title='bbox 1595 1809 1722 1840; x_wconf 81' lang='lat' dir='ltr'><strong>anno</strong></span> <span class='ocrx_word' id='word_1_161' title='bbox 1751 1794 1768 1821; x_wconf 69' lang='lat'><strong>‘¹</strong></span> 
     </span>
     <span class='ocr_line' id='line_1_21' title="bbox 128 1873 1764 1935; baseline -0.003 -12"><span class='ocrx_word' id='word_1_162' title='bbox 128 1877 481 1935; x_wconf 88' lang='lat' dir='ltr'><strong>poenitentiam</strong></span> <span class='ocrx_word' id='word_1_163' title='bbox 513 1886 756 1934; x_wconf 76' lang='lat' dir='ltr'><strong>repetunt3</strong></span> <span class='ocrx_word' id='word_1_164' title='bbox 792 1892 887 1921; x_wconf 87' lang='lat' dir='ltr'><strong>non</strong></span> <span class='ocrx_word' id='word_1_165' title='bbox 925 1876 1067 1932; x_wconf 88' lang='lat' dir='ltr'><strong>pauci</strong></span> <span class='ocrx_word' id='word_1_166' title='bbox 1103 1890 1225 1920; x_wconf 85' lang='lat' dir='ltr'><strong>vero</strong></span> <span class='ocrx_word' id='word_1_167' title='bbox 1259 1874 1466 1931; x_wconf 82' lang='lat' dir='ltr'><strong>singulis</strong></span> <span class='ocrx_word' id='word_1_168' title='bbox 1500 1873 1764 1930; x_wconf 80' lang='lat' dir='ltr'><strong>mensibus;</strong></span> 
     </span>
     <span class='ocr_line' id='line_1_22' title="bbox 127 1951 1764 2013; baseline -0.004 -12"><span class='ocrx_word' id='word_1_169' title='bbox 127 1957 295 2013; x_wconf 89' lang='lat' dir='ltr'><strong>plures</strong></span> <span class='ocrx_word' id='word_1_170' title='bbox 329 1956 540 2012; x_wconf 84' lang='lat' dir='ltr'><strong>denique</strong></span> <span class='ocrx_word' id='word_1_171' title='bbox 575 1964 757 2000; x_wconf 89' lang='lat' dir='ltr'><strong>octauo</strong></span> <span class='ocrx_word' id='word_1_172' title='bbox 792 1969 986 2010; x_wconf 86' lang='lat' dir='ltr'><strong>quoque</strong></span> <span class='ocrx_word' id='word_1_173' title='bbox 1021 1953 1097 1999; x_wconf 91' lang='lat' dir='ltr'><strong>die</strong></span> <span class='ocrx_word' id='word_1_174' title='bbox 1131 1951 1495 1998; x_wconf 86' lang='lat' dir='ltr'><strong>confessionem</strong></span> <span class='ocrx_word' id='word_1_175' title='bbox 1534 1951 1764 2008; x_wconf 86' lang='lat' dir='ltr'><strong>frequen-</strong></span> 
     </span>
     <span class='ocr_line' id='line_1_23' title="bbox 126 2028 1764 2092; baseline -0.004 -13"><span class='ocrx_word' id='word_1_176' title='bbox 126 2044 250 2092; x_wconf 88' lang='lat' dir='ltr'><strong>tant,</strong></span> <span class='ocrx_word' id='word_1_177' title='bbox 277 2034 468 2090; x_wconf 85' lang='lat' dir='ltr'><strong>pariter</strong></span> <span class='ocrx_word' id='word_1_178' title='bbox 492 2048 551 2078; x_wconf 90' lang='lat' dir='ltr'><strong>ac</strong></span> <span class='ocrx_word' id='word_1_179' title='bbox 587 2033 854 2078; x_wconf 87' lang='lat' dir='ltr'><strong>caelestem</strong></span> <span class='ocrx_word' id='word_1_180' title='bbox 889 2047 1066 2088; x_wconf 89' lang='lat' dir='ltr'><strong>panem</strong></span> <span class='ocrx_word' id='word_1_181' title='bbox 1101 2031 1147 2076; x_wconf 86' lang='lat' dir='ltr'><strong>in</strong></span> <span class='ocrx_word' id='word_1_182' title='bbox 1183 2041 1353 2075; x_wconf 86' lang='lat' dir='ltr'><strong>nostro</strong></span> <span class='ocrx_word' id='word_1_183' title='bbox 1387 2030 1574 2075; x_wconf 89' lang='lat' dir='ltr'><strong>sacello</strong></span> <span class='ocrx_word' id='word_1_184' title='bbox 1609 2028 1764 2086; x_wconf 90' lang='lat' dir='ltr'><strong>perci-</strong></span> 
     </span>
     <span class='ocr_line' id='line_1_24' title="bbox 128 2107 1768 2169; baseline -0.002 -14"><span class='ocrx_word' id='word_1_185' title='bbox 128 2112 280 2169; x_wconf 85' lang='lat' dir='ltr'><strong>piunt,</strong></span> <span class='ocrx_word' id='word_1_186' title='bbox 328 2127 539 2168; x_wconf 85' lang='lat' dir='ltr'><strong>quorum</strong></span> <span class='ocrx_word' id='word_1_187' title='bbox 585 2125 821 2156; x_wconf 89' lang='lat' dir='ltr'><strong>numerus</strong></span> <span class='ocrx_word' id='word_1_188' title='bbox 861 2110 906 2154; x_wconf 89' lang='lat' dir='ltr'><strong>in</strong></span> <span class='ocrx_word' id='word_1_189' title='bbox 951 2110 1054 2154; x_wconf 89' lang='lat' dir='ltr'><strong>dies</strong></span> <span class='ocrx_word' id='word_1_190' title='bbox 1099 2109 1296 2164; x_wconf 85' lang='lat' dir='ltr'><strong>crescit,</strong></span> <span class='ocrx_word' id='word_1_191' title='bbox 1346 2124 1618 2164; x_wconf 87' lang='lat' dir='ltr'><strong>eorumque</strong></span> <span class='ocrx_word' id='word_1_192' title='bbox 1666 2107 1768 2153; x_wconf 82' lang='lat' dir='ltr'><strong>vita</strong></span> 
     </span>
     <span class='ocr_line' id='line_1_25' title="bbox 129 2186 1767 2244; baseline -0.002 -10"><span class='ocrx_word' id='word_1_193' title='bbox 129 2189 442 2234; x_wconf 88' lang='lat' dir='ltr'><strong>emendatior</strong></span> <span class='ocrx_word' id='word_1_194' title='bbox 466 2198 515 2233; x_wconf 93' lang='lat' dir='ltr'><strong>et</strong></span> <span class='ocrx_word' id='word_1_195' title='bbox 539 2188 762 2233; x_wconf 82' lang='lat' dir='ltr'><strong>sanctior</strong></span> <span class='ocrx_word' id='word_1_196' title='bbox 787 2196 1013 2244; x_wconf 87' lang='lat' dir='ltr'><strong>apparet.</strong></span> <span class='ocrx_word' id='word_1_197' title='bbox 1036 2187 1181 2244; x_wconf 84' lang='lat' dir='ltr'><strong>Quod</strong></span> <span class='ocrx_word' id='word_1_198' title='bbox 1202 2186 1429 2244; x_wconf 89' lang='lat' dir='ltr'><strong>profecto</strong></span> <span class='ocrx_word' id='word_1_199' title='bbox 1451 2186 1767 2243; x_wconf 85' lang='lat' dir='ltr'><strong>quemadmo-</strong></span> 
     </span>
     <span class='ocr_line' id='line_1_26' title="bbox 129 2264 1766 2321; baseline -0.002 -10"><span class='ocrx_word' id='word_1_200' title='bbox 129 2267 241 2311; x_wconf 84' lang='lat' dir='ltr'><strong>dum</strong></span> <span class='ocrx_word' id='word_1_201' title='bbox 267 2276 417 2312; x_wconf 88' lang='lat' dir='ltr'><strong>antea</strong></span> <span class='ocrx_word' id='word_1_202' title='bbox 441 2265 689 2310; x_wconf 87' lang='lat' dir='ltr'><strong>insolitum</strong></span> <span class='ocrx_word' id='word_1_203' title='bbox 713 2274 839 2321; x_wconf 83' lang='lat' dir='ltr'><strong>erat,</strong></span> <span class='ocrx_word' id='word_1_204' title='bbox 867 2264 935 2310; x_wconf 88' lang='lat' dir='ltr'><strong>ita</strong></span> <span class='ocrx_word' id='word_1_205' title='bbox 961 2279 1089 2309; x_wconf 89' lang='lat' dir='ltr'><strong>nunc</strong></span> <span class='ocrx_word' id='word_1_206' title='bbox 1113 2264 1288 2309; x_wconf 88' lang='lat' dir='ltr'><strong>mirum</strong></span> <span class='ocrx_word' id='word_1_207' title='bbox 1315 2280 1375 2309; x_wconf 91' lang='lat' dir='ltr'><strong>ac</strong></span> <span class='ocrx_word' id='word_1_208' title='bbox 1410 2279 1567 2321; x_wconf 89' lang='lat' dir='ltr'><strong>aeque</strong></span> <span class='ocrx_word' id='word_1_209' title='bbox 1602 2264 1766 2309; x_wconf 87' lang='lat' dir='ltr'><strong>iucun-</strong></span> 
     </span>
     <span class='ocr_line' id='line_1_27' title="bbox 129 2340 1766 2399; baseline -0.002 -11"><span class='ocrx_word' id='word_1_210' title='bbox 129 2343 242 2388; x_wconf 89' lang='lat' dir='ltr'><strong>dum</strong></span> <span class='ocrx_word' id='word_1_211' title='bbox 269 2342 547 2388; x_wconf 86' lang='lat' dir='ltr'><strong>videntibus</strong></span> <span class='ocrx_word' id='word_1_212' title='bbox 571 2353 720 2399; x_wconf 87' lang='lat' dir='ltr'><strong>atque</strong></span> <span class='ocrx_word' id='word_1_213' title='bbox 745 2342 863 2387; x_wconf 82' lang='lat' dir='ltr'><strong>vtile</strong></span> <span class='ocrx_word' id='word_1_214' title='bbox 888 2341 934 2386; x_wconf 92' lang='lat' dir='ltr'><strong>id</strong></span> <span class='ocrx_word' id='word_1_215' title='bbox 958 2341 1258 2386; x_wconf 87' lang='lat' dir='ltr'><strong>facientibus</strong></span> <span class='ocrx_word' id='word_1_216' title='bbox 1280 2348 1311 2386; x_wconf 63' lang='grc' dir='ltr'><strong>θ.</strong></span> <span class='ocrx_word' id='word_1_217' title='bbox 1340 2340 1452 2398; x_wconf 84' lang='lat' dir='ltr'><strong>Qua</strong></span> <span class='ocrx_word' id='word_1_218' title='bbox 1477 2356 1538 2385; x_wconf 79' lang='lat' dir='ltr'><strong>ex</strong></span> <span class='ocrx_word' id='word_1_219' title='bbox 1565 2356 1617 2385; x_wconf 89' lang='lat' dir='ltr'><strong>re</strong></span> <span class='ocrx_word' id='word_1_220' title='bbox 1642 2356 1766 2385; x_wconf 89' lang='lat' dir='ltr'><strong>sum-</strong></span> 
     </span>
     <span class='ocr_line' id='line_1_28' title="bbox 131 2418 1768 2475; baseline -0.002 -9"><span class='ocrx_word' id='word_1_221' title='bbox 131 2437 208 2466; x_wconf 89' lang='lat' dir='ltr'><strong>mo</strong></span> <span class='ocrx_word' id='word_1_222' title='bbox 234 2421 342 2466; x_wconf 89' lang='lat' dir='ltr'><strong>Deo</strong></span> <span class='ocrx_word' id='word_1_223' title='bbox 368 2421 475 2466; x_wconf 85' lang='lat' dir='ltr'><strong>laus</strong></span> <span class='ocrx_word' id='word_1_224' title='bbox 500 2428 548 2465; x_wconf 91' lang='lat' dir='ltr'><strong>et</strong></span> <span class='ocrx_word' id='word_1_225' title='bbox 572 2419 754 2475; x_wconf 83' lang='lat' dir='ltr'><strong>gloria,</strong></span> <span class='ocrx_word' id='word_1_226' title='bbox 774 2434 804 2464; x_wconf 91' lang='lat' dir='ltr'><strong>a</strong></span> <span class='ocrx_word' id='word_1_227' title='bbox 824 2434 920 2475; x_wconf 88' lang='lat' dir='ltr'><strong>quo</strong></span> <span class='ocrx_word' id='word_1_228' title='bbox 941 2428 1122 2464; x_wconf 90' lang='lat' dir='ltr'><strong>cuncta</strong></span> <span class='ocrx_word' id='word_1_229' title='bbox 1144 2419 1272 2463; x_wconf 89' lang='lat' dir='ltr'><strong>bona</strong></span> <span class='ocrx_word' id='word_1_230' title='bbox 1292 2418 1581 2475; x_wconf 88' lang='lat' dir='ltr'><strong>procedunt.</strong></span> <span class='ocrx_word' id='word_1_231' title='bbox 1602 2418 1768 2475; x_wconf 73' lang='lat' dir='ltr'><strong>Atque</strong></span> 
     </span>
     <span class='ocr_line' id='line_1_29' title="bbox 129 2496 1566 2544; baseline -0.003 0"><span class='ocrx_word' id='word_1_232' title='bbox 129 2499 370 2544; x_wconf 75' lang='lat' dir='ltr'><strong>hactenus</strong></span> <span class='ocrx_word' id='word_1_233' title='bbox 395 2498 453 2543; x_wconf 84' lang='lat' dir='ltr'><strong>cle</strong></span> <span class='ocrx_word' id='word_1_234' title='bbox 478 2497 892 2543; x_wconf 88' lang='lat' dir='ltr'><strong>confessionibus:</strong></span> <span class='ocrx_word' id='word_1_235' title='bbox 918 2496 1016 2542; x_wconf 92' lang='lat' dir='ltr'><strong>iam</strong></span> <span class='ocrx_word' id='word_1_236' title='bbox 1042 2497 1104 2541; x_wconf 89' lang='lat' dir='ltr'><strong>ad</strong></span> <span class='ocrx_word' id='word_1_237' title='bbox 1130 2496 1227 2542; x_wconf 91' lang='lat' dir='ltr'><strong>alia</strong></span> <span class='ocrx_word' id='word_1_238' title='bbox 1252 2497 1566 2541; x_wconf 87' lang='lat' dir='ltr'><strong>accedamus.</strong></span> 
     </span>
    </p>

    <p class='ocr_par' dir='ltr' id='par_1_5' title="bbox 131 2573 1769 2865">
     <span class='ocr_line' id='line_1_30' title="bbox 187 2573 1767 2630; baseline -0.003 -9"><span class='ocrx_word' id='word_1_239' title='bbox 187 2577 230 2621; x_wconf 67' lang='lat'><strong>4.</strong></span> <span class='ocrx_word' id='word_1_240' title='bbox 298 2575 449 2621; x_wconf 84' lang='lat' dir='ltr'><strong>Pater</strong></span> <span class='ocrx_word' id='word_1_241' title='bbox 476 2584 643 2620; x_wconf 90' lang='lat' dir='ltr'><strong>rector</strong></span> <span class='ocrx_word' id='word_1_242' title='bbox 667 2574 729 2619; x_wconf 89' lang='lat' dir='ltr'><strong>ad</strong></span> <span class='ocrx_word' id='word_1_243' title='bbox 755 2573 1109 2619; x_wconf 86' lang='lat' dir='ltr'><strong>circumuicina</strong></span> <span class='ocrx_word' id='word_1_244' title='bbox 1133 2574 1312 2630; x_wconf 90' lang='lat' dir='ltr'><strong>oppida</strong></span> <span class='ocrx_word' id='word_1_245' title='bbox 1333 2574 1598 2629; x_wconf 75' lang='lat' dir='ltr'><strong>aliquando</strong></span> <span class='ocrx_word' id='word_1_246' title='bbox 1622 2588 1767 2618; x_wconf 86' lang='lat' dir='ltr'><strong>voca-</strong></span> 
     </span>
     <span class='ocr_line' id='line_1_31' title="bbox 131 2650 1769 2709; baseline -0.002 -10"><span class='ocrx_word' id='word_1_247' title='bbox 131 2663 224 2705; x_wconf 76' lang='lat' dir='ltr'><strong>tus,</strong></span> <span class='ocrx_word' id='word_1_248' title='bbox 253 2652 518 2709; x_wconf 85' lang='lat' dir='ltr'><strong>aliquando</strong></span> <span class='ocrx_word' id='word_1_249' title='bbox 543 2667 665 2696; x_wconf 82' lang='lat' dir='ltr'><strong>vero</strong></span> <span class='ocrx_word' id='word_1_250' title='bbox 690 2650 958 2697; x_wconf 83' lang='lat' dir='ltr'><strong>Societatis</strong></span> <span class='ocrx_word' id='word_1_251' title='bbox 982 2651 1194 2707; x_wconf 83' lang='lat' dir='ltr'><strong>negotiis</strong></span> <span class='ocrx_word' id='word_1_252' title='bbox 1225 2651 1477 2707; x_wconf 90' lang='lat' dir='ltr'><strong>impulsus,</strong></span> <span class='ocrx_word' id='word_1_253' title='bbox 1515 2666 1567 2695; x_wconf 89' lang='lat' dir='ltr'><strong>se</strong></span> <span class='ocrx_word' id='word_1_254' title='bbox 1601 2660 1769 2696; x_wconf 88' lang='lat' dir='ltr'><strong>contu-</strong></span> 
     </span>
     <span class='ocr_line' id='line_1_32' title="bbox 131 2727 1763 2784; baseline -0.002 -9"><span class='ocrx_word' id='word_1_255' title='bbox 131 2731 198 2781; x_wconf 81' lang='lat' dir='ltr'><strong>lit,</strong></span> <span class='ocrx_word' id='word_1_256' title='bbox 232 2730 309 2776; x_wconf 86' lang='lat' dir='ltr'><strong>vbi</strong></span> <span class='ocrx_word' id='word_1_257' title='bbox 337 2731 544 2774; x_wconf 86' lang='lat' dir='ltr'><strong>verbum</strong></span> <span class='ocrx_word' id='word_1_258' title='bbox 571 2728 787 2774; x_wconf 75' lang='lat' dir='ltr'><strong>diuinum</strong></span> <span class='ocrx_word' id='word_1_259' title='bbox 812 2729 871 2774; x_wconf 89' lang='lat' dir='ltr'><strong>de</strong></span> <span class='ocrx_word' id='word_1_260' title='bbox 894 2744 1034 2774; x_wconf 92' lang='lat' dir='ltr'><strong>more</strong></span> <span class='ocrx_word' id='word_1_261' title='bbox 1058 2744 1146 2773; x_wconf 92' lang='lat' dir='ltr'><strong>suo</strong></span> <span class='ocrx_word' id='word_1_262' title='bbox 1171 2728 1450 2782; x_wconf 84' lang='lat' dir='ltr'><strong>seminauit,</strong></span> <span class='ocrx_word' id='word_1_263' title='bbox 1479 2736 1527 2773; x_wconf 88' lang='lat' dir='ltr'><strong>et</strong></span> <span class='ocrx_word' id='word_1_264' title='bbox 1560 2727 1629 2772; x_wconf 89' lang='lat' dir='ltr'><strong>ita</strong></span> <span class='ocrx_word' id='word_1_265' title='bbox 1663 2728 1763 2784; x_wconf 89' lang='lat' dir='ltr'><strong>pla-</strong></span> 
     </span>
     <span class='ocr_line' id='line_1_33' title="bbox 131 2805 1767 2865; baseline -0.002 -12"><span class='ocrx_word' id='word_1_266' title='bbox 131 2808 248 2865; x_wconf 85' lang='lat' dir='ltr'><strong>cuit,</strong></span> <span class='ocrx_word' id='word_1_267' title='bbox 277 2817 329 2853; x_wconf 89' lang='lat' dir='ltr'><strong>vt</strong></span> <span class='ocrx_word' id='word_1_268' title='bbox 354 2807 557 2863; x_wconf 89' lang='lat' dir='ltr'><strong>profuit,</strong></span> <span class='ocrx_word' id='word_1_269' title='bbox 586 2807 722 2852; x_wconf 87' lang='lat' dir='ltr'><strong>velut</strong></span> <span class='ocrx_word' id='word_1_270' title='bbox 746 2807 885 2852; x_wconf 89' lang='lat' dir='ltr'><strong>solet.</strong></span> <span class='ocrx_word' id='word_1_271' title='bbox 915 2806 1009 2851; x_wconf 91' lang='lat' dir='ltr'><strong>Hic</strong></span> <span class='ocrx_word' id='word_1_272' title='bbox 1032 2806 1181 2852; x_wconf 88' lang='lat' dir='ltr'><strong>etiam</strong></span> <span class='ocrx_word' id='word_1_273' title='bbox 1206 2805 1470 2862; x_wconf 83' lang='lat' dir='ltr'><strong>Bisbonae,</strong></span> <span class='ocrx_word' id='word_1_274' title='bbox 1498 2806 1767 2862; x_wconf 87' lang='lat' dir='ltr'><strong>praecipue</strong></span> 
     </span>
    </p>
   </div>
   <div class='ocr_carea' id='block_1_3' title="bbox 131 3011 1770 3168">
    <p class='ocr_par' dir='ltr' id='par_1_6' title="bbox 131 3011 1770 3168">
     <span class='ocr_line' id='line_1_34' title="bbox 178 3011 1767 3058; baseline 0 -10"><span class='ocrx_word' id='word_1_275' title='bbox 178 3012 196 3030; x_wconf 70' lang='lat'>³</span> <span class='ocrx_word' id='word_1_276' title='bbox 248 3011 278 3048; x_wconf 79' lang='lat'><em>3</em></span> <span class='ocrx_word' id='word_1_277' title='bbox 293 3023 360 3048; x_wconf 81' lang='lat' dir='ltr'><strong>vv.</strong></span> <span class='ocrx_word' id='word_1_278' title='bbox 379 3011 582 3057; x_wconf 76' lang='lat' dir='ltr'><strong>praeced.</strong></span> <span class='ocrx_word' id='word_1_279' title='bbox 605 3011 762 3048; x_wconf 81' lang='lat' dir='ltr'><strong>addita</strong></span> <span class='ocrx_word' id='word_1_280' title='bbox 782 3016 920 3058; x_wconf 74' lang='lat' dir='ltr'><strong>supra</strong></span> <span class='ocrx_word' id='word_1_281' title='bbox 936 3022 1045 3049; x_wconf 79' lang='lat' dir='ltr'><strong>vers.</strong></span> <span class='ocrx_word' id='word_1_282' title='bbox 1064 3012 1118 3048; x_wconf 79' lang='lat' dir='ltr'><strong>ab</strong></span> <span class='ocrx_word' id='word_1_283' title='bbox 1139 3013 1231 3057; x_wconf 75' lang='lat' dir='ltr'><strong>ipso</strong></span> <span class='ocrx_word' id='word_1_284' title='bbox 1251 3014 1440 3049; x_wconf 72' lang='lat' dir='ltr'><strong>auctore.</strong></span> <span class='ocrx_word' id='word_1_285' title='bbox 1494 3012 1513 3039; x_wconf 83' lang='lat' dir='ltr'><strong>b</strong></span> <span class='ocrx_word' id='word_1_286' title='bbox 1550 3012 1767 3048; x_wconf 84' lang='lat' dir='ltr'><strong>honestum</strong></span> 
     </span>
     <span class='ocr_line' id='line_1_35' title="bbox 133 3071 1770 3118; baseline 0.001 -10"><span class='ocrx_word' id='word_1_287' title='bbox 133 3073 171 3108; x_wconf 89' lang='lat' dir='ltr'><strong>id</strong></span> <span class='ocrx_word' id='word_1_288' title='bbox 192 3078 293 3108; x_wconf 88' lang='lat' dir='ltr'><strong>erat.</strong></span> <span class='ocrx_word' id='word_1_289' title='bbox 349 3079 410 3099; x_wconf 78' lang='lat' dir='ltr'><strong>—c</strong></span> <span class='ocrx_word' id='word_1_290' title='bbox 444 3072 708 3108; x_wconf 76' lang='lat' dir='ltr'><strong>emolumenti</strong></span> <span class='ocrx_word' id='word_1_291' title='bbox 725 3077 802 3108; x_wconf 83' lang='lat' dir='ltr'><strong>est.</strong></span> <span class='ocrx_word' id='word_1_292' title='bbox 862 3071 926 3098; x_wconf 74' lang='lat' dir='ltr'><strong>—d</strong></span> <span class='ocrx_word' id='word_1_293' title='bbox 959 3072 1132 3118; x_wconf 80' lang='lat' dir='ltr'><strong>singulis</strong></span> <span class='ocrx_word' id='word_1_294' title='bbox 1148 3071 1277 3108; x_wconf 84' lang='lat' dir='ltr'><strong>annis.</strong></span> <span class='ocrx_word' id='word_1_295' title='bbox 1332 3078 1395 3098; x_wconf 71' lang='lat' dir='ltr'><strong>—e</strong></span> <span class='ocrx_word' id='word_1_296' title='bbox 1420 3071 1662 3109; x_wconf 85' lang='lat' dir='ltr'><strong>facientibus</strong></span> <span class='ocrx_word' id='word_1_297' title='bbox 1682 3085 1770 3109; x_wconf 86' lang='lat' dir='ltr'><strong>cer-</strong></span> 
     </span>
     <span class='ocr_line' id='line_1_36' title="bbox 131 3131 252 3168; baseline 0 0"><span class='ocrx_word' id='word_1_298' title='bbox 131 3131 252 3168; x_wconf 88' lang='lat' dir='ltr'><strong>nitur.</strong></span> 
     </span>
    </p>
   </div>
  </div>
 </body>
</html>
