2051 3516
371 276 440 312 694
836 278 1054 315 LITTERAE
1080 279 1432 324 QUADRIMESTRES

323 372 490 427 gratia
514 372 667 417 multa
692 383 891 428 praeter
913 374 1108 418 solitum
1136 374 1375 430 permissa
1399 375 1493 421 sint
1522 376 1603 434 illi,
1640 393 1766 434 quae
1799 378 1937 423 dece-

326 463 378 492 re
402 448 712 494 uidebantur.
739 449 873 495 Inter
897 450 993 495 alia
1017 450 1198 506 poterit
1227 450 1466 498 Societati
1500 469 1595 498 non
1630 469 1805 510 parum
1839 455 1938 501 suis

322 524 641 571 facultatibus
664 527 917 584 prodesse,
945 528 1165 573 decreuit
1195 529 1321 573 enim
1346 529 1441 574 iam
1476 531 1685 587 collegio
1719 529 1936 577 Societa-

321 601 380 645 tis
418 603 639 647 abulensi
671 603 716 647 in
756 604 886 649 uitae
920 604 1297 650 necessitatibus
1329 606 1460 651 bona
1494 622 1555 651 ex
1588 616 1730 664 parte
1763 608 1936 654 subue-

320 678 426 723 nire
451 681 480 724 ¹.

376 756 418 800 O.
486 756 553 801 Ut
591 755 758 802 faueat
798 758 1056 814 episcopus
1095 759 1109 782 2
1149 759 1441 815 adiutorque
1484 759 1545 805 sit
1588 758 1842 819 Societati,
1889 771 1936 807 et

318 847 465 888 quam
490 834 738 879 cumulate
763 835 827 880 illi
850 850 880 879 a
904 833 1153 880 Societate
1187 834 1410 893 satisfiat,
1437 845 1485 881 et
1518 836 1565 881 in
1599 836 1670 894 iis,
1707 853 1834 893 quae
1872 839 1934 883 ad

317 924 508 953 morum
543 909 879 966 integritatem
913 920 1153 967 spectant,
1191 920 1238 956 et
1268 911 1313 956 in
1337 912 1409 968 iis,
1437 928 1563 969 quae
1588 914 1649 958 ad
1673 913 1864 960 litteras
1887 926 1934 959 et

316 985 608 1042 doctrinam,
635 988 806 1043 paucis
830 988 995 1033 uerbis
1029 1004 1171 1033 nemo
1206 1003 1324 1034 sane
1358 990 1591 1046 consequi
1624 999 1806 1046 posset.
1844 992 1933 1037 Est

314 1061 359 1106 in
394 1062 564 1118 primis
596 1064 901 1109 accerrimus
934 1063 1198 1109 Societatis
1237 1065 1483 1118 defensor,
1526 1075 1579 1111 ut
1616 1067 1768 1122 possit
1806 1067 1933 1114 inter

313 1139 496 1195 primos
529 1140 820 1197 computari;
858 1141 996 1185 cuius
1030 1156 1154 1196 erga
1178 1157 1266 1186 nos
1290 1142 1500 1187 studium
1524 1151 1662 1188 tanto
1687 1143 1932 1190 iudicatur

311 1214 514 1268 firmius,
543 1225 726 1272 quanto
760 1217 919 1273 magis
954 1217 1281 1273 proficiscitur
1315 1233 1377 1262 ex
1408 1218 1746 1275 intelligentia,
1784 1236 1930 1277 quam

311 1292 458 1337 habet
492 1293 551 1337 de
585 1303 757 1338 nostro
791 1294 1011 1340 instituto
1043 1303 1090 1339 et
1114 1295 1415 1351 inspectione
1440 1295 1675 1353 diligenti,
1703 1312 1848 1353 quam
1873 1298 1930 1343 de

310 1370 543 1426 operibus
566 1380 849 1416 nostrorum
874 1372 1037 1417 habet.
1065 1371 1193 1416 Nihil
1218 1372 1346 1428 quod
1377 1374 1454 1418 uel
1485 1373 1726 1419 tantillum
1760 1374 1806 1419 in
1841 1373 1928 1419 So-

310 1447 503 1493 cietatis
527 1448 822 1505 uituperium
847 1458 1042 1506 uergat,
1071 1458 1232 1505 potest
1255 1449 1321 1495 illi
1345 1450 1651 1508 persuaderi,
1673 1461 1927 1508 quantum-

310 1524 381 1569 uis
405 1540 617 1581 magnae
641 1525 998 1571 aestimationis
1023 1535 1108 1571 aut
1132 1527 1385 1583 religionis
1409 1528 1486 1584 sit,
1514 1528 1594 1584 qui
1619 1529 1742 1575 haec
1766 1529 1830 1574 illi
1854 1545 1928 1575 as·

307 1611 506 1646 seueret
529 1610 613 1647 aut
636 1618 726 1658 per
750 1603 940 1648 litteras
965 1603 1168 1659 nuntiet,
1196 1603 1443 1649 confidens
1468 1606 1673 1651 multum
1692 1606 1924 1663 gratiam,
1985 1635 1988 1638 ·

307 1692 454 1733 quam
480 1688 677 1724 nostros
701 1695 730 1724 a
754 1679 967 1725 Domino
991 1680 1244 1736 accepisse
1268 1681 1441 1739 credit,
1473 1693 1712 1739 perpetuo
1737 1699 1766 1728 a
1788 1684 1927 1730 nobis

306 1755 612 1800 retinendam
637 1772 728 1812 ope
753 1756 933 1811 diuina,
961 1768 1006 1802 et
1031 1757 1237 1802 eandem
1262 1774 1366 1813 nos,
1394 1774 1453 1804 ne
1478 1759 1720 1816 labamur,
1757 1776 1926 1806 serua-

304 1842 481 1878 turam.
524 1832 588 1878 Et
626 1833 755 1890 quod
789 1834 1028 1880 hactenus
1062 1834 1267 1880 firmitas
1299 1835 1423 1881 haec
1456 1852 1508 1881 se
1543 1852 1638 1882 non
1672 1837 1921 1896 fefellerit,

303 1909 395 1955 hoc
419 1910 739 1957 uehementer
762 1911 1014 1968 triunphat
1037 1921 1085 1957 et
1108 1912 1310 1969 gaudet.
1348 1913 1495 1958 Faxit
1531 1913 1760 1959 Christus
1794 1924 1845 1961 ut
1878 1915 1924 1961 in

303 1996 596 2042 perpetuum
632 2003 712 2032 res
746 1988 813 2033 ita
846 1988 1045 2034 habeat.
1085 1988 1337 2034 Extremis
1370 1990 1443 2035 his
1477 1990 1662 2047 diebus,
1701 1993 1924 2047 quamuis

302 2063 574 2108 exhaustus
598 2064 861 2110 admodum
886 2076 1030 2121 esset,
1068 2075 1169 2110 tum
1204 2067 1476 2123 sumptibus
1511 2077 1558 2113 et
1596 2069 1923 2125 eleemosynis

300 2139 445 2185 factis
480 2141 525 2185 in
559 2143 893 2187 construendo
918 2143 1128 2198 collegio
1147 2153 1195 2189 et
1214 2144 1482 2190 redditibus
1506 2145 1750 2202 donando,
1777 2154 1878 2191 tum
1904 2153 1920 2173 ὃ

301 2217 414 2274 quia
438 2217 688 2274 ingentem
714 2219 975 2274 quamdam
1002 2235 1262 2266 numorum
1287 2222 1628 2278 quantitatem,
1657 2238 1784 2279 quae
1813 2234 1922 2269 erat

299 2294 388 2340 sibi
413 2311 441 2339 a
467 2295 770 2342 debitoribus
791 2297 1081 2349 exhibenda,
1106 2313 1195 2343 nec
1219 2299 1484 2355 acceperit,
1508 2315 1599 2344 nec
1623 2315 1734 2356 spes
1757 2301 1818 2345 sit
1841 2316 1918 2346 ac—

299 2381 575 2429 cepturum,
614 2372 814 2418 donauit
850 2373 1113 2430 collegium
1152 2375 1373 2420 ducentis
1411 2376 1593 2421 aureis:
1622 2385 1802 2422 etcum
1826 2378 1920 2434 pri-

300 2464 427 2494 mum
447 2459 789 2495 asseuerasset
808 2466 859 2495 se
879 2451 922 2496 in
944 2466 1029 2496 eas
1047 2452 1307 2508 angustias
1326 2452 1583 2498 redactum
1607 2455 1915 2512 conspicere,

297 2534 349 2570 ut
373 2526 632 2581 ignoraret
667 2527 792 2572 unde
829 2536 1020 2573 centum
1058 2538 1328 2585 argenteos
1361 2530 1582 2587 haberet,
1619 2530 1658 2575 si
1697 2530 1762 2575 illi
1796 2547 1918 2588 opus

298 2612 478 2661 essent,
505 2605 681 2660 petiuit
705 2621 734 2650 a
757 2605 924 2661 Patre,
952 2614 1003 2650 ut
1026 2606 1115 2651 sibi
1145 2606 1530 2664 chirographum
1556 2607 1715 2665 daret,
1742 2609 1787 2653 in
1822 2624 1917 2665 quo

295 2681 741 2735 comprehenderet
764 2690 929 2728 uestes
965 2691 1014 2727 et
1048 2682 1146 2728 alia
1180 2684 1553 2742 suppellectilia,
1590 2700 1716 2742 quae
1753 2686 1916 2731 domui

341 2829 357 2848 ὃ
403 2822 539 2859 Pri-us
557 2836 660 2860 cum.

341 2959 351 2977 ¹
405 2957 990 3005 Cf.,sis‚SAccn1NUM,H2·st.
1014 2962 1102 2999 Soc.
1125 2962 1252 3009 Jesu,
1280 2968 1383 3008 part.
1412 2963 1462 3009 II,
1491 2964 1559 3001 lib.
1589 2964 1638 3010 II,
1668 2977 1706 3002 n.
1738 2964 1817 3008 159,
1846 2965 1913 3001 ubi

293 3017 414 3054 etiam
434 3018 536 3054 hanc
557 3019 769 3066 epistolam
789 3034 885 3067 prae
905 3022 1031 3058 oculis
1049 3022 1238 3059 habuisse
1258 3022 1429 3059 videtur.

340 3077 352 3095 ²
406 3075 600 3114 Gutierre
620 3078 785 3126 Vargas
804 3080 852 3116 de
873 3079 1080 3129 Carvajal.
