2051 3516
374 295 445 331 580
840 295 1057 332 LITTERAE
1085 296 1436 341 QUADRIMESTRES

328 392 421 436 dae
456 386 779 435 confessionis
812 406 981 446 causa,
1020 407 1116 435 una
1151 406 1211 435 ex
1242 390 1333 435 illis
1363 390 1538 442 flendo,
1567 401 1766 447 praeter
1790 407 1945 449 spem,

327 468 591 523 derepente
616 466 844 512 confessa
869 476 957 524 est,
986 469 1144 512 altera
1170 467 1551 522 perterrefacta,
1578 477 1625 512 et
1650 469 1781 513 uitae
1812 478 1946 513 ante-

326 554 470 588 actae
511 543 780 599 poenitens,
823 544 884 588 ad
923 559 1122 589 sorores
1162 558 1283 599 quas
1322 544 1626 589 conuertitas
1660 554 1856 599 uocant,
1894 561 1948 590 se

326 620 522 670 ituram,
560 630 611 664 ut
645 635 752 664 cum
788 620 857 664 eis
890 630 1128 676 perpetuo
1165 619 1370 675 uiueret,
1406 620 1745 675 pollicebatur.
1773 619 1946 667 Tertia

327 695 684 740 confessionem
711 696 1045 751 promittebat.
1081 695 1356 740 Coenobita
1388 695 1627 752 quispiam
1659 696 1830 752 uiginti
1865 712 1946 741 an-

326 789 415 818 nos
433 772 596 817 fuerat
615 772 660 816 in
680 773 935 827 coenobis),
958 782 1005 817 et
1024 771 1301 829 symbolum
1319 772 1655 827 apostolorum
1675 772 1942 817 nesciebat.

384 851 426 895 4.
493 850 632 894 Multi
665 849 861 894 heluetii
896 858 943 895 et
976 848 1201 907 germani
1238 848 1449 893 confessi
1487 858 1598 894 sunt
1636 865 1725 894 sua
1760 848 1944 906 lingua,

326 943 472 984 quam
499 942 524 971 e
551 926 702 970 latino
727 926 969 971 didicerat
1002 925 1239 971 sacerdos
1264 935 1433 970 noster
1468 926 1546 982 qui
1580 941 1665 971 eos
1695 926 1944 983 audiebat,

325 1004 546 1059 singulas
570 1003 695 1047 enim
723 1003 1140 1060 interrogationes
1165 1002 1359 1055 latinas,
1386 1002 1636 1047 teutonica
1668 1003 1835 1060 lingua
1864 1019 1944 1048 ex—

327 1095 527 1137 pressas
566 1080 656 1124 illis
689 1081 1012 1135 proponebat,
1041 1080 1251 1124 obscure
1285 1088 1449 1124 tamen
1484 1079 1546 1124 ob
1581 1080 1943 1135 pronunciatio—

325 1173 452 1213 nem,
479 1157 564 1201 sed
588 1157 673 1208 ita,
700 1166 753 1201 ut
775 1156 1148 1213 intelligeretur.
1178 1155 1369 1201 Surdus
1393 1156 1472 1212 qui
1504 1156 1652 1201 latine
1687 1157 1891 1211 sciebat,
1918 1172 1944 1202 e

323 1234 509 1290 scripto
530 1233 745 1290 peccatis
765 1233 828 1278 illi
849 1233 1057 1278 ostensis
1076 1249 1104 1277 a
1124 1232 1402 1287 sacerdote,
1427 1233 1757 1289 respondebat
1775 1233 1942 1290 signiS,

324 1321 472 1368 atque
499 1320 547 1355 ut
572 1311 751 1356 licebat
775 1311 955 1367 uerbis,
984 1321 1031 1355 et
1055 1311 1146 1354 hac
1171 1309 1410 1355 industria
1434 1310 1688 1355 confessus
1708 1321 1795 1355 est.
1823 1310 1944 1355 Item

323 1389 565 1434 heremita
589 1388 784 1444 quidam
807 1388 865 1432 D,
894 1388 1089 1432 Ioannis
1108 1387 1169 1431 ad
1190 1386 1380 1442 Patres,
1404 1402 1488 1443 spe
1507 1387 1723 1432 fortasse
1744 1388 1945 1432 maioris

324 1465 589 1510 adiumenti
615 1465 804 1513 ductus,
833 1473 883 1508 ut
907 1464 1242 1516 confiteretur,
1276 1463 1423 1508 uenit.
1467 1464 1564 1508 Alii
1599 1464 1710 1508 item
1747 1464 1944 1509 heluetii
1978 1499 1981 1503 .

323 1551 374 1586 ut
399 1542 606 1598 priores,
634 1541 696 1585 ad
720 1540 1049 1585 confitendum
1074 1549 1252 1595 pecata
1276 1555 1365 1584 sua
1389 1550 1725 1593 accesserunt,
1753 1540 1844 1585 illis
1879 1540 1943 1585 in-

321 1617 747 1673 terrogationibus
771 1626 1092 1673 peccatorum
1117 1615 1285 1672 adiuti,
1313 1632 1440 1672 quae
1460 1616 1661 1661 latinam
1682 1627 1730 1661 et
1749 1631 1942 1673 germa-

322 1695 483 1738 nicam
520 1693 1011 1749 interpraetationem
1051 1693 1315 1747 continent,
1358 1708 1384 1737 e
1418 1693 1618 1749 scripto,
1656 1693 1944 1749 germanica

322 1770 506 1826 lingua,
535 1779 741 1825 peccata
767 1769 1108 1825 interrogante
1132 1769 1409 1814 sacerdote.
1439 1768 1515 1814 Ex
1539 1769 1713 1825 quibus
1742 1768 1832 1814 fuit
1865 1770 1944 1825 qui

321 1846 694 1891 luteranismum
719 1845 995 1897 imbiberat,
1018 1845 1113 1889 iam
1133 1845 1372 1901 grandior
1395 1855 1529 1900 natu,
1553 1861 1693 1901 quem
1714 1846 1811 1890 iam
1831 1861 1946 1902 poe-

322 1922 465 1967 nituit
490 1923 617 1978 (laus
637 1921 835 1966 Christo
860 1922 954 1977 sit),
982 1922 1326 1978 haeresimque
1350 1922 1566 1967 abiicere
1589 1923 1776 1967 statuit.

379 1998 441 2057 5„
490 1998 541 2043 P.
569 1997 778 2042 Ioannes
803 1997 1096 2042 Pelletarius
1121 1999 1152 2048 ¹,
1174 2006 1375 2053 praeter
1399 1996 1736 2043 confessiones
1761 2008 1808 2043 et
1832 2013 1943 2043 con-

322 2076 503 2128 ciones,
542 2090 663 2131 quas
697 2074 903 2131 singulis
937 2074 1105 2118 diebus
1139 2073 1277 2118 festis
1312 2074 1474 2124 habet,
1512 2089 1609 2118 non
1648 2075 1972 2131 poenitenda.

320 2152 600 2196 auditorum
626 2150 918 2206 frequentia,
941 2151 1117 2195 multos
1138 2151 1318 2201 uisitat,
1345 2166 1374 2195 a
1394 2150 1555 2195 multis
1574 2151 1675 2206 ipse
1696 2151 1939 2201 inuisitur,

321 2244 443 2284 quos
482 2228 682 2272 adiuuat
721 2226 942 2283 consilio,
984 2227 1194 2277 monitis,
1237 2236 1284 2271 et
1322 2242 1476 2283 opera
1516 2242 1620 2272 sua.
1664 2226 1796 2272 Idem
1839 2228 1943 2283 agit

321 2305 382 2350 D.
411 2304 576 2351 Guido
601 2305 632 2358 ²,
660 2303 903 2348 audiendo
929 2302 1230 2355 confitentes,
1259 2313 1306 2347 et
1330 2304 1735 2359 interpraetando
1767 2304 1943 2359 episto-

321 2384 418 2427 lam
444 2382 505 2426 D.
532 2381 700 2426 Iacobi
726 2397 754 2425 a
779 2380 984 2436 prandio
1010 2380 1177 2424 diebus
1202 2379 1354 2435 festis;
1383 2380 1462 2436 qui
1487 2380 1635 2424 etiam
1660 2380 1939 2425 scholarum

320 2475 443 2504 onus
468 2468 671 2504 coactus
697 2467 768 2502 est
792 2458 957 2503 subire
981 2457 1360 2513 aegrotantibus
1385 2457 1654 2514 magistris.

378 2536 420 2581 6.
487 2534 700 2580 Scholae
724 2550 832 2579 sese
856 2534 1036 2579 habent
1055 2544 1104 2578 ut
1128 2543 1291 2590 antea;
1320 2534 1559 2578 accedunt
1583 2534 1719 2589 pueri
1745 2550 1838 2579 non
1858 2534 1943 2579 ad-

320 2612 517 2657 modum
542 2612 701 2668 pauci,
729 2621 775 2656 et
800 2611 878 2666 qui
903 2625 1117 2666 graecas
1142 2610 1311 2655 literas
1335 2620 1614 2666 capessunt,
1653 2611 1777 2655 adeo
1811 2622 1860 2655 ut
1895 2611 1940 2655 in

321 2689 422 2733 dies
446 2697 687 2744 augescat
710 2702 958 2732 numerus.

378 2765 419 2809 7.
488 2764 696 2809 Fratres
720 2764 840 2809 satis
863 2762 1122 2819 proficiunt
1142 2771 1189 2807 et
1208 2762 1253 2807 in
1273 2763 1398 2807 liter
1388 2778 1426 2807 is
1445 2772 1493 2808 et
1512 2763 1557 2807 in
1577 2763 1832 2819 religione,
1855 2725 1942 2808 sed

320 2856 415 2896 quo
440 2841 545 2896 plus
569 2852 615 2885 et
640 2840 781 2885 citius
801 2838 1115 2896 proficiamus
1138 2838 1233 2884 tuis
1267 2839 1510 2895 precibus,
1550 2839 1732 2886 Reuer.
1770 2839 1935 2894 Pater,

369 3019 376 3036 ¹
432 3016 607 3063 Collegii
626 3017 978 3063 superintendens.

366 3076 379 3095 ²
430 3076 473 3113 P.
495 3075 627 3112 Guido
652 3077 835 3112 Roiletus
853 3076 1035 3120 (Roilet),
1059 3075 1223 3120 collegii
1242 3079 1385 3111 rector.
