2051 3516
358 298 427 334 714
822 298 1041 334 LITTERAE
1069 296 1422 340 QUADRIMESTRES

310 392 661 448 discipulorum
707 393 1031 448 promotione.
1081 391 1200 436 Dns.
1249 390 1483 435 Nicolaus
1528 387 1837 443 lotharingus
1883 397 1931 432 et

311 470 439 525 ngr.
468 469 760 514 Leonardus
795 471 826 526 ¹,
855 479 902 514 et
936 483 1150 525 graecas
1185 478 1231 512 et
1266 467 1443 511 latinas
1479 465 1646 510 literas
1680 464 1928 515 docentes,

310 546 507 601 ingenia
531 560 641 590 cum
666 561 850 603 magna
885 546 1029 590 laude
1065 545 1312 589 excolunt.
1344 542 1685 597 Philosophiae
1720 540 1929 585 studium

309 639 419 667 cum
445 623 830 678 disputationum
865 622 1103 668 exercitio
1139 630 1474 677 promouetur.
1503 619 1555 663 In
1591 618 1746 663 sacris
1779 617 1934 662 literis

315 700 606 745 Psalterium
640 700 919 745 dauidicum
954 698 1268 754 explanatur.
1306 696 1506 753 Septem
1542 705 1651 740 sunt
1686 694 1931 750 professo-

312 793 408 831 τες,
431 777 599 821 decem
624 776 769 822 facile
789 777 1150 822 desiderantur.
1180 774 1464 819 Literariae
1486 771 1752 828 voluptatis
1775 771 1936 816 studio

311 864 459 910 atque
484 854 843 899 exercitandae
878 852 1142 898 iuuentutis
1176 851 1342 908 gratia
1374 851 1530 895 lusum
1555 859 1627 894 est
1651 842 1837 905 aliquot
1860 863 1934 892 co-

313 931 516 975 moediis
545 931 710 976 latinis
735 940 782 976 et
806 930 998 987 gallicis
1023 946 1051 973 a
1076 944 1242 973 mense
1262 926 1558 972 Februario
1582 925 1705 982 Ipsis
1729 925 1937 969 baccha-

313 1008 504 1052 nalibus
530 1007 700 1053 habita
725 1017 799 1052 est
825 1004 1122 1052 declamatio
1142 1004 1390 1049 inuectiua
1414 1003 1657 1047 aduersus
1680 1002 1938 1057 crapulam

301 1094 360 1129 vet
404 1084 717 1137 ebrietatem,
760 1093 968 1129 auctore
1012 1082 1175 1137 Mgro.
1220 1080 1510 1135 Leonardo,
1552 1079 1820 1135 eodemque
1865 1078 1940 1122 die

313 1170 426 1206 acta
451 1171 524 1205 est
548 1161 804 1206 comoedia
824 1159 1054 1204 Herculis
1078 1173 1106 1202 a
1132 1159 1289 1203 latere
1309 1157 1486 1201 dextro
1505 1155 1705 1211 virtute,
1729 1154 1938 1205 ratione,

312 1237 599 1293 sobrietate,
628 1238 800 1282 labore
825 1245 872 1281 et
896 1235 1058 1292 gloria
1092 1234 1273 1290 stipatig
1302 1249 1364 1278 ex
1389 1234 1548 1278 altero
1584 1247 1704 1277 vero
1741 1246 1939 1286 venere,

313 1314 556 1370 cupidine,
584 1314 860 1370 voluptate,
897 1312 1154 1367 ebrietate,
1182 1310 1386 1355 infamia
1422 1309 1626 1354 obsessi.
1655 1307 1943 1364 Composita

315 1400 390 1436 est
431 1391 581 1435 latino
623 1390 860 1442 carmine,
899 1399 1106 1434 auctore
1141 1388 1305 1444 MgrO.
1344 1386 1602 1432 Ludouico
1642 1384 1940 1437 Gerardino,

314 1467 491 1513 tertiae
533 1467 680 1512 classi
721 1466 993 1523 praefecto
1033 1464 1192 1510 Feriis
1227 1463 1569 1521 praecidaneis
1607 1462 1945 1507 translationis

316 1544 377 1589 D.
404 1543 597 1589 Nicolai
637 1544 805 1588 habita
829 1554 902 1588 est
927 1542 1088 1587 oratio
1123 1556 1311 1597 graeca
1344 1541 1390 1585 in
1427 1540 1701 1585 encomium
1726 1539 1942 1584 eiusdem

315 1620 487 1677 sancti3
515 1620 688 1665 itidem
714 1620 866 1665 latina
891 1619 1189 1664 declamatio
1225 1618 1283 1662 de
1319 1617 1448 1662 serio
1485 1617 1740 1662 literarum
1765 1616 1942 1673 studio,
1985 1635 1988 1638 ⁴

316 1706 566 1752 postremo
598 1696 857 1742 comoedia
891 1710 1098 1752 graeca,
1126 1694 1345 1739 carmine
1379 1693 1766 1750 elegantissimo,
1793 1692 1939 1736 inter-

316 1773 619 1819 locutoribus
643 1772 844 1829 Sophia,
873 1773 1114 1819 Dianaea,
1145 1771 1382 1827 Arephilo
1416 1780 1463 1814 et
1498 1769 1804 1825 Oplophoro,
1834 1783 1939 1825 per-

318 1866 489 1896 sonam
526 1859 711 1895 mutam
747 1859 969 1905 gerente.
1008 1848 1147 1893 Haec
1183 1848 1345 1892 omnia
1381 1856 1588 1892 auctore
1624 1846 1785 1902 Mgro.
1818 1846 1943 1890 Leo-

316 1927 471 1972 nardo
496 1926 731 1983 primario
757 1925 1040 1982 professore
1066 1925 1197 1970 edita
1221 1924 1376 1970 fuere.
1405 1922 1478 1969 Eo
1504 1923 1579 1968 die
1606 1938 1701 1979 quo
1725 1922 1938 1967 solennis

317 2005 608 2061 supplicatio
633 2004 833 2059 pretiosi
859 2002 1111 2058 sanguinis
1136 2002 1391 2046 celebrata
1411 2010 1500 2056 est,
1523 2015 1689 2045 mense
1715 1999 1938 2055 proxime

318 2081 608 2137 praeterito,
636 2090 749 2126 acta
775 2090 847 2125 est
872 2080 1128 2125 comoedia
1164 2079 1313 2124 latina
1348 2094 1493 2134 super
1516 2077 1723 2122 historia
1746 2092 1940 2132 serpen-

320 2159 381 2203 tis
425 2159 580 2214 aenei,
629 2158 830 2202 Numer.
878 2157 976 2201 21.0
1022 2156 1286 2212 descripta,
1334 2154 1769 2200 interlocutoribus
1813 2153 1938 2208 Deo,

320 2236 507 2292 Moyse,
547 2236 712 2280 nuntio
748 2245 795 2280 et
830 2235 1007 2290 populo
1042 2234 1250 2279 iudaico.
1290 2234 1461 2278 Itidem
1495 2232 1676 2289 gallico
1714 2231 1940 2287 rhythmo

319 2314 377 2358 de
417 2313 570 2358 caede
611 2312 797 2367 Abelis,
837 2311 1271 2356 interltmutoribus
1310 2310 1435 2366 Deo,
1481 2310 1635 2354 Abele
1676 2320 1723 2353 et
1763 2307 1936 2363 Caino,

322 2399 527 2435 auctore
554 2390 715 2445 Mgro.
743 2390 968 2434 Roberto
1004 2387 1232 2442 Lanesio,
1261 2398 1308 2432 et
1332 2388 1549 2444 aegloga
1584 2386 1735 2431 latina
1759 2385 1818 2430 de
1843 2386 1942 2429 lau-

320 2467 460 2512 dibus
495 2467 606 2511 Dni.
635 2466 912 2515 Boutinelli,
941 2465 1191 2521 generalis
1220 2464 1391 2508 vicarii
1415 2462 1808 2517 clarmontensis,
1840 2462 1942 2506 vita

320 2543 536 2588 defuncti
578 2544 608 2597 ²,
652 2551 859 2587 auctore
901 2542 1061 2598 Mgro.
1104 2541 1375 2585 Ludouico.
1419 2540 1643 2596 Denique
1684 2549 1735 2584 vt
1777 2539 1944 2584 reduci

326 2621 447 2665 Ono.
487 2620 735 2676 episcopo,
772 2636 797 2664 e
832 2619 1132 2676 grauissimo
1168 2618 1325 2663 morbi
1360 2617 1637 2662 discrimine
1672 2616 1943 2679 mortisque

322 2697 540 2752 periculo
576 2696 774 2752 ancipiti
809 2696 871 2740 ad
905 2696 1056 2740 vitam
1091 2695 1344 2749 suscitato,
1382 2695 1772 2750 gratularemur,
1798 2692 1945 2737 tertio

324 2790 351 2818 a
384 2773 519 2818 feriis
560 2781 871 2828 pentecostes
905 2772 981 2816 die
1015 2772 1078 2816 ad
1112 2780 1329 2816 castrum
1371 2770 1670 2826 Euscopiam
1694 2785 1780 2814 seu
1804 2768 1948 2813 Belli-

326 2850 594 2906 regardum
628 2858 977 2904 nuncupatum,
1006 2857 1172 2892 rector
1207 2847 1403 2903 collegii
1437 2862 1548 2892 cum
1584 2846 1771 2890 duobus
1802 2844 1951 2889 sociis

374 3037 380 3054 ¹
435 3035 676 3071 Leonardus
696 3034 916 3070 Masserus.

373 3094 384 3112 ‘·'
436 3093 545 3130 Vide
567 3094 766 3140 superius,
789 3106 881 3140 pag.
902 3093 982 3128 551.
