2051 3516
381 303 450 339 902
847 305 1064 342 LITTERAE
1091 306 1446 352 QUADRIMESTRES

335 397 563 441 nondum
598 397 971 443 z'mzonczm'mus
1003 400 1241 446 lectiones
1273 416 1463 448 eornm.
1502 404 1582 448 De
1603 411 1620 430 ³
1650 406 1868 452 moribus
1906 408 1951 452 id

333 475 489 517 solum
515 473 677 518 dicam
703 490 811 519 esse
835 476 1140 532 singularem
1166 492 1342 524 eorum
1367 495 1491 535 erga
1515 492 1866 537 praeceptores
1891 499 1951 529 ac

334 560 565 605 parentes
599 551 617 577 b
649 552 1040 610 obseruantiam,
1073 563 1121 598 et
1162 555 1224 598 ad
1264 556 1599 611 quotidianum
1639 573 1837 604 sacrum
1867 576 1949 605 au-

333 626 559 671 diendum
601 627 741 683 eique
784 628 1009 674 certatim
1047 630 1435 687 inseruiendum,
1477 650 1537 679 ac
1578 641 1592 661 ⁰
1632 635 1949 683 libentissime

331 702 677 759 confitendum,
706 714 753 749 et
776 705 839 749 ad
863 707 1051 762 reliqua
1075 707 1256 759 diuina,
1282 709 1531 767 pietatem,
1560 721 1611 756 ut
1635 713 1712 756 uel
1737 713 1829 758 hac
1853 730 1949 759 una

331 794 392 823 ex
417 789 559 835 parte
584 780 851 837 singularis
875 798 983 827 sese
1014 783 1198 829 offerat
1233 785 1394 831 Deum
1429 788 1659 833 laudandi
1692 789 1832 845 eique
1866 792 1949 836 im-

330 870 529 900 mensas
552 856 746 912 gratias
771 858 946 913 agendi
972 861 1188 905 occasio.

386 931 432 976 3.
500 932 825 990 Theologiam
863 950 925 979 ex
959 937 1140 981 nostris
1174 937 1352 983 docent
1386 940 1601 996 quotidie
1634 950 1736 986 tres
1772 943 1815 986 in
1848 944 1946 988 uni-

329 1008 584 1065 uersitate3
613 1009 804 1055 discunt
829 1022 957 1069 octo,
985 1013 1168 1070 quibus
1192 1015 1456 1060 maditores
1480 1019 1718 1063 extranei
1737 1019 1946 1065 totidem

326 1085 439 1137 fere
463 1087 707 1132 accedunt
736 1087 767 1132 d.
796 1089 908 1134 Hoc
931 1100 1007 1134 est
1029 1090 1063 1135 7
1067 1129 1079 1148 ,
1103 1091 1154 1148 8,
1183 1093 1209 1136 l
1224 1093 1269 1148 I,
1291 1094 1380 1149 qui
1401 1100 1604 1139 numeri
1625 1099 1947 1153 magm'smzt

327 1161 379 1205 in
419 1161 701 1208 Germania
736 1166 1059 1212 audientium
1095 1168 1432 1225 theologicum,-
1455 1171 1672 1215 uem'zmt
1704 1177 1877 1218 autem
1900 1178 1948 1219 et

327 1252 383 1282 eo
409 1238 645 1284 libentius
668 1241 806 1297 quod
826 1242 876 1285 in
901 1242 1100 1287 Isaz'am
1124 1245 1305 1289 eadem
1339 1260 1471 1302 quae
1504 1247 1761 1304 dicuntur,
1789 1250 1945 1295 etiam

325 1314 601 1360 dictantur.
630 1316 777 1361 Fiunt
800 1318 1157 1374 disputationes
1186 1331 1487 1378 menstruae,
1515 1323 1838 1370 conferuntur
1862 1342 1944 1371 ex·

325 1393 524 1437 traneis
554 1399 570 1419 Ε
608 1394 796 1449 gradus
838 1396 981 1440 studii
1021 1397 1302 1455 theologici,
1340 1414 1435 1454 quo
1470 1401 1547 1445 uel
1589 1401 1658 1446 sic
1693 1403 1852 1458 magis
1885 1420 1944 1449 ac

324 1469 485 1525 magis
519 1469 580 1514 ad
614 1486 761 1515 sacra
797 1472 1161 1519 extumulentur.
1188 1475 1267 1519 De
1313 1474 1324 1500 f
1357 1477 1538 1521 nostris
1570 1488 1735 1523 autem
1760 1480 1942 1525 theolo-

323 1545 455 1600 giam
480 1545 791 1592 audientibus
817 1549 912 1593 duo
937 1550 1293 1595 concionantur
1317 1554 1602 1608 germanice
1628 1556 1805 1611 populo
1830 1571 1941 1601 cum

323 1636 505 1678 magna
538 1622 876 1668 satisfactione
911 1635 956 1670 et
990 1625 1169 1682 fructu;
1205 1627 1284 1671 alii
1319 1637 1421 1673 tres
1454 1630 1602 1675 latine
1633 1630 1678 1675 in
1710 1632 1942 1688 principis

322 1698 530 1754 collegio
566 1714 694 1743 nouo
730 1702 759 1744 ¹.
798 1700 875 1744 Ad
910 1701 1197 1747 facultatem
1232 1704 1410 1749 artium
1446 1721 1569 1751 unus
1602 1718 1824 1752 nostrum
1858 1709 1939 1754 ad-

321 1774 495 1819 missus
530 1785 618 1825 est,
657 1776 736 1832 qui
772 1778 1114 1823 conclusiones
1149 1796 1208 1824 ex
1244 1775 1489 1827 toto'fere
1526 1783 1795 1829 Aristotele
1829 1785 1939 1831 hinc

320 1850 429 1895 inde
464 1852 699 1897 collectas
733 1853 964 1910 defendit,
992 1864 1039 1899 et
1064 1855 1185 1901 duas
1210 1858 1462 1903 orationes
1496 1859 1557 1903 ad
1592 1861 1838 1906 studiosos
1861 1878 1937 1906 ar-

318 1928 437 1972 tium
463 1929 648 1985 habuit,
670 1940 718 1974 et
744 1941 957 1986 quatuor
981 1932 1025 1976 in
1051 1933 1230 1977 artium
1255 1936 1613 1981 baccalaureos
1637 1938 1937 1984 authoritate

319 2020 347 2048 a
376 2004 613 2049 facultate
648 2007 737 2051 sibi
774 2022 1027 2060 concessa,
1055 2011 1398 2065 praesentibus
1428 2013 1669 2061 nobilibus
1704 2023 1751 2058 et
1786 2016 1937 2060 uariis

318 2081 650 2127 uniuersitatis
682 2083 950 2141 ordinibus,
979 2101 1089 2130 cum
1114 2087 1342 2132 auditorii
1368 2089 1708 2135 satisfactione
1742 2107 1935 2146 promo-

317 2158 402 2202 uit.
430 2159 569 2203 Adeo
604 2160 659 2204 [εἰ
691 2161 924 2206 homines
958 2162 1217 2218 incipiunt
1235 2171 1443 2221 semper
1464 2168 1639 2223 magis
1662 2169 1935 2226 magisque

316 2235 534 2279 candide
558 2243 773 2281 conatus
796 2242 997 2283 nostros
1020 2240 1367 2296 interpretari.

372 2312 414 2355 4.
482 2311 598 2357 Non
623 2314 842 2358 miretur
872 2314 920 2360 T.
948 2315 1012 2361 R.
1040 2316 1101 2361 P.
1128 2318 1265 2374 quod
1285 2319 1696 2376 confessionibus
1724 2336 1784 2366 ac
1815 2336 1932 2367 san-

313 2391 424 2432 ctae
442 2390 787 2435 eucharistiae
796 2392 1217 2449 frequentationi
1231 2395 1398 2440 locum
1422 2397 1650 2443 nondum
1681 2399 1933 2455 dederim,-

312 2465 561 2520 templzmz
585 2466 722 2511 enim
748 2472 995 2523 nostrum,
1018 2470 1156 2526 quod
1175 2470 1425 2517 hactenus
1442 2473 1732 2531 habuimus,
1759 2475 1931 2522 decem

313 2541 564 2597 uulgares
595 2547 787 2598 passus
823 2545 947 2600 plus
983 2546 1159 2591 minus
1191 2547 1407 2605 longum
1440 2554 1529 2607 est,
1565 2555 1673 2596 octo
1690 2552 1931 2609 fortasse

311 2617 490 2674 latum,
518 2618 701 2663 deinde
724 2619 797 2664 ita
821 2622 1115 2676 expositum
1137 2625 1385 2669 transitui
1400 2625 1620 2683 publico,
1648 2631 1702 2672 ut
1724 2628 1817 2673 uix
1839 2643 1928 2674 au-

311 2693 529 2739 deamus
558 2696 610 2740 z‘n
645 2709 700 2740 eo
732 2697 940 2752 publica
973 2712 1127 2743 sacra
1160 2699 1413 2746 celebrare
1447 2703 1551 2747 nisi
1566 2704 1740 2759 primo
1763 2719 1925 2762 mane,

355 2883 372 2904 a
408 2883 680 2915 externorum.
734 2879 800 2908 —b
837 2892 988 2917 eorum.
1046 2888 1105 2909 Ἐ
1142 2883 1208 2918 ad.
1268 2883 1331 2910 —d
1371 2890 1508 2930 preter
1547 2891 1806 2923 externorum
1848 2901 1942 2925 non.

308 2936 592 2982 poenitendum
612 2950 838 2975 numerum.
892 2946 955 2966 —e
990 2940 1184 2977 externis.
1242 2941 1299 2968 —f
1331 2955 1391 2979 ex.

356 3102 364 3120 ¹
418 3100 524 3137 Vide
544 3115 636 3148 pag.
657 3102 738 3147 403,
759 3109 892 3140 annot.
913 3106 947 3141 o.
