2051 3516
412 287 481 324 482
873 288 1091 325 LITTERAE
1117 288 1470 334 QUADRIMESTRES

366 398 457 428 nae
482 385 495 407 ¹
528 383 573 427 in
606 397 695 427 nos
728 383 953 428 fauorem
989 400 1083 429 non
1118 384 1416 440 praeteribo,
1444 400 1572 441 quae
1606 401 1695 442 pro
1729 401 1818 431 sua
1853 402 1977 443 erga

365 476 610 516 pauperes
635 461 816 505 juvata
839 461 1081 506 charitate
1112 469 1302 505 tantum
1336 461 1482 517 panni
1516 462 1656 507 nobis
1679 463 1863 519 largita
1887 474 1975 519 est,

364 546 416 582 ut
450 552 618 581 omnes
652 537 836 582 fratres
869 538 1072 583 honeste
1107 537 1274 582 uestiri
1309 538 1509 594 possint.
1538 538 1767 585 Proxime
1800 540 1979 597 elapsis

365 613 535 658 diebus
559 614 800 670 quendam
826 629 888 658 ex
911 614 1050 659 curia
1074 614 1203 659 misit
1226 613 1287 659 ad
1312 630 1416 672 nos,
1443 624 1494 660 ut
1518 615 1758 661 instanter
1782 617 1978 661 omnino

364 700 642 747 quaereret,
666 691 953 746 quibusnam
978 692 1126 737 rebus
1149 691 1446 736 necessariis
1469 692 1732 748 collegium
1755 702 1978 738 nostrum

364 767 628 823 indigeret;
671 777 899 823 paratam
939 783 990 813 se
1034 767 1253 812 offerens
1297 768 1358 812 ad
1401 768 1786 814 subueniendum
1819 770 1974 815 nobis.

420 845 462 889 4.
529 843 653 889 Sunt
678 853 727 889 et
750 844 965 900 episcopi
990 845 1184 901 quidam
1209 844 1288 900 qui
1312 844 1453 889 nobis
1486 859 1586 890 non
1621 846 1756 890 male
1789 845 1976 903 fauent,

363 937 424 966 ex
448 921 621 978 quibus
645 925 721 965 est
742 920 806 965 R.
835 927 852 947 ³
882 920 1284 977 archiepiscopus
1314 920 1657 977 strigoniensis
1691 922 1705 946 2
1740 922 1979 978 singulari

361 1013 449 1042 nos
475 998 807 1054 complectens
830 1013 1016 1055 amore,
1040 998 1167 1054 quod
1187 997 1398 1043 ostendit
1416 998 1640 1054 proxime
1660 1014 1769 1044 cum
1788 999 1852 1044 illi
1871 1014 1978 1055 sup-

362 1075 659 1131 plicaremus
698 1090 787 1130 pro
828 1075 1078 1120 ordinibus
1118 1074 1277 1119 sacris
1316 1075 1557 1121 fratribus
1595 1076 1776 1121 nostris
1815 1076 1978 1121 confe-

362 1152 540 1197 rendis:
569 1152 663 1208 qui,
690 1151 804 1208 quia
828 1151 873 1196 id
897 1168 992 1196 non
1017 1161 1212 1208 poterat
1236 1151 1280 1196 in
1317 1151 1479 1197 aliena
1512 1152 1727 1198 diocoesi
1760 1163 1979 1209 praesta-

361 1244 429 1284 re,
458 1228 610 1273 literis
635 1227 801 1273 effecit
824 1237 875 1272 ut
904 1244 1021 1273 suus
1047 1227 1399 1283 suffraganeus
1434 1228 1720 1285 Tyrnauiae
1753 1229 1846 1274 hoc
1879 1244 1978 1273 mu-

360 1321 449 1350 nus
473 1306 676 1350 subiret.
703 1305 899 1350 Nostris
922 1305 998 1350 hic
1021 1304 1420 1361 archiepiScopus
1445 1314 1492 1350 et
1526 1305 1761 1351 viaticum
1796 1314 1843 1350 et
1876 1305 1978 1350 lite-

360 1398 442 1427 ras
467 1382 783 1435 humanitatis
807 1383 977 1437 plenas
997 1382 1140 1437 dedit,
1169 1391 1220 1427 ut
1239 1382 1341 1427 sine
1360 1381 1708 1438 impedimento
1727 1382 1827 1427 uoti
1848 1397 1976 1427 com-

361 1469 499 1515 potes
523 1458 710 1504 fierent.

415 1537 458 1581 5.
525 1534 623 1580 Sed
647 1544 695 1580 et
718 1535 1005 1591 Tyrnauiae
1026 1535 1170 1591 (quae
1195 1544 1269 1580 est
1288 1535 1517 1591 oppidum
1541 1534 1824 1592 Vngariae)
1847 1550 1977 1579 sum-

359 1629 488 1657 mam
514 1628 632 1658 sane
656 1612 894 1657 fratribus
918 1613 1098 1656 nostris
1116 1612 1340 1657 canonici
1365 1621 1412 1656 et
1431 1611 1730 1668 peculiarem
1750 1611 1977 1657 exhibue-
2010 1645 2013 1649 -

358 1699 470 1735 runt
495 1690 903 1743 beneuolentiam,
931 1689 1092 1733 cibum
1117 1688 1373 1744 dederunt,
1401 1697 1448 1733 et
1471 1689 1723 1734 ordinibus
1743 1688 1974 1745 acceptis,

358 1777 409 1812 ut
433 1767 657 1812 securius
681 1776 883 1823 propter
907 1767 999 1811 loci
1024 1776 1072 1811 et
1097 1766 1299 1811 militum
1325 1766 1546 1822 pericula
1571 1766 1765 1811 domum
1790 1774 1979 1822 repete-

359 1853 483 1900 rent,
512 1859 711 1888 currum
736 1852 784 1888 et
808 1843 1063 1888 honestum
1089 1842 1319 1888 viaticum
1344 1842 1390 1887 in
1415 1843 1600 1888 amoris
1625 1843 1696 1888 sui
1730 1858 1855 1898 erga
1888 1857 1978 1887 nos

358 1920 550 1975 signum
576 1920 739 1975 largiti
765 1929 893 1976 sunt,
920 1929 967 1964 et
991 1920 1105 1964 nihil
1129 1935 1222 1964 non
1248 1919 1618 1976 praestiterunt,
1646 1919 1775 1975 quod
1800 1919 1980 1963 nostris

353 1997 691 2042 'necessarium
723 2008 769 2041 et
802 1996 1124 2041 honorificum
1159 1996 1455 2041 iudicarunt.
1494 1996 1730 2042 Libenter
1762 1995 1886 2040 duos
1919 2011 1979 2040 ex

358 2074 538 2118 nostris
562 2074 753 2118 alerent
776 2073 1169 2130 concionatores,
1197 2073 1276 2129 qui
1307 2082 1355 2118 et
1379 2073 1425 2117 in
1448 2073 1627 2118 scholis
1662 2073 1899 2118 docerent
1932 2081 1980 2117 et

358 2149 517 2206 populi
544 2149 856 2206 ignorantiae
880 2149 1213 2194 subuenirent.
1241 2149 1599 2206 Hungarorum
1631 2164 1756 2205 erga
1785 2164 1873 2194 nos
1898 2149 1978 2193 hu-

357 2227 566 2272 manitas
589 2242 684 2271 non
709 2227 904 2272 videtur
927 2242 1035 2272 esse
1059 2227 1260 2283 exigua,
1287 2227 1401 2283 quia
1426 2227 1806 2284 frequentissimi
1841 2227 1977 2272 scho-

358 2305 515 2348 larum
541 2313 824 2349 nostrarum
849 2303 1084 2348 lectiones
1113 2304 1316 2349 audiunt
1352 2312 1400 2348 et
1434 2303 1720 2359 disciplinae
1753 2304 1975 2348 subsunt.

358 2380 496 2425 Alius
521 2380 716 2436 quidam
741 2380 999 2436 episcopus
1024 2395 1249 2436 vngarus
1267 2390 1475 2436 cuperet
1496 2381 1814 2425 uehementer
1834 2380 1978 2425 habe-

358 2473 410 2502 re
430 2457 831 2502 concionatorem
851 2458 910 2502 de
929 2456 1196 2512 Societate,
1219 2458 1257 2502 si
1282 2458 1379 2502 ullo
1399 2457 1543 2502 modo
1562 2457 1666 2502 fieri
1686 2466 1866 2513 posset,
1889 2471 1979 2501 nec

355 2539 621 2589 pateretur
643 2535 842 2592 aliquid
857 2534 994 2592 quod
1014 2535 1335 2580 necessitatis
1359 2539 1505 2591 esset,
1533 2535 1725 2580 deesse.

412 2615 454 2655 o,
523 2612 878 2667 Capz'tanaens
900 2611 918 2637 ¹³
944 2612 1246 2667 tergestinus
1281 2612 1342 2656 D.
1380 2611 1589 2657 Ioannes
1624 2612 1688 2656 ab
1723 2611 1860 2668 Oios,
1898 2627 1977 2656 no—

353 2698 488 2732 strae
512 2688 775 2733 Societatis
799 2688 1118 2747 singulariter
1141 2689 1406 2745 studiOSUS,
1435 2689 1701 2744 desyderat
1733 2698 1786 2734 ut
1811 2687 1977 2733 Socie-

402 2844 418 2863 3
463 2844 522 2873 est
543 2838 664 2874 delet.
687 2841 725 2874 et
747 2841 926 2875 restitut.
982 2838 1045 2865 —b
1078 2838 1330 2875 Praefectus.

402 2965 409 2982 ¹
464 2963 608 3007 Maria,
630 2976 728 3000 uxor
748 2964 1027 3009 Maximiliani,
1056 2964 1165 3009 regis
1192 2962 1431 3004 Bohemiae,
1462 2962 1543 2998 filia
1571 2961 1710 2999 Caroli
1742 2961 1780 2997 V
1808 2962 1977 3008 impera-

351 3023 464 3059 toris.

400 3084 412 3101 ²
463 3082 654 3118 Nicolaus
673 3084 841 3119 Olahus.
