2051 3516
578 356 952 394 172.-PLAcEN›r1A
977 354 1019 392 31
1050 353 1160 401 MAJI
1189 353 1280 390 1558
1629 350 1695 387 691

117 453 427 512 grauissimis
472 452 614 498 huius
658 452 810 509 urbis,
858 452 1062 497 multum
1105 448 1353 494 communi
1403 445 1747 502 tranquillitati

117 530 521 576 conducentibus:
541 545 668 586 quae
692 529 783 575 sibi
808 528 1038 585 imposita
1062 527 1130 572 ita
1150 525 1415 582 diligenter
1439 523 1747 569 administra-

118 607 201 664 uit,
230 618 281 652 ut
305 607 470 652 omnia
494 622 556 652 ex
581 606 728 652 animi
752 606 997 651 sententia
1021 602 1371 650 successerint.
1394 601 1623 646 Christus
1648 601 1747 645 lau-

118 686 261 730 detur
285 684 330 729 in
356 695 629 741 aeternum,
657 684 735 741 qui
771 684 1003 740 dignatus
1039 691 1110 729 est
1145 695 1234 738 per
1268 679 1470 724 Patrem
1505 694 1615 724 eum
1650 677 1748 722 fru-

118 772 249 808 ctum
273 763 469 808 tandem
495 762 749 818 colligere,
776 778 865 818 pro
891 777 985 818 quo
1010 759 1308 805 maturando
1328 757 1381 802 P.
1403 756 1677 802 Villanoua
1703 765 1750 801 et

118 841 171 886 P.
198 840 259 886 D.
290 838 486 886 Salinas
511 840 591 885 diu
617 840 923 897 multumque
947 839 1321 884 laborauerant.

175 919 218 964 3.
287 918 338 963 In
363 917 757 964 confessionibus
780 927 828 963 et
852 916 1277 962 communionibus
1306 913 1478 960 eadem
1504 912 1652 959 etiam
1677 921 1751 957 est

119 996 384 1041 assiduitas
419 1005 467 1041 et
501 995 771 1052 diligentia,
814 1010 927 1039 nam
969 993 1174 1050 singulis
1213 991 1465 1049 quibusuis
1502 990 1751 1036 mensibus

117 1073 488 1118 communiones
513 1082 837 1118 externorum
861 1071 1202 1127 septingentas
1233 1077 1488 1125 superant,
1516 1083 1607 1113 nec
1632 1082 1750 1112 raro

117 1150 460 1207 septingentas
484 1148 858 1206 quinquaginta:
882 1163 1024 1204 quae,
1053 1162 1112 1192 eo
1132 1147 1300 1203 plures
1321 1146 1632 1201 uidebuntur,
1656 1160 1751 1201 quo

118 1228 280 1286 magis
305 1228 594 1273 attendatur
618 1241 806 1283 paruus
829 1240 1065 1271 numerus
1090 1224 1364 1269 incolarum
1388 1223 1528 1268 huius
1555 1222 1692 1268 vrbis
1717 1223 1747 1266 ¹.

177 1306 220 1352 4.
287 1306 365 1351 Ex
389 1305 728 1359 concionibus,
755 1319 882 1360 quae
907 1302 1107 1348 habitae
1130 1301 1330 1347 fuerant
1364 1302 1410 1346 in
1446 1301 1750 1357 quadrages-

118 1383 244 1429 sima
268 1382 463 1440 (quibus
487 1381 849 1439 confessionem
873 1380 1178 1437 generalem,
1206 1389 1257 1424 ut
1287 1394 1391 1424 rem
1426 1378 1561 1423 miris
1595 1377 1752 1423 modis

119 1459 304 1516 utilem,
331 1459 596 1517 aliquando
621 1458 798 1504 Patres
823 1456 1122 1515 suaserant),
1152 1455 1306 1513 multi,
1336 1455 1406 1501 rei
1433 1455 1751 1500 commodita-

119 1547 168 1582 te
192 1546 457 1594 perspecta
482 1547 530 1582 et
554 1552 640 1593 spe
664 1545 766 1581 tam
791 1536 950 1581 sancti
984 1534 1108 1580 lucri
1143 1533 1375 1590 conuicti,
1413 1533 1493 1590 qui
1523 1542 1639 1578 ante
1675 1533 1753 1578 uel

120 1615 233 1672 quia
258 1630 354 1660 non
378 1626 542 1660 essent
566 1614 688 1659 satis
711 1613 890 1670 parati,
928 1613 1007 1658 uel
1042 1621 1246 1669 propter
1280 1610 1620 1656 confitentium
1655 1625 1752 1655 ma-

119 1708 269 1749 gnam
294 1692 506 1750 copiam,
534 1692 614 1737 uel
638 1700 774 1737 certe
800 1690 915 1747 quia
939 1706 1033 1735 non
1059 1689 1257 1734 omnino
1278 1689 1628 1745 decreuerant,
1657 1703 1752 1733 non

119 1770 335 1816 confessi
369 1779 482 1816 sunt
515 1772 551 1827 a,
588 1778 700 1826 post
732 1769 915 1813 multos
950 1768 1054 1813 dies
1093 1767 1155 1813 ad
1195 1783 1284 1812 nos
1324 1774 1663 1823 accesserunt,
1707 1774 1754 1810 et

120 1848 309 1905 apertis
332 1863 420 1904 per
443 1846 805 1892 confessionem
831 1845 1066 1902 peccatis,
1094 1860 1206 1890 eam
1231 1844 1510 1901 utilitatem,
1543 1843 1589 1888 id
1623 1843 1752 1888 oble-

120 1934 424 1971 ctamentum
449 1925 494 1970 in
518 1924 750 1981 Domino,
778 1922 906 1980 quod
925 1931 974 1968 et
992 1921 1072 1968 alii
1093 1922 1254 1967 solent
1273 1922 1563 1978 plerunque,
1586 1935 1752 1977 repor-

121 2012 307 2049 tarunt.

178 2081 220 2127 5.
291 2079 501 2126 Cuidam
526 2096 647 2137 prae
672 2079 888 2125 caeteris
913 2078 1006 2124 fuit
1035 2077 1282 2124 confessio
1317 2077 1639 2132 fructuosior,
1677 2075 1756 2121 cui

122 2158 290 2204 fuerat
310 2174 437 2204 uxor
455 2173 544 2215 per
563 2158 741 2203 multos
759 2157 862 2202 dies
881 2172 978 2201 non
998 2171 1174 2213 parum
1194 2164 1443 2212 suspecta3
1466 2163 1514 2199 et
1531 2154 1757 2211 quamuis

122 2236 167 2281 in
193 2251 303 2281 eam
328 2235 658 2292 suspicionem
684 2250 748 2280 ex
771 2233 1033 2280 leuissimis
1052 2232 1353 2278 coniecturis
1373 2241 1421 2277 et
1441 2231 1577 2276 falsis
1599 2231 1755 2276 uenis-

121 2323 213 2371 set,
240 2329 299 2359 eo
323 2323 490 2359 tamen
514 2321 851 2370 processerat,
873 2311 1142 2369 instigante
1163 2311 1420 2366 daemone,
1444 2306 1603 2365 utpro
1623 2309 1756 2354 indu-

123 2391 280 2437 bitato
304 2391 512 2437 haberet
537 2406 597 2436 ac
620 2389 899 2436 firmissime
929 2390 1060 2435 intra
1094 2398 1266 2446 pectus
1301 2372 1638 2444 asseueraret,
1674 2402 1756 2444 pa-

122 2485 233 2514 rum
257 2469 347 2514 sibi
371 2468 519 2514 fidam
541 2484 684 2514 suam
710 2483 918 2513 uxorem
942 2467 1207 2523 exstitisse3
1246 2475 1293 2512 et
1327 2466 1424 2511 iam
1460 2465 1663 2522 perinde
1698 2480 1758 2510 ac

123 2546 170 2591 in
194 2546 300 2603 ipso
325 2545 569 2592 adulterio
604 2546 982 2602 deprehensam,
1019 2545 1235 2601 parabat
1269 2543 1578 2588 miserrimus
1612 2543 1758 2587 homo

123 2624 183 2670 de
207 2623 369 2669 medio
394 2623 586 2678 tollere,
614 2632 663 2669 et
686 2622 868 2668 iniusta
892 2631 941 2668 et
964 2621 1221 2679 praecipiti
1245 2631 1421 2677 morte,
1444 2629 1653 2676 accepto
1678 2620 1757 2665 do-

123 2700 216 2746 lori
239 2716 436 2758 parere,
464 2710 512 2746 et
535 2699 823 2746 iracundiae
847 2699 1055 2745 seruire.
1079 2698 1207 2745 Cum
1228 2714 1353 2755 ergo
1374 2698 1549 2743 mulier
1568 2698 1692 2743 haec
1711 2697 1757 2742 in

123 2778 303 2824 marito
328 2778 664 2835 cogitabundo
689 2776 975 2834 grauissimi
1001 2776 1245 2822 moeroris
1275 2784 1451 2833 aperta
1476 2774 1655 2820 indicia
1679 2774 1758 2820 de-

171 2934 190 2953 ²
240 2934 271 2971 3
286 2946 354 2972 vv.
372 2933 575 2980 praeced.
597 2933 757 2970 addita
775 2936 881 2970 sunt
897 2937 1036 2979 supra
1055 2943 1164 2970 vers.
1177 2932 1338 2978 forsan
1360 2931 1513 2968 eadem
1534 2942 1687 2968 manu.

179 3068 189 3087 ¹
239 3066 411 3104 Ineunte
446 3079 552 3103 anno
588 3066 675 3102 1571
712 3066 1034 3102 numerabantur
1074 3065 1114 3101 in
1152 3064 1253 3100 urbe
1288 3063 1501 3100 Placentia
1538 3063 1628 3099 1700
1662 3062 1755 3099 foci.

126 3126 190 3165 Cf.
215 3126 346 3164 Censo
365 3126 420 3163 de
433 3126 665 3172 poblacz·6n
684 3125 739 3163 de
757 3126 825 3162 las
840 3125 1136 3171 pmvz’nciasy
1154 3123 1358 3170 partz'dos
1379 3123 1434 3160 de
1452 3124 1495 3160 la
1519 3123 1683 3160 Corona
1710 3122 1764 3159 de

130 3186 311 3224 Castilla
331 3197 382 3223 en
402 3187 442 3223 el
458 3187 567 3232 siglo
588 3185 629 3222 X
638 3181 754 3227 VJ....
777 3197 871 3232 pag.
892 3184 974 3221 373.
