<?xml version="1.0" encoding="UTF-8"?>
<!DOCTYPE html PUBLIC "-//W3C//DTD XHTML 1.0 Transitional//EN"
    "http://www.w3.org/TR/xhtml1/DTD/xhtml1-transitional.dtd">
<html xmlns="http://www.w3.org/1999/xhtml" xml:lang="en" lang="en">
 <head>
  <title>
</title>
<meta http-equiv="Content-Type" content="text/html;charset=utf-8" />
  <meta name='ocr-system' content='tesseract 3.04.00' />
  <meta name='ocr-capabilities' content='ocr_page ocr_carea ocr_par ocr_line ocrx_word'/>
</head>
<body>
  <div class='ocr_page' id='page_1' title='image "./litteraequadrime17lain_0034.png"; bbox 0 0 2051 3516; ppageno 0'>
   <div class='ocr_carea' id='block_1_1' title="bbox 323 325 1383 371">
    <p class='ocr_par' dir='ltr' id='par_1_1' title="bbox 323 325 1383 371">
     <span class='ocr_line' id='line_1_1' title="bbox 323 325 1383 371; baseline 0 -10"><span class='ocrx_word' id='word_1_1' title='bbox 323 327 345 361; x_wconf 73' lang='lat'>4</span> <span class='ocrx_word' id='word_1_2' title='bbox 787 325 1004 362; x_wconf 79' lang='lat' dir='ltr'>LITTERAE</span> <span class='ocrx_word' id='word_1_3' title='bbox 1031 325 1383 371; x_wconf 72' lang='lat' dir='ltr'><strong>QUADRIMESTRES</strong></span> 
     </span>
    </p>
   </div>
   <div class='ocr_carea' id='block_1_2' title="bbox 275 416 1904 2144">
    <p class='ocr_par' dir='ltr' id='par_1_2' title="bbox 275 416 1895 780">
     <span class='ocr_line' id='line_1_2' title="bbox 275 416 1893 477; baseline -0.002 -11"><span class='ocrx_word' id='word_1_4' title='bbox 275 420 583 477; x_wconf 72' lang='lat' dir='ltr'>parabzmt212</span> <span class='ocrx_word' id='word_1_5' title='bbox 612 433 724 466; x_wconf 89' lang='lat' dir='ltr'>nam</span> <span class='ocrx_word' id='word_1_6' title='bbox 749 416 986 465; x_wconf 84' lang='lat' dir='ltr'>Societati</span> <span class='ocrx_word' id='word_1_7' title='bbox 1017 420 1221 465; x_wconf 89' lang='lat' dir='ltr'>multum</span> <span class='ocrx_word' id='word_1_8' title='bbox 1255 418 1436 464; x_wconf 84' lang='lat' dir='ltr'>addicti</span> <span class='ocrx_word' id='word_1_9' title='bbox 1471 428 1596 465; x_wconf 89' lang='lat' dir='ltr'>sunt.</span> <span class='ocrx_word' id='word_1_10' title='bbox 1635 418 1893 474; x_wconf 85' lang='lat' dir='ltr'><strong>Nunquam</strong></span> 
     </span>
     <span class='ocr_line' id='line_1_3' title="bbox 277 493 1894 552; baseline -0.002 -11"><span class='ocrx_word' id='word_1_11' title='bbox 277 496 379 542; x_wconf 88' lang='lat' dir='ltr'>istis</span> <span class='ocrx_word' id='word_1_12' title='bbox 404 496 448 541; x_wconf 91' lang='lat' dir='ltr'>in</span> <span class='ocrx_word' id='word_1_13' title='bbox 474 494 592 540; x_wconf 90' lang='lat' dir='ltr'>locis</span> <span class='ocrx_word' id='word_1_14' title='bbox 615 494 834 540; x_wconf 90' lang='lat' dir='ltr'>auditum</span> <span class='ocrx_word' id='word_1_15' title='bbox 860 505 948 549; x_wconf 90' lang='lat' dir='ltr'>est,</span> <span class='ocrx_word' id='word_1_16' title='bbox 975 495 1103 552; x_wconf 89' lang='lat' dir='ltr'>quod</span> <span class='ocrx_word' id='word_1_17' title='bbox 1127 494 1378 552; x_wconf 82' lang='lat' dir='ltr'>praecipui</span> <span class='ocrx_word' id='word_1_18' title='bbox 1412 510 1471 540; x_wconf 92' lang='lat' dir='ltr'>ac</span> <span class='ocrx_word' id='word_1_19' title='bbox 1505 494 1647 551; x_wconf 91' lang='lat' dir='ltr'>primi</span> <span class='ocrx_word' id='word_1_20' title='bbox 1681 493 1894 540; x_wconf 89' lang='lat' dir='ltr'>ciuitatis</span> 
     </span>
     <span class='ocr_line' id='line_1_4' title="bbox 276 568 1895 628; baseline -0.002 -10"><span class='ocrx_word' id='word_1_21' title='bbox 276 571 345 618; x_wconf 88' lang='lat' dir='ltr'>sic</span> <span class='ocrx_word' id='word_1_22' title='bbox 368 586 483 619; x_wconf 89' lang='lat' dir='ltr'>suos</span> <span class='ocrx_word' id='word_1_23' title='bbox 507 570 752 615; x_wconf 79' lang='lat' dir='ltr'>offerrent</span> <span class='ocrx_word' id='word_1_24' title='bbox 776 568 1014 616; x_wconf 84' lang='lat' dir='ltr'>Societati</span> <span class='ocrx_word' id='word_1_25' title='bbox 1044 570 1184 628; x_wconf 80' lang='lat' dir='ltr'>filios,</span> <span class='ocrx_word' id='word_1_26' title='bbox 1225 570 1350 616; x_wconf 84' lang='lat' dir='ltr'>sicut</span> <span class='ocrx_word' id='word_1_27' title='bbox 1383 570 1477 616; x_wconf 90' lang='lat' dir='ltr'>ista</span> <span class='ocrx_word' id='word_1_28' title='bbox 1512 570 1557 619; x_wconf 90' lang='lat' dir='ltr'>in</span> <span class='ocrx_word' id='word_1_29' title='bbox 1591 570 1791 616; x_wconf 88' lang='lat' dir='ltr'>ciuitate</span> <span class='ocrx_word' id='word_1_30' title='bbox 1825 569 1895 615; x_wconf 82' lang='lat' dir='ltr'>fa-</span> 
     </span>
     <span class='ocr_line' id='line_1_5' title="bbox 276 646 1894 703; baseline -0.001 -9"><span class='ocrx_word' id='word_1_31' title='bbox 276 658 407 694; x_wconf 90' lang='lat' dir='ltr'>ctum</span> <span class='ocrx_word' id='word_1_32' title='bbox 432 657 520 693; x_wconf 87' lang='lat' dir='ltr'>est.</span> <span class='ocrx_word' id='word_1_33' title='bbox 548 647 651 691; x_wconf 91' lang='lat' dir='ltr'>Nec</span> <span class='ocrx_word' id='word_1_34' title='bbox 675 647 767 692; x_wconf 91' lang='lat' dir='ltr'>hoc</span> <span class='ocrx_word' id='word_1_35' title='bbox 791 647 860 691; x_wconf 88' lang='lat' dir='ltr'>eis</span> <span class='ocrx_word' id='word_1_36' title='bbox 883 647 1003 692; x_wconf 88' lang='lat' dir='ltr'>satis</span> <span class='ocrx_word' id='word_1_37' title='bbox 1027 656 1116 703; x_wconf 90' lang='lat' dir='ltr'>est,</span> <span class='ocrx_word' id='word_1_38' title='bbox 1143 647 1228 692; x_wconf 89' lang='lat' dir='ltr'>sed</span> <span class='ocrx_word' id='word_1_39' title='bbox 1252 657 1300 692; x_wconf 91' lang='lat' dir='ltr'>et</span> <span class='ocrx_word' id='word_1_40' title='bbox 1323 646 1431 691; x_wconf 89' lang='lat' dir='ltr'>filiis</span> <span class='ocrx_word' id='word_1_41' title='bbox 1465 646 1525 692; x_wconf 91' lang='lat' dir='ltr'>de</span> <span class='ocrx_word' id='word_1_42' title='bbox 1559 646 1782 692; x_wconf 89' lang='lat' dir='ltr'>omnibus</span> <span class='ocrx_word' id='word_1_43' title='bbox 1816 661 1894 692; x_wconf 90' lang='lat' dir='ltr'>ne-</span> 
     </span>
     <span class='ocr_line' id='line_1_6' title="bbox 275 723 1594 780; baseline -0.003 -8"><span class='ocrx_word' id='word_1_44' title='bbox 275 724 506 773; x_wconf 88' lang='lat' dir='ltr'>cessariis</span> <span class='ocrx_word' id='word_1_45' title='bbox 531 723 806 779; x_wconf 87' lang='lat' dir='ltr'>prouident,</span> <span class='ocrx_word' id='word_1_46' title='bbox 833 733 881 768; x_wconf 91' lang='lat' dir='ltr'>et</span> <span class='ocrx_word' id='word_1_47' title='bbox 903 738 1098 779; x_wconf 85' lang='lat' dir='ltr'>semper</span> <span class='ocrx_word' id='word_1_48' title='bbox 1121 724 1385 780; x_wconf 89' lang='lat' dir='ltr'>prouidere</span> <span class='ocrx_word' id='word_1_49' title='bbox 1409 724 1594 769; x_wconf 88' lang='lat' dir='ltr'>uolunt.</span> 
     </span>
    </p>

    <p class='ocr_par' dir='ltr' id='par_1_3' title="bbox 278 799 1898 1075">
     <span class='ocr_line' id='line_1_7' title="bbox 335 799 1898 856; baseline -0.001 -10"><span class='ocrx_word' id='word_1_50' title='bbox 335 801 375 846; x_wconf 84' lang='lat'>7.</span> <span class='ocrx_word' id='word_1_51' title='bbox 443 799 656 845; x_wconf 83' lang='lat' dir='ltr'>Senatus</span> <span class='ocrx_word' id='word_1_52' title='bbox 695 800 986 844; x_wconf 86' lang='lat' dir='ltr'>coloniensis</span> <span class='ocrx_word' id='word_1_53' title='bbox 1025 800 1146 845; x_wconf 92' lang='lat' dir='ltr'>bene</span> <span class='ocrx_word' id='word_1_54' title='bbox 1184 815 1308 856; x_wconf 87' lang='lat' dir='ltr'>erga</span> <span class='ocrx_word' id='word_1_55' title='bbox 1348 815 1436 844; x_wconf 89' lang='lat' dir='ltr'>nos</span> <span class='ocrx_word' id='word_1_56' title='bbox 1476 799 1689 846; x_wconf 80' lang='lat' dir='ltr'>affectus</span> <span class='ocrx_word' id='word_1_57' title='bbox 1723 808 1813 852; x_wconf 85' lang='lat' dir='ltr'>est,</span> <span class='ocrx_word' id='word_1_58' title='bbox 1850 808 1898 844; x_wconf 89' lang='lat' dir='ltr'>et</span> 
     </span>
     <span class='ocr_line' id='line_1_8' title="bbox 278 874 1898 932; baseline -0.002 -9"><span class='ocrx_word' id='word_1_59' title='bbox 278 877 451 924; x_wconf 90' lang='lat' dir='ltr'>ciuitas</span> <span class='ocrx_word' id='word_1_60' title='bbox 475 885 579 921; x_wconf 85' lang='lat' dir='ltr'>tota</span> <span class='ocrx_word' id='word_1_61' title='bbox 610 875 871 931; x_wconf 81' lang='lat' dir='ltr'>collegium</span> <span class='ocrx_word' id='word_1_62' title='bbox 904 875 1044 920; x_wconf 91' lang='lat' dir='ltr'>nobis</span> <span class='ocrx_word' id='word_1_63' title='bbox 1077 875 1197 921; x_wconf 92' lang='lat' dir='ltr'>dare</span> <span class='ocrx_word' id='word_1_64' title='bbox 1232 876 1501 929; x_wconf 89' lang='lat' dir='ltr'>intendunt,</span> <span class='ocrx_word' id='word_1_65' title='bbox 1539 874 1898 932; x_wconf 86' lang='lat' dir='ltr'>quamprimum</span> 
     </span>
     <span class='ocr_line' id='line_1_9' title="bbox 278 951 1898 1008; baseline -0.001 -10"><span class='ocrx_word' id='word_1_66' title='bbox 278 953 356 998; x_wconf 90' lang='lat' dir='ltr'>ille</span> <span class='ocrx_word' id='word_1_67' title='bbox 389 963 571 1006; x_wconf 86' lang='lat' dir='ltr'>rector,</span> <span class='ocrx_word' id='word_1_68' title='bbox 609 951 687 1008; x_wconf 87' lang='lat' dir='ltr'>qui</span> <span class='ocrx_word' id='word_1_69' title='bbox 727 951 843 996; x_wconf 87' lang='lat' dir='ltr'>illud</span> <span class='ocrx_word' id='word_1_70' title='bbox 881 951 1041 997; x_wconf 91' lang='lat' dir='ltr'>adhuc</span> <span class='ocrx_word' id='word_1_71' title='bbox 1078 951 1335 1008; x_wconf 88' lang='lat' dir='ltr'>inhabitat,</span> <span class='ocrx_word' id='word_1_72' title='bbox 1378 951 1554 997; x_wconf 82' lang='lat' dir='ltr'>exierit</span> <span class='ocrx_word' id='word_1_73' title='bbox 1581 953 1607 1007; x_wconf 79' lang='lat'>¹3</span> <span class='ocrx_word' id='word_1_74' title='bbox 1631 951 1760 1007; x_wconf 89' lang='lat' dir='ltr'>quod</span> <span class='ocrx_word' id='word_1_75' title='bbox 1800 951 1898 997; x_wconf 87' lang='lat' dir='ltr'>iarn</span> 
     </span>
     <span class='ocr_line' id='line_1_10' title="bbox 278 1028 772 1075; baseline -0.004 0"><span class='ocrx_word' id='word_1_76' title='bbox 278 1029 417 1075; x_wconf 88' lang='lat' dir='ltr'>breui</span> <span class='ocrx_word' id='word_1_77' title='bbox 440 1028 659 1074; x_wconf 79' lang='lat' dir='ltr'>futurum</span> <span class='ocrx_word' id='word_1_78' title='bbox 683 1037 772 1073; x_wconf 89' lang='lat' dir='ltr'>est.</span> 
     </span>
    </p>

    <p class='ocr_par' dir='ltr' id='par_1_4' title="bbox 278 1103 1903 1622">
     <span class='ocr_line' id='line_1_11' title="bbox 368 1103 1899 1161; baseline -0.001 -11"><span class='ocrx_word' id='word_1_79' title='bbox 368 1104 628 1161; x_wconf 83' lang='lat' dir='ltr'>Cognatus</span> <span class='ocrx_word' id='word_1_80' title='bbox 663 1104 773 1149; x_wconf 88' lang='lat' dir='ltr'>Mri.</span> <span class='ocrx_word' id='word_1_81' title='bbox 801 1103 1016 1149; x_wconf 84' lang='lat' dir='ltr'>Gerardi</span> <span class='ocrx_word' id='word_1_82' title='bbox 1051 1104 1316 1150; x_wconf 86' lang='lat' dir='ltr'>Brassicae</span> <span class='ocrx_word' id='word_1_83' title='bbox 1341 1106 1355 1129; x_wconf 79' lang='lat'>2</span> <span class='ocrx_word' id='word_1_84' title='bbox 1386 1104 1736 1150; x_wconf 88' lang='lat' dir='ltr'>dordracensis</span> <span class='ocrx_word' id='word_1_85' title='bbox 1771 1103 1899 1160; x_wconf 91' lang='lat' dir='ltr'>(piae</span> 
     </span>
     <span class='ocr_line' id='line_1_12' title="bbox 278 1179 1898 1237; baseline -0.001 -9"><span class='ocrx_word' id='word_1_86' title='bbox 278 1181 566 1237; x_wconf 87' lang='lat' dir='ltr'>memoriae)</span> <span class='ocrx_word' id='word_1_87' title='bbox 591 1181 719 1237; x_wconf 86' lang='lat' dir='ltr'>apud</span> <span class='ocrx_word' id='word_1_88' title='bbox 742 1196 831 1226; x_wconf 85' lang='lat' dir='ltr'>nos</span> <span class='ocrx_word' id='word_1_89' title='bbox 855 1181 1002 1226; x_wconf 90' lang='lat' dir='ltr'>etiam</span> <span class='ocrx_word' id='word_1_90' title='bbox 1027 1181 1267 1226; x_wconf 82' lang='lat' dir='ltr'>exercitia</span> <span class='ocrx_word' id='word_1_91' title='bbox 1300 1181 1483 1236; x_wconf 81' lang='lat' dir='ltr'>habuit,</span> <span class='ocrx_word' id='word_1_92' title='bbox 1512 1189 1560 1226; x_wconf 94' lang='lat' dir='ltr'>et</span> <span class='ocrx_word' id='word_1_93' title='bbox 1583 1197 1637 1226; x_wconf 92' lang='lat' dir='ltr'>se</span> <span class='ocrx_word' id='word_1_94' title='bbox 1660 1179 1898 1226; x_wconf 85' lang='lat' dir='ltr'>Societati</span> 
     </span>
     <span class='ocr_line' id='line_1_13' title="bbox 281 1257 1900 1309; baseline -0.001 -5"><span class='ocrx_word' id='word_1_95' title='bbox 281 1258 426 1304; x_wconf 90' lang='lat' dir='ltr'>dedit.</span> <span class='ocrx_word' id='word_1_96' title='bbox 470 1258 558 1303; x_wconf 86' lang='lat' dir='ltr'>Est</span> <span class='ocrx_word' id='word_1_97' title='bbox 595 1257 833 1303; x_wconf 81' lang='lat' dir='ltr'>sacerdos</span> <span class='ocrx_word' id='word_1_98' title='bbox 871 1257 1186 1302; x_wconf 74' lang='lat' dir='ltr'>naturalibus</span> <span class='ocrx_word' id='word_1_99' title='bbox 1218 1257 1341 1302; x_wconf 77' lang='lat' dir='ltr'>bene</span> <span class='ocrx_word' id='word_1_100' title='bbox 1373 1258 1580 1303; x_wconf 75' lang='lat' dir='ltr'>dotatus</span> <span class='ocrx_word' id='word_1_101' title='bbox 1612 1257 1648 1309; x_wconf 76' lang='lat'>¹³,</span> <span class='ocrx_word' id='word_1_102' title='bbox 1686 1257 1821 1303; x_wconf 84' lang='lat' dir='ltr'>diues</span> <span class='ocrx_word' id='word_1_103' title='bbox 1854 1257 1900 1302; x_wconf 89' lang='lat' dir='ltr'>in</span> 
     </span>
     <span class='ocr_line' id='line_1_14' title="bbox 280 1333 1900 1392; baseline -0.002 -11"><span class='ocrx_word' id='word_1_104' title='bbox 280 1335 651 1392; x_wconf 86' lang='lat' dir='ltr'>temporalibus,</span> <span class='ocrx_word' id='word_1_105' title='bbox 679 1334 764 1379; x_wconf 86' lang='lat' dir='ltr'>sed</span> <span class='ocrx_word' id='word_1_106' title='bbox 787 1334 933 1379; x_wconf 85' lang='lat' dir='ltr'>ditior</span> <span class='ocrx_word' id='word_1_107' title='bbox 957 1333 1001 1378; x_wconf 92' lang='lat' dir='ltr'>in</span> <span class='ocrx_word' id='word_1_108' title='bbox 1026 1334 1115 1390; x_wconf 91' lang='lat' dir='ltr'>piis</span> <span class='ocrx_word' id='word_1_109' title='bbox 1139 1349 1198 1379; x_wconf 91' lang='lat' dir='ltr'>ac</span> <span class='ocrx_word' id='word_1_110' title='bbox 1224 1334 1407 1379; x_wconf 89' lang='lat' dir='ltr'>sanctis</span> <span class='ocrx_word' id='word_1_111' title='bbox 1432 1334 1702 1380; x_wconf 76' lang='lat' dir='ltr'>desideriis.</span> <span class='ocrx_word' id='word_1_112' title='bbox 1736 1334 1900 1379; x_wconf 88' lang='lat' dir='ltr'>Multis</span> 
     </span>
     <span class='ocr_line' id='line_1_15' title="bbox 283 1410 1903 1467; baseline -0.001 -9"><span class='ocrx_word' id='word_1_113' title='bbox 283 1412 439 1458; x_wconf 83' lang='lat' dir='ltr'>adfuit</span> <span class='ocrx_word' id='word_1_114' title='bbox 478 1410 679 1456; x_wconf 89' lang='lat' dir='ltr'>infirmis</span> <span class='ocrx_word' id='word_1_115' title='bbox 718 1420 765 1456; x_wconf 95' lang='lat' dir='ltr'>et</span> <span class='ocrx_word' id='word_1_116' title='bbox 804 1410 1078 1467; x_wconf 84' lang='lat' dir='ltr'>desperatis</span> <span class='ocrx_word' id='word_1_117' title='bbox 1114 1410 1405 1463; x_wconf 83' lang='lat' dir='ltr'>hominibus,</span> <span class='ocrx_word' id='word_1_118' title='bbox 1442 1410 1501 1455; x_wconf 90' lang='lat' dir='ltr'>de</span> <span class='ocrx_word' id='word_1_119' title='bbox 1536 1410 1708 1467; x_wconf 89' lang='lat' dir='ltr'>quibus</span> <span class='ocrx_word' id='word_1_120' title='bbox 1742 1410 1903 1457; x_wconf 90' lang='lat' dir='ltr'>adhuc</span> 
     </span>
     <span class='ocr_line' id='line_1_16' title="bbox 282 1486 1901 1544; baseline -0.002 -9"><span class='ocrx_word' id='word_1_121' title='bbox 282 1489 435 1536; x_wconf 90' lang='lat' dir='ltr'>multa</span> <span class='ocrx_word' id='word_1_122' title='bbox 455 1490 584 1534; x_wconf 92' lang='lat' dir='ltr'>bona</span> <span class='ocrx_word' id='word_1_123' title='bbox 602 1488 847 1544; x_wconf 89' lang='lat' dir='ltr'>speranda</span> <span class='ocrx_word' id='word_1_124' title='bbox 866 1496 991 1540; x_wconf 85' lang='lat' dir='ltr'>sunt;</span> <span class='ocrx_word' id='word_1_125' title='bbox 1012 1487 1057 1531; x_wconf 90' lang='lat' dir='ltr'>in</span> <span class='ocrx_word' id='word_1_126' title='bbox 1073 1486 1463 1533; x_wconf 77' lang='lat' dir='ltr'>confessionibus</span> <span class='ocrx_word' id='word_1_127' title='bbox 1481 1487 1735 1532; x_wconf 87' lang='lat' dir='ltr'>audiendis</span> <span class='ocrx_word' id='word_1_128' title='bbox 1754 1486 1901 1532; x_wconf 86' lang='lat' dir='ltr'>etiam</span> 
     </span>
     <span class='ocr_line' id='line_1_17' title="bbox 282 1563 826 1622; baseline -0.006 -11"><span class='ocrx_word' id='word_1_129' title='bbox 282 1565 401 1611; x_wconf 88' lang='lat' dir='ltr'>satis</span> <span class='ocrx_word' id='word_1_130' title='bbox 426 1574 697 1622; x_wconf 89' lang='lat' dir='ltr'>occupatus</span> <span class='ocrx_word' id='word_1_131' title='bbox 721 1563 826 1609; x_wconf 82' lang='lat' dir='ltr'>fuit.</span> 
     </span>
    </p>

    <p class='ocr_par' dir='ltr' id='par_1_5' title="bbox 283 1639 1904 2002">
     <span class='ocr_line' id='line_1_18' title="bbox 371 1639 1901 1696; baseline -0.002 -9"><span class='ocrx_word' id='word_1_132' title='bbox 371 1642 694 1687; x_wconf 87' lang='lat' dir='ltr'>Reuerendus</span> <span class='ocrx_word' id='word_1_133' title='bbox 728 1640 877 1685; x_wconf 87' lang='lat' dir='ltr'>Pater</span> <span class='ocrx_word' id='word_1_134' title='bbox 911 1640 1045 1696; x_wconf 89' lang='lat' dir='ltr'>prior</span> <span class='ocrx_word' id='word_1_135' title='bbox 1069 1640 1351 1685; x_wconf 78' lang='lat' dir='ltr'>carthusiae</span> <span class='ocrx_word' id='word_1_136' title='bbox 1375 1655 1485 1685; x_wconf 88' lang='lat' dir='ltr'>cum</span> <span class='ocrx_word' id='word_1_137' title='bbox 1508 1649 1613 1685; x_wconf 86' lang='lat' dir='ltr'>tota</span> <span class='ocrx_word' id='word_1_138' title='bbox 1642 1655 1731 1685; x_wconf 89' lang='lat' dir='ltr'>sua</span> <span class='ocrx_word' id='word_1_139' title='bbox 1765 1639 1901 1685; x_wconf 81' lang='lat' dir='ltr'>fami-</span> 
     </span>
     <span class='ocr_line' id='line_1_19' title="bbox 283 1715 1903 1773; baseline -0.002 -9"><span class='ocrx_word' id='word_1_140' title='bbox 283 1719 363 1773; x_wconf 92' lang='lat' dir='ltr'>lia,</span> <span class='ocrx_word' id='word_1_141' title='bbox 391 1734 450 1764; x_wconf 88' lang='lat' dir='ltr'>ac</span> <span class='ocrx_word' id='word_1_142' title='bbox 473 1717 751 1773; x_wconf 85' lang='lat' dir='ltr'>singulares</span> <span class='ocrx_word' id='word_1_143' title='bbox 775 1716 918 1762; x_wconf 91' lang='lat' dir='ltr'>amici</span> <span class='ocrx_word' id='word_1_144' title='bbox 944 1716 1114 1771; x_wconf 86' lang='lat' dir='ltr'>nostri,</span> <span class='ocrx_word' id='word_1_145' title='bbox 1142 1725 1189 1760; x_wconf 88' lang='lat' dir='ltr'>et</span> <span class='ocrx_word' id='word_1_146' title='bbox 1224 1715 1376 1761; x_wconf 84' lang='lat' dir='ltr'>Rdus.</span> <span class='ocrx_word' id='word_1_147' title='bbox 1415 1716 1569 1761; x_wconf 90' lang='lat' dir='ltr'>Dnus.</span> <span class='ocrx_word' id='word_1_148' title='bbox 1611 1715 1903 1772; x_wconf 85' lang='lat' dir='ltr'>Grupperus</span> 
     </span>
     <span class='ocr_line' id='line_1_20' title="bbox 286 1792 1904 1849; baseline -0.002 -8"><span class='ocrx_word' id='word_1_149' title='bbox 286 1811 396 1841; x_wconf 91' lang='lat' dir='ltr'>cum</span> <span class='ocrx_word' id='word_1_150' title='bbox 427 1794 526 1839; x_wconf 91' lang='lat' dir='ltr'>suis</span> <span class='ocrx_word' id='word_1_151' title='bbox 557 1793 794 1838; x_wconf 79' lang='lat' dir='ltr'>fratribus</span> <span class='ocrx_word' id='word_1_152' title='bbox 826 1793 878 1837; x_wconf 81' lang='lat' dir='ltr'>P.</span> <span class='ocrx_word' id='word_1_153' title='bbox 916 1792 981 1837; x_wconf 79' lang='lat' dir='ltr'>V.</span> <span class='ocrx_word' id='word_1_154' title='bbox 1019 1792 1278 1848; x_wconf 85' lang='lat' dir='ltr'>plurimam</span> <span class='ocrx_word' id='word_1_155' title='bbox 1312 1793 1520 1838; x_wconf 85' lang='lat' dir='ltr'>salutem</span> <span class='ocrx_word' id='word_1_156' title='bbox 1546 1802 1831 1849; x_wconf 78' lang='lat' dir='ltr'>precantur,</span> <span class='ocrx_word' id='word_1_157' title='bbox 1857 1802 1904 1839; x_wconf 90' lang='lat' dir='ltr'>et</span> 
     </span>
     <span class='ocr_line' id='line_1_21' title="bbox 286 1868 1899 1927; baseline -0.001 -11"><span class='ocrx_word' id='word_1_158' title='bbox 286 1871 457 1927; x_wconf 89' lang='lat' dir='ltr'>reliqui</span> <span class='ocrx_word' id='word_1_159' title='bbox 489 1870 632 1915; x_wconf 88' lang='lat' dir='ltr'>amici</span> <span class='ocrx_word' id='word_1_160' title='bbox 666 1884 850 1922; x_wconf 89' lang='lat' dir='ltr'>omnes,</span> <span class='ocrx_word' id='word_1_161' title='bbox 888 1884 947 1914; x_wconf 90' lang='lat' dir='ltr'>ac</span> <span class='ocrx_word' id='word_1_162' title='bbox 982 1869 1033 1913; x_wconf 82' lang='lat' dir='ltr'>P.</span> <span class='ocrx_word' id='word_1_163' title='bbox 1068 1868 1133 1913; x_wconf 76' lang='lat' dir='ltr'>V.</span> <span class='ocrx_word' id='word_1_164' title='bbox 1161 1884 1269 1913; x_wconf 86' lang='lat' dir='ltr'>sese</span> <span class='ocrx_word' id='word_1_165' title='bbox 1294 1870 1663 1915; x_wconf 85' lang='lat' dir='ltr'>commendatos</span> <span class='ocrx_word' id='word_1_166' title='bbox 1687 1869 1899 1926; x_wconf 86' lang='lat' dir='ltr'>cupiunt.</span> 
     </span>
     <span class='ocr_line' id='line_1_22' title="bbox 285 1944 1291 2002; baseline -0.004 -9"><span class='ocrx_word' id='word_1_167' title='bbox 285 1947 523 1994; x_wconf 91' lang='lat' dir='ltr'>Coloniae</span> <span class='ocrx_word' id='word_1_168' title='bbox 547 1946 823 2002; x_wconf 79' lang='lat' dir='ltr'>Agripinae</span> <span class='ocrx_word' id='word_1_169' title='bbox 847 1945 903 1990; x_wconf 79' lang='grc'>25</span> <span class='ocrx_word' id='word_1_170' title='bbox 928 1945 1138 2001; x_wconf 80' lang='lat' dir='ltr'>Augusti</span> <span class='ocrx_word' id='word_1_171' title='bbox 1167 1944 1291 1989; x_wconf 73' lang='grc'>1556.</span> 
     </span>
    </p>

    <p class='ocr_par' dir='ltr' id='par_1_6' title="bbox 373 2021 1074 2077">
     <span class='ocr_line' id='line_1_23' title="bbox 373 2021 1074 2077; baseline -0.004 -9"><span class='ocrx_word' id='word_1_172' title='bbox 373 2024 433 2068; x_wconf 87' lang='lat' dir='ltr'>R.</span> <span class='ocrx_word' id='word_1_173' title='bbox 460 2023 512 2068; x_wconf 83' lang='lat' dir='ltr'>P.</span> <span class='ocrx_word' id='word_1_174' title='bbox 541 2022 606 2067; x_wconf 79' lang='lat' dir='ltr'>V.</span> <span class='ocrx_word' id='word_1_175' title='bbox 634 2037 807 2067; x_wconf 84' lang='lat' dir='ltr'>seruus</span> <span class='ocrx_word' id='word_1_176' title='bbox 832 2021 1074 2077; x_wconf 85' lang='lat' dir='ltr'>indignus,</span> 
     </span>
    </p>

    <p class='ocr_par' dir='ltr' id='par_1_7' title="bbox 1210 2097 1813 2144">
     <span class='ocr_line' id='line_1_24' title="bbox 1210 2097 1813 2144; baseline 0.002 -3"><span class='ocrx_word' id='word_1_177' title='bbox 1210 2097 1523 2143; x_wconf 73' lang='lat' dir='ltr'><strong>LEONARDUS</strong></span> <span class='ocrx_word' id='word_1_178' title='bbox 1555 2097 1757 2144; x_wconf 78' lang='lat' dir='ltr'>KEssEL</span> <span class='ocrx_word' id='word_1_179' title='bbox 1782 2099 1813 2142; x_wconf 71' lang='grc'>3.</span> 
     </span>
    </p>
   </div>
   <div class='ocr_carea' id='block_1_3' title="bbox 292 2222 1904 2432">
    <p class='ocr_par' dir='ltr' id='par_1_8' title="bbox 292 2222 1904 2432">
     <span class='ocr_line' id='line_1_25' title="bbox 380 2222 1904 2280; baseline -0.001 -11"><span class='ocrx_word' id='word_1_180' title='bbox 380 2225 438 2269; x_wconf 80' lang='lat' dir='ltr'>In</span> <span class='ocrx_word' id='word_1_181' title='bbox 460 2224 551 2277; x_wconf 82' lang='lat' dir='ltr'>fol.</span> <span class='ocrx_word' id='word_1_182' title='bbox 580 2227 659 2268; x_wconf 76' lang='lat' dir='ltr'>lv.</span> <span class='ocrx_word' id='word_1_183' title='bbox 687 2224 812 2267; x_wconf 70' lang='lat' dir='ltr'>llaec</span> <span class='ocrx_word' id='word_1_184' title='bbox 837 2223 942 2267; x_wconf 79' lang='lat' dir='ltr'>alia</span> <span class='ocrx_word' id='word_1_185' title='bbox 966 2237 1125 2267; x_wconf 75' lang='lat' dir='ltr'>mann</span> <span class='ocrx_word' id='word_1_186' title='bbox 1151 2227 1328 2267; x_wconf 73' lang='lat' dir='ltr'>notata</span> <span class='ocrx_word' id='word_1_187' title='bbox 1351 2223 1626 2273; x_wconf 68' lang='lat' dir='ltr'>habentur:</span> <span class='ocrx_word' id='word_1_188' title='bbox 1653 2222 1904 2280; x_wconf 84' lang='lat' dir='ltr'>...[Ingo]l-</span> 
     </span>
     <span class='ocr_line' id='line_1_26' title="bbox 292 2298 1902 2356; baseline -0.002 -9"><span class='ocrx_word' id='word_1_189' title='bbox 292 2301 473 2355; x_wconf 84' lang='lat' dir='ltr'>stadiO,</span> <span class='ocrx_word' id='word_1_190' title='bbox 535 2300 724 2355; x_wconf 78' lang='lat' dir='ltr'>Parigi,</span> <span class='ocrx_word' id='word_1_191' title='bbox 788 2299 1023 2355; x_wconf 82' lang='lat' dir='ltr'>Perugia,</span> <span class='ocrx_word' id='word_1_192' title='bbox 1086 2299 1333 2355; x_wconf 83' lang='lat' dir='ltr'>Bologna,</span> <span class='ocrx_word' id='word_1_193' title='bbox 1396 2298 1638 2354; x_wconf 86' lang='lat' dir='ltr'>Ferrara,</span> <span class='ocrx_word' id='word_1_194' title='bbox 1695 2299 1902 2356; x_wconf 89' lang='lat' dir='ltr'>Loreto,</span> 
     </span>
     <span class='ocr_line' id='line_1_27' title="bbox 294 2374 1445 2432; baseline -0.003 -9"><span class='ocrx_word' id='word_1_195' title='bbox 294 2378 370 2423; x_wconf 57' lang='lat' dir='ltr'>Re</span> <span class='ocrx_word' id='word_1_196' title='bbox 391 2377 677 2430; x_wconf 84' lang='lat' dir='ltr'>Francisco,</span> <span class='ocrx_word' id='word_1_197' title='bbox 705 2375 900 2432; x_wconf 83' lang='lat' dir='ltr'>Napoli,</span> <span class='ocrx_word' id='word_1_198' title='bbox 928 2375 1002 2419; x_wconf 63' lang='lat' dir='ltr'>Pe</span> <span class='ocrx_word' id='word_1_199' title='bbox 1025 2375 1295 2420; x_wconf 85' lang='lat' dir='ltr'>Francisco</span> <span class='ocrx_word' id='word_1_200' title='bbox 1320 2374 1445 2432; x_wconf 55' lang='lat' dir='ltr'>[Sic]</span> 
     </span>
    </p>
   </div>
   <div class='ocr_carea' id='block_1_4' title="bbox 292 2467 553 2473">
    <p class='ocr_par' dir='ltr' id='par_1_9' title="bbox 292 2467 553 2473">
     <span class='ocr_line' id='line_1_28' title="bbox 292 2467 553 2473; baseline 0 0"><span class='ocrx_word' id='word_1_201' title='bbox 292 2467 553 2473; x_wconf 95' lang='lat' dir='ltr'> </span> 
     </span>
    </p>
   </div>
   <div class='ocr_carea' id='block_1_5' title="bbox 335 2509 1474 2559">
    <p class='ocr_par' dir='ltr' id='par_1_10' title="bbox 335 2509 1474 2559">
     <span class='ocr_line' id='line_1_29' title="bbox 335 2509 1474 2559; baseline -0.002 -11"><span class='ocrx_word' id='word_1_202' title='bbox 335 2520 352 2541; x_wconf 76' lang='lat' dir='ltr'>a</span> <span class='ocrx_word' id='word_1_203' title='bbox 396 2518 617 2559; x_wconf 85' lang='lat' dir='ltr'>paraturos.</span> <span class='ocrx_word' id='word_1_204' title='bbox 672 2511 735 2537; x_wconf 37' lang='lat' dir='ltr'>*b</span> <span class='ocrx_word' id='word_1_205' title='bbox 762 2511 873 2547; x_wconf 85' lang='lat' dir='ltr'>bonis</span> <span class='ocrx_word' id='word_1_206' title='bbox 893 2516 1061 2547; x_wconf 88' lang='lat' dir='ltr'>naturae</span> <span class='ocrx_word' id='word_1_207' title='bbox 1081 2509 1238 2546; x_wconf 85' lang='lat' dir='ltr'>dotibus</span> <span class='ocrx_word' id='word_1_208' title='bbox 1257 2510 1474 2556; x_wconf 88' lang='lat' dir='ltr'>praeditus.</span> 
     </span>
    </p>
   </div>
   <div class='ocr_carea' id='block_1_6' title="bbox 369 2592 569 2596">
    <p class='ocr_par' dir='ltr' id='par_1_11' title="bbox 369 2592 569 2596">
     <span class='ocr_line' id='line_1_30' title="bbox 369 2592 569 2596; baseline 0 0"><span class='ocrx_word' id='word_1_209' title='bbox 369 2592 569 2596; x_wconf 95' lang='lat' dir='ltr'> </span> 
     </span>
    </p>
   </div>
   <div class='ocr_carea' id='block_1_7' title="bbox 290 2633 1906 3153">
    <p class='ocr_par' dir='ltr' id='par_1_12' title="bbox 290 2633 1902 2740">
     <span class='ocr_line' id='line_1_31' title="bbox 338 2633 1902 2682; baseline -0.001 -9"><span class='ocrx_word' id='word_1_210' title='bbox 338 2640 347 2658; x_wconf 86' lang='lat'>¹</span> <span class='ocrx_word' id='word_1_211' title='bbox 401 2639 550 2674; x_wconf 81' lang='lat' dir='ltr'>Rector</span> <span class='ocrx_word' id='word_1_212' title='bbox 568 2636 729 2682; x_wconf 80' lang='lat' dir='ltr'>collegii</span> <span class='ocrx_word' id='word_1_213' title='bbox 749 2636 853 2677; x_wconf 74' lang='lat' dir='ltr'>novi,</span> <span class='ocrx_word' id='word_1_214' title='bbox 871 2635 974 2681; x_wconf 91' lang='lat' dir='ltr'>quod</span> <span class='ocrx_word' id='word_1_215' title='bbox 993 2635 1138 2671; x_wconf 86' lang='lat' dir='ltr'>nostris</span> <span class='ocrx_word' id='word_1_216' title='bbox 1158 2635 1293 2671; x_wconf 79' lang='lat' dir='ltr'>datum</span> <span class='ocrx_word' id='word_1_217' title='bbox 1313 2640 1385 2680; x_wconf 86' lang='lat' dir='ltr'>est,</span> <span class='ocrx_word' id='word_1_218' title='bbox 1408 2639 1494 2671; x_wconf 80' lang='lat' dir='ltr'>erat</span> <span class='ocrx_word' id='word_1_219' title='bbox 1508 2634 1682 2681; x_wconf 88' lang='lat' dir='ltr'>Jacobus</span> <span class='ocrx_word' id='word_1_220' title='bbox 1701 2633 1902 2671; x_wconf 87' lang='lat' dir='ltr'>Leichius.</span> 
     </span>
     <span class='ocr_line' id='line_1_32' title="bbox 290 2693 1503 2740; baseline -0.004 -6"><span class='ocrx_word' id='word_1_221' title='bbox 290 2697 353 2735; x_wconf 83' lang='lat' dir='ltr'>Cf.</span> <span class='ocrx_word' id='word_1_222' title='bbox 376 2697 561 2734; x_wconf 58' lang='lat' dir='ltr'>Hmsm.</span> <span class='ocrx_word' id='word_1_223' title='bbox 583 2696 844 2732; x_wconf 74' lang='lat' dir='ltr'>Rheinisclze</span> <span class='ocrx_word' id='word_1_224' title='bbox 862 2695 1058 2736; x_wconf 73' lang='lat' dir='ltr'>Akten...,</span> <span class='ocrx_word' id='word_1_225' title='bbox 1079 2693 1160 2739; x_wconf 78' lang='lat'>261,</span> <span class='ocrx_word' id='word_1_226' title='bbox 1180 2693 1261 2736; x_wconf 79' lang='lat'>286,</span> <span class='ocrx_word' id='word_1_227' title='bbox 1284 2699 1323 2730; x_wconf 86' lang='lat' dir='ltr'>et</span> <span class='ocrx_word' id='word_1_228' title='bbox 1342 2693 1503 2740; x_wconf 84' lang='lat' dir='ltr'>passim.</span> 
     </span>
    </p>

    <p class='ocr_par' dir='ltr' id='par_1_13' title="bbox 290 2750 1906 2978">
     <span class='ocr_line' id='line_1_33' title="bbox 337 2750 1906 2801; baseline -0.003 -10"><span class='ocrx_word' id='word_1_229' title='bbox 337 2756 350 2776; x_wconf 75' lang='lat'><em>2</em></span> <span class='ocrx_word' id='word_1_230' title='bbox 400 2755 461 2792; x_wconf 75' lang='lat' dir='ltr'>Ex</span> <span class='ocrx_word' id='word_1_231' title='bbox 480 2755 621 2801; x_wconf 84' lang='lat' dir='ltr'>oppido</span> <span class='ocrx_word' id='word_1_232' title='bbox 640 2754 847 2790; x_wconf 81' lang='lat' dir='ltr'>Dordraco</span> <span class='ocrx_word' id='word_1_233' title='bbox 867 2753 1125 2797; x_wconf 87' lang='lat' dir='ltr'>(Dordrecht)</span> <span class='ocrx_word' id='word_1_234' title='bbox 1145 2753 1183 2788; x_wconf 91' lang='lat' dir='ltr'>in</span> <span class='ocrx_word' id='word_1_235' title='bbox 1204 2752 1464 2795; x_wconf 84' lang='lat' dir='ltr'>Neerlandia,</span> <span class='ocrx_word' id='word_1_236' title='bbox 1486 2752 1682 2788; x_wconf 83' lang='lat' dir='ltr'>admissus</span> <span class='ocrx_word' id='word_1_237' title='bbox 1709 2751 1749 2787; x_wconf 89' lang='lat' dir='ltr'>in</span> <span class='ocrx_word' id='word_1_238' title='bbox 1773 2750 1906 2788; x_wconf 84' lang='lat' dir='ltr'>Socie-</span> 
     </span>
     <span class='ocr_line' id='line_1_34' title="bbox 290 2809 1903 2858; baseline -0.003 -7"><span class='ocrx_word' id='word_1_239' title='bbox 290 2821 414 2852; x_wconf 84' lang='lat' dir='ltr'>tatem</span> <span class='ocrx_word' id='word_1_240' title='bbox 432 2815 454 2849; x_wconf 71' lang='lat'>4</span> <span class='ocrx_word' id='word_1_241' title='bbox 473 2813 656 2850; x_wconf 85' lang='lat' dir='ltr'>Octobris</span> <span class='ocrx_word' id='word_1_242' title='bbox 678 2812 777 2854; x_wconf 51' lang='lat'>1552</span> <span class='ocrx_word' id='word_1_243' title='bbox 799 2825 888 2848; x_wconf 86' lang='lat' dir='ltr'>cum</span> <span class='ocrx_word' id='word_1_244' title='bbox 908 2812 1082 2858; x_wconf 84' lang='lat' dir='ltr'>piissime</span> <span class='ocrx_word' id='word_1_245' title='bbox 1104 2812 1280 2854; x_wconf 78' lang='lat' dir='ltr'>vixisset,</span> <span class='ocrx_word' id='word_1_246' title='bbox 1302 2811 1397 2847; x_wconf 86' lang='lat' dir='ltr'>obiit</span> <span class='ocrx_word' id='word_1_247' title='bbox 1415 2811 1515 2847; x_wconf 91' lang='grc'>1555.</span> <span class='ocrx_word' id='word_1_248' title='bbox 1536 2810 1726 2847; x_wconf 65' lang='lat' dir='ltr'>Monam.</span> <span class='ocrx_word' id='word_1_249' title='bbox 1746 2809 1903 2855; x_wconf 63' lang='lat' dir='ltr'>Ignat„</span> 
     </span>
     <span class='ocr_line' id='line_1_35' title="bbox 291 2868 1906 2914; baseline -0.003 -4"><span class='ocrx_word' id='word_1_250' title='bbox 291 2886 368 2910; x_wconf 85' lang='lat' dir='ltr'>ser.</span> <span class='ocrx_word' id='word_1_251' title='bbox 393 2873 461 2914; x_wconf 60' lang='lat' dir='ltr'>La,</span> <span class='ocrx_word' id='word_1_252' title='bbox 481 2872 554 2913; x_wconf 72' lang='lat' dir='ltr'>IV,</span> <span class='ocrx_word' id='word_1_253' title='bbox 576 2872 655 2913; x_wconf 65' lang='lat'>4303</span> <span class='ocrx_word' id='word_1_254' title='bbox 678 2878 717 2907; x_wconf 88' lang='lat' dir='ltr'>et</span> <span class='ocrx_word' id='word_1_255' title='bbox 736 2871 967 2914; x_wconf 75' lang='lat' dir='ltr'>POLANCUS,</span> <span class='ocrx_word' id='word_1_256' title='bbox 990 2871 1062 2907; x_wconf 82' lang='lat' dir='ltr'>loc.</span> <span class='ocrx_word' id='word_1_257' title='bbox 1085 2871 1165 2914; x_wconf 68' lang='lat' dir='ltr'>cit,</span> <span class='ocrx_word' id='word_1_258' title='bbox 1187 2870 1240 2912; x_wconf 80' lang='lat' dir='ltr'>V,</span> <span class='ocrx_word' id='word_1_259' title='bbox 1261 2869 1428 2907; x_wconf 77' lang='lat'>286-287.</span> <span class='ocrx_word' id='word_1_260' title='bbox 1451 2870 1514 2906; x_wconf 93' lang='lat' dir='ltr'>De</span> <span class='ocrx_word' id='word_1_261' title='bbox 1535 2868 1708 2906; x_wconf 86' lang='lat' dir='ltr'>Gerardi</span> <span class='ocrx_word' id='word_1_262' title='bbox 1734 2874 1906 2914; x_wconf 82' lang='lat' dir='ltr'>cognato</span> 
     </span>
     <span class='ocr_line' id='line_1_36' title="bbox 291 2930 831 2978; baseline -0.007 -8"><span class='ocrx_word' id='word_1_263' title='bbox 291 2932 339 2970; x_wconf 82' lang='lat' dir='ltr'>cf.</span> <span class='ocrx_word' id='word_1_264' title='bbox 362 2932 498 2978; x_wconf 75' lang='lat' dir='ltr'>Epist.</span> <span class='ocrx_word' id='word_1_265' title='bbox 521 2930 656 2971; x_wconf 53' lang='lat' dir='ltr'>Mixa,</span> <span class='ocrx_word' id='word_1_266' title='bbox 678 2930 730 2973; x_wconf 74' lang='lat' dir='ltr'>V,</span> <span class='ocrx_word' id='word_1_267' title='bbox 752 2930 831 2966; x_wconf 66' lang='lat'>483.</span> 
     </span>
    </p>

    <p class='ocr_par' dir='ltr' id='par_1_14' title="bbox 293 2986 1906 3153">
     <span class='ocr_line' id='line_1_37' title="bbox 339 2986 1905 3036; baseline -0.003 -9"><span class='ocrx_word' id='word_1_268' title='bbox 339 2993 350 3012; x_wconf 74' lang='lat'>³</span> <span class='ocrx_word' id='word_1_269' title='bbox 403 2990 579 3036; x_wconf 80' lang='lat' dir='ltr'>Collegii</span> <span class='ocrx_word' id='word_1_270' title='bbox 622 2990 859 3026; x_wconf 84' lang='lat' dir='ltr'>coloniensis</span> <span class='ocrx_word' id='word_1_271' title='bbox 902 2994 1050 3025; x_wconf 86' lang='lat' dir='ltr'>rector.</span> <span class='ocrx_word' id='word_1_272' title='bbox 1098 2989 1140 3025; x_wconf 88' lang='lat' dir='ltr'>In</span> <span class='ocrx_word' id='word_1_273' title='bbox 1183 2989 1368 3034; x_wconf 87' lang='lat' dir='ltr'>catalogo</span> <span class='ocrx_word' id='word_1_274' title='bbox 1411 2986 1639 3034; x_wconf 87' lang='lat' dir='ltr'>provinciae</span> <span class='ocrx_word' id='word_1_275' title='bbox 1681 2986 1905 3025; x_wconf 85' lang='lat' dir='ltr'>Rhenanae</span> 
     </span>
     <span class='ocr_line' id='line_1_38' title="bbox 293 3044 1905 3089; baseline -0.004 -2"><span class='ocrx_word' id='word_1_276' title='bbox 293 3051 386 3088; x_wconf 89' lang='lat' dir='ltr'>anni</span> <span class='ocrx_word' id='word_1_277' title='bbox 407 3050 496 3086; x_wconf 76' lang='lat'>1565</span> <span class='ocrx_word' id='word_1_278' title='bbox 520 3049 567 3086; x_wconf 89' lang='lat' dir='ltr'>de</span> <span class='ocrx_word' id='word_1_279' title='bbox 595 3061 641 3085; x_wconf 86' lang='lat' dir='ltr'>eo</span> <span class='ocrx_word' id='word_1_280' title='bbox 668 3049 822 3084; x_wconf 82' lang='lat' dir='ltr'>dicitur:</span> <span class='ocrx_word' id='word_1_281' title='bbox 856 3048 907 3084; x_wconf 70' lang='lat' dir='ltr'>«Il</span> <span class='ocrx_word' id='word_1_282' title='bbox 935 3048 979 3084; x_wconf 86' lang='lat' dir='ltr'>P.</span> <span class='ocrx_word' id='word_1_283' title='bbox 1009 3047 1223 3084; x_wconf 86' lang='lat' dir='ltr'>Leonardo</span> <span class='ocrx_word' id='word_1_284' title='bbox 1250 3046 1397 3083; x_wconf 89' lang='lat' dir='ltr'>Kessel</span> <span class='ocrx_word' id='word_1_285' title='bbox 1425 3051 1518 3082; x_wconf 90' lang='lat' dir='ltr'>nato</span> <span class='ocrx_word' id='word_1_286' title='bbox 1546 3045 1585 3081; x_wconf 90' lang='lat' dir='ltr'>in</span> <span class='ocrx_word' id='word_1_287' title='bbox 1612 3044 1806 3089; x_wconf 84' lang='lat' dir='ltr'>Louani0;</span> <span class='ocrx_word' id='word_1_288' title='bbox 1839 3045 1905 3081; x_wconf 89' lang='lat' dir='ltr'>nel</span> 
     </span>
     <span class='ocr_line' id='line_1_39' title="bbox 294 3104 1906 3153; baseline -0.004 -7"><span class='ocrx_word' id='word_1_289' title='bbox 294 3122 397 3147; x_wconf 83' lang='lat' dir='ltr'>anno</span> <span class='ocrx_word' id='word_1_290' title='bbox 416 3109 481 3145; x_wconf 89' lang='lat' dir='ltr'>del</span> <span class='ocrx_word' id='word_1_291' title='bbox 503 3107 591 3144; x_wconf 66' lang='lat'>1543</span> <span class='ocrx_word' id='word_1_292' title='bbox 609 3108 647 3143; x_wconf 87' lang='lat' dir='ltr'>in</span> <span class='ocrx_word' id='word_1_293' title='bbox 668 3107 883 3143; x_wconf 87' lang='lat' dir='ltr'>Decembri</span> <span class='ocrx_word' id='word_1_294' title='bbox 904 3110 924 3142; x_wconf 74' lang='lat' dir='ltr'>e</span> <span class='ocrx_word' id='word_1_295' title='bbox 945 3107 1123 3153; x_wconf 89' lang='lat' dir='ltr'>riceputo</span> <span class='ocrx_word' id='word_1_296' title='bbox 1142 3106 1207 3141; x_wconf 87' lang='lat' dir='ltr'>dal</span> <span class='ocrx_word' id='word_1_297' title='bbox 1227 3106 1276 3141; x_wconf 85' lang='lat' dir='ltr'>R.</span> <span class='ocrx_word' id='word_1_298' title='bbox 1304 3105 1349 3141; x_wconf 84' lang='lat' dir='ltr'>P.</span> <span class='ocrx_word' id='word_1_299' title='bbox 1379 3105 1499 3141; x_wconf 86' lang='lat' dir='ltr'>Petro</span> <span class='ocrx_word' id='word_1_300' title='bbox 1526 3104 1660 3140; x_wconf 83' lang='lat' dir='ltr'>Fabro</span> <span class='ocrx_word' id='word_1_301' title='bbox 1686 3108 1725 3140; x_wconf 85' lang='lat' dir='ltr'>et</span> <span class='ocrx_word' id='word_1_302' title='bbox 1752 3115 1906 3150; x_wconf 89' lang='lat' dir='ltr'>compa-</span> 
     </span>
    </p>
   </div>
  </div>
 </body>
</html>
