2051 3516
454 299 844 336 17.—Ix‹;0LSTAD1o
869 297 917 333 ‘25
939 296 1142 343 JANL‘ARH
1172 296 1262 331 1557
1590 307 1630 331 ις)

100 398 142 442 8.
200 396 262 441 D.
291 394 547 440 Hurtadus
573 396 604 445 ¹,
627 394 740 438 licet
757 390 1011 436 molestius
1035 390 1080 434 id
1100 389 1399 445 acceperim,
1422 389 1562 433 nobis
1582 389 1673 433 eri-

42 475 218 533 pietur.
246 471 344 517 Sed
369 485 565 516 omnem
590 486 651 514 ex
676 469 840 514 animo
865 467 1144 512 molestiam
1176 466 1374 522 depellit
1408 465 1595 510 vtilitas
1630 474 1679 510 et

41 557 382 607 augmentum,
410 547 540 604 quod
564 560 864 603 promouere
896 559 1138 589 conamur
1162 542 1300 588 istius
1331 541 1543 597 collegii.
1583 541 1677 586 Co-

43 628 185 673 mites
214 624 415 671 habebit
448 622 773 680 Stephanum,
810 621 1014 666 Petrum
1048 621 1062 644 ‘²
1088 629 1135 665 et
1158 626 1175 646 ἃ
1198 619 1519 664 Leonardum
1544 618 1677 663 noui-

42 705 178 750 tium.
206 701 365 747 Huius
391 701 550 745 vicem
575 698 681 755 agit
705 698 830 743 alius
864 697 1208 746 Leonhardus,
1248 710 1393 752 quem
1429 695 1488 739 R.
1528 694 1680 739 Pater

44 779 273 826 Canisius
296 778 574 823 Ratisbona
598 775 728 820 misit
752 775 815 819 ad
839 774 1047 819 eandem
1078 773 1382 819 Societatem
1408 787 1676 828 properan-

43 867 157 903 tem.
184 854 377 901 Deinde
401 854 463 898 D.
491 853 773 897 Vsrmarus
797 852 812 875 ²³
837 851 976 896 nobis
1002 850 1178 895 obtulit
1204 849 1573 894 adolescentem
1598 864 1679 893 no-

45 934 172 980 mine
196 932 526 977 Adalbertum
549 931 582 979 4,
610 929 762 974 inuito
795 938 842 973 et
876 928 1144 973 insalutato
1181 936 1339 983 patre,
1377 926 1676 970 auolantem.

43 1011 274 1057 Viennae
299 1009 413 1053 olim
437 1008 646 1070 adeptus
671 1018 745 1051 est
770 1007 963 1051 titulum
991 1006 1200 1062 primum
1238 1006 1283 1049 in
1315 1004 1522 1049 artibus.
1562 1003 1682 1048 Post

43 1090 189 1140 hunc,
227 1087 465 1143 Pragam,
504 1084 697 1141 patriae
732 1084 1026 1140 proximam,
1066 1097 1318 1136 reuersus,
1362 1081 1580 1126 animum
1617 1080 1680 1124 ad

45 1165 350 1212 Societatem
386 1162 582 1208 adiecit.
622 1161 768 1218 Quod
804 1161 885 1206 vbi
921 1170 1065 1217 pater
1099 1167 1447 1216 cognosceret.
1486 1156 1681 1203 etiamsi

45 1242 219 1300 opibus
243 1252 291 1286 et
314 1239 561 1285 foecunda
587 1240 726 1295 prole
757 1238 991 1286 abundet,
1030 1237 1249 1294 Pragam
1286 1236 1436 1289 venit,
1465 1245 1519 1280 vt
1552 1235 1683 1280 hunc

45 1319 194 1365 filium
215 1334 244 1363 a
263 1317 518 1374 proposito
545 1316 842 1361 retraheret.
871 1315 984 1371 Quo
1010 1314 1321 1367 adueniente,
1349 1313 1402 1358 P.
1430 1312 1684 1357 Vsmarus

48 1405 246 1441 maturo
270 1394 492 1449 consili0‚
526 1403 573 1438 et
608 1393 834 1438 iuuenem
869 1392 963 1437 hoc
997 1391 1241 1436 desiderio
1277 1390 1576 1446 flagrantem
1609 1390 1681 1434 In-

47 1471 362 1530 golstadium,
390 1480 625 1526 tanquam
650 1469 713 1513 ad
737 1468 1059 1514 remotiorem
1080 1478 1128 1513 et
1152 1469 1313 1513 locum
1334 1466 1678 1522 desertiorem‚

46 1548 333 1614 transmisit.
359 1548 487 1592 Eum
513 1563 601 1604 pro
636 1546 795 1591 fratre
832 1546 1205 1602 acceptauimus
1240 1555 1288 1590 et
1323 1545 1368 1590 in
1404 1544 1685 1589 sodalitium

49 1635 270 1671 nostrum
289 1624 611 1680 suscepimus,
632 1624 724 1668 hoc
739 1623 915 1675 medio,
935 1632 989 1668 vt
1007 1638 1095 1667 nos
1112 1621 1345 1671 vicissim,
1365 1630 1570 1677 propter
1589 1620 1683 1665 loci

49 1702 331 1759 angustiam
365 1711 412 1746 et
451 1700 665 1746 fratrum
706 1700 916 1756 copiam,
959 1700 1086 1744 hanc
1121 1699 1259 1744 breui
1295 1697 1683 1743 vicissitudinem

49 1780 331 1834 reddamus,
360 1788 412 1823 vt
447 1794 536 1835 pro
575 1793 669 1822 vno
703 1779 790 1823 -l,0‘
815 1778 1054 1822 lucretur.
1093 1776 1379 1820 Multifariis
1414 1775 1552 1820 donis
1586 1775 1682 1830 ple-

48 1872 229 1913 rosque
269 1855 537 1910 antecellit,
580 1866 728 1912 atque
768 1854 1052 1911 theologiae
1092 1869 1297 1910 operam
1341 1867 1533 1897 nauare
1572 1866 1684 1896 cum

50 1936 109 1979 M.
136 1933 327 1993 Jacobo
352 1933 371 1959 b
396 1942 574 1989 potest.
602 1932 831 1988 Totaque
862 1931 1090 1987 corporis
1124 1930 1286 1987 portio
1317 1929 1559 1986 promittit
1590 1928 1683 1973 sin-

48 2012 224 2067 gulare
249 2011 447 2066 aliquod
471 2009 801 2054 adolescentis
826 2008 991 2053 eximii
1016 2007 1316 2053 benefitium.

107 2092 150 2134 8).
209 2088 410 2133 Amicus
431 2088 509 2132 ille
528 2096 698 2132 noster
717 2088 732 2110 ⁷³
751 2086 1030 2131 Ratisbona
1050 2095 1164 2130 ante
1184 2100 1371 2141 paucos
1390 2084 1492 2129 dies
1513 2097 1685 2139 sospes

51 2167 247 2231 domum
267 2165 425 2210 rediit.
446 2165 649 2210 Literae
666 2174 883 2216 vestrae,
904 2179 1027 2220 quas
1043 2163 1162 2219 legit
1178 2163 1307 2218 apud
1327 2162 1388 2206 D.
1409 2160 1679 2215 Canisium‚

50 2259 145 2288 non
169 2258 343 2299 parum
369 2242 704 2299 profecerunt.
731 2241 927 2286 Natura
961 2241 1066 2285 eiu's
1100 2256 1223 2296 opus
1257 2240 1408 2284 habet
1442 2247 1685 2295 perpetuo

96 2432 115 2451 a
165 2431 259 2468 Hoc
280 2443 316 2468 v.
339 2430 444 2467 (cdd.
466 2434 603 2476 snpra
626 2440 732 2466 vers.
755 2429 909 2466 eadem
931 2440 1083 2465 manu.
1139 2428 1204 2455 ‘b
1225 2427 1348 2464 Haec
1366 2426 1396 2462 3
1415 2438 1480 2462 vv:
1502 2424 1607 2462 add.
1637 2426 1682 2461 in

53 2502 190 2537 marg.
213 2491 366 2527 eadem
388 2501 540 2526 manu.

103 2684 112 2701 ¹
165 2681 208 2718 P.
235 2681 441 2717 Hurtadus
460 2680 601 2718 Perez.
626 2679 691 2725 qui
712 2679 760 2714 ad
785 2691 985 2725 pragense
1011 2678 1230 2723 collegium
1258 2676 1401 2712 missus
1427 2681 1499 2712 est.
1525 2674 1588 2712 Cf.
1605 2674 1688 2711 ΡΟ-

56 2752 235 2782 LANCUM,
255 2741 432 2782 Clnvn„
450 2739 525 2782 VI,
544 2738 627 2775 359.

100 2802 113 2819 ‘²
162 2800 272 2836 Inter
291 2812 359 2836 eos
377 2799 445 2846 qui
464 2811 569 2835 anno
591 2797 681 2834 1356
699 2799 831 2834 Roma
849 2796 1141 2844 Ingolstadium
1163 2796 1271 2831 missi
1292 2800 1397 2836 sunt,
1419 2800 1688 2830 numerantur

55 2858 284 2902 Stephanus
299 2859 488 2895 Liberius
504 2864 544 2894 et
558 2857 704 2894 Petrus
719 2857 896 2897 Knoten.
911 2857 960 2893 de
976 2856 1121 2903 quibus
1137 2855 1203 2901 agi
1219 2854 1391 2890 videtur.
1408 2852 1471 2890 Cf.
1488 2855 1684 2891 Monam.

57 2919 214 2965 Ignat„
236 2931 313 2955 ser.
339 2918 406 2959 La.
427 2917 500 2960 XI,
521 2917 602 2953 5⁴24.

102 2978 115 2998 ³
165 2978 210 3015 P.
232 2977 452 3015 Ursmarus
471 2976 723 3018 Goissonius,
745 2981 878 3013 rector
897 2975 1061 3021 collegii
1082 2973 1307 3020 pragensis.

103 3039 117 3057 4
166 3037 439 3074 Adalbertum
458 3036 637 3072 Bauzek.
660 3034 871 3082 superius,
893 3047 985 3081 pag.
1009 3033 1056 3070 28
1074 3046 1161 3080 sqq.

103 3097 115 3115 ⁵
166 3096 368 3133 Alludere
390 3096 549 3132 videtur
567 3095 617 3131 ad
636 3095 681 3131 P.
705 3093 992 3135 Covil'onium,
1013 3092 1075 3129 Cf.
1099 3092 1253 3129 Laz‘m'z‘
1272 3091 1481 3135 Monam„
1503 3090 1532 3135 Ι,
1553 3090 1637 3128 537.
