<?xml version="1.0" encoding="UTF-8"?>
<!DOCTYPE html PUBLIC "-//W3C//DTD XHTML 1.0 Transitional//EN"
    "http://www.w3.org/TR/xhtml1/DTD/xhtml1-transitional.dtd">
<html xmlns="http://www.w3.org/1999/xhtml" xml:lang="en" lang="en">
 <head>
  <title>
</title>
<meta http-equiv="Content-Type" content="text/html;charset=utf-8" />
  <meta name='ocr-system' content='tesseract 3.04.00' />
  <meta name='ocr-capabilities' content='ocr_page ocr_carea ocr_par ocr_line ocrx_word'/>
</head>
<body>
  <div class='ocr_page' id='page_1' title='image "./litteraequadrime17lain_0401.png"; bbox 0 0 2051 3516; ppageno 0'>
   <div class='ocr_carea' id='block_1_1' title="bbox 563 273 1707 312">
    <p class='ocr_par' dir='ltr' id='par_1_1' title="bbox 563 273 1707 312">
     <span class='ocr_line' id='line_1_1' title="bbox 563 273 1707 312; baseline 0.001 -2"><span class='ocrx_word' id='word_1_1' title='bbox 563 273 830 312; x_wconf 43' lang='lat' dir='ltr'>921-GENUA</span> <span class='ocrx_word' id='word_1_2' title='bbox 855 274 879 310; x_wconf 78' lang='lat'>8</span> <span class='ocrx_word' id='word_1_3' title='bbox 904 274 1172 311; x_wconf 65' lang='lat' dir='ltr'>SEPTEMRRIS</span> <span class='ocrx_word' id='word_1_4' title='bbox 1204 275 1292 309; x_wconf 70' lang='lat'>1557</span> <span class='ocrx_word' id='word_1_5' title='bbox 1637 274 1707 311; x_wconf 79' lang='lat'>367</span> 
     </span>
    </p>
   </div>
   <div class='ocr_carea' id='block_1_2' title="bbox 115 369 1775 2828">
    <p class='ocr_par' dir='ltr' id='par_1_2' title="bbox 115 369 1772 2362">
     <span class='ocr_line' id='line_1_2' title="bbox 115 369 1755 428; baseline 0 -12"><span class='ocrx_word' id='word_1_6' title='bbox 115 369 254 427; x_wconf 88' lang='lat' dir='ltr'>Opus</span> <span class='ocrx_word' id='word_1_7' title='bbox 277 386 396 416; x_wconf 88' lang='lat' dir='ltr'>sane</span> <span class='ocrx_word' id='word_1_8' title='bbox 420 370 634 415; x_wconf 79' lang='lat' dir='ltr'>omniun]</span> <span class='ocrx_word' id='word_1_9' title='bbox 660 387 756 416; x_wconf 92' lang='lat' dir='ltr'>uno</span> <span class='ocrx_word' id='word_1_10' title='bbox 794 386 880 416; x_wconf 90' lang='lat' dir='ltr'>ore</span> <span class='ocrx_word' id='word_1_11' title='bbox 914 385 1234 426; x_wconf 87' lang='lat' dir='ltr'>summopere</span> <span class='ocrx_word' id='word_1_12' title='bbox 1271 370 1540 420; x_wconf 81' lang='lat' dir='ltr'>laudatum,</span> <span class='ocrx_word' id='word_1_13' title='bbox 1579 371 1755 428; x_wconf 83' lang='lat' dir='ltr'>quippe</span> 
     </span>
     <span class='ocr_line' id='line_1_3' title="bbox 116 447 1757 504; baseline 0 -11"><span class='ocrx_word' id='word_1_14' title='bbox 116 448 244 504; x_wconf 87' lang='lat' dir='ltr'>quod</span> <span class='ocrx_word' id='word_1_15' title='bbox 268 447 433 493; x_wconf 89' lang='lat' dir='ltr'>omnia</span> <span class='ocrx_word' id='word_1_16' title='bbox 457 447 564 493; x_wconf 80' lang='lat' dir='ltr'>fere</span> <span class='ocrx_word' id='word_1_17' title='bbox 590 458 859 504; x_wconf 87' lang='lat' dir='ltr'>praecepta</span> <span class='ocrx_word' id='word_1_18' title='bbox 883 447 1155 501; x_wconf 87' lang='lat' dir='ltr'>contineat,</span> <span class='ocrx_word' id='word_1_19' title='bbox 1193 462 1320 503; x_wconf 86' lang='lat' dir='ltr'>quae</span> <span class='ocrx_word' id='word_1_20' title='bbox 1346 447 1422 492; x_wconf 89' lang='lat' dir='ltr'>uir</span> <span class='ocrx_word' id='word_1_21' title='bbox 1457 448 1757 493; x_wconf 81' lang='lat' dir='ltr'>christianus</span> 
     </span>
     <span class='ocr_line' id='line_1_4' title="bbox 117 525 1756 582; baseline -0.001 -12"><span class='ocrx_word' id='word_1_22' title='bbox 117 525 383 582; x_wconf 85' lang='lat' dir='ltr'>diligenter</span> <span class='ocrx_word' id='word_1_23' title='bbox 406 527 657 571; x_wconf 88' lang='lat' dir='ltr'>seruanda</span> <span class='ocrx_word' id='word_1_24' title='bbox 681 526 743 570; x_wconf 90' lang='lat' dir='ltr'>ad</span> <span class='ocrx_word' id='word_1_25' title='bbox 767 525 920 570; x_wconf 83' lang='lat' dir='ltr'>uitam</span> <span class='ocrx_word' id='word_1_26' title='bbox 945 533 1203 570; x_wconf 87' lang='lat' dir='ltr'>aeternam</span> <span class='ocrx_word' id='word_1_27' title='bbox 1240 525 1640 580; x_wconf 81' lang='lat' dir='ltr'>consequendam</span> <span class='ocrx_word' id='word_1_28' title='bbox 1665 525 1756 570; x_wconf 88' lang='lat' dir='ltr'>sibi</span> 
     </span>
     <span class='ocr_line' id='line_1_5' title="bbox 119 601 1757 659; baseline -0.001 -12"><span class='ocrx_word' id='word_1_29' title='bbox 119 617 400 659; x_wconf 77' lang='lat' dir='ltr'>proponere</span> <span class='ocrx_word' id='word_1_30' title='bbox 446 603 607 655; x_wconf 74' lang='lat' dir='ltr'>debet,</span> <span class='ocrx_word' id='word_1_31' title='bbox 657 603 722 648; x_wconf 85' lang='lat' dir='ltr'>ita</span> <span class='ocrx_word' id='word_1_32' title='bbox 768 602 978 648; x_wconf 77' lang='lat' dir='ltr'>dilucide</span> <span class='ocrx_word' id='word_1_33' title='bbox 1023 612 1072 646; x_wconf 92' lang='lat' dir='ltr'>et</span> <span class='ocrx_word' id='word_1_34' title='bbox 1125 601 1363 646; x_wconf 86' lang='lat' dir='ltr'>concinne</span> <span class='ocrx_word' id='word_1_35' title='bbox 1416 611 1652 656; x_wconf 85' lang='lat' dir='ltr'>tractata,</span> <span class='ocrx_word' id='word_1_36' title='bbox 1706 612 1757 646; x_wconf 88' lang='lat' dir='ltr'>ut</span> 
     </span>
     <span class='ocr_line' id='line_1_6' title="bbox 117 677 1757 735; baseline -0.001 -11"><span class='ocrx_word' id='word_1_37' title='bbox 117 694 288 724; x_wconf 90' lang='lat' dir='ltr'>omnes</span> <span class='ocrx_word' id='word_1_38' title='bbox 312 678 392 735; x_wconf 90' lang='lat' dir='ltr'>qui</span> <span class='ocrx_word' id='word_1_39' title='bbox 417 680 495 724; x_wconf 88' lang='lat' dir='ltr'>uel</span> <span class='ocrx_word' id='word_1_40' title='bbox 530 679 849 725; x_wconf 72' lang='lat' dir='ltr'>mediocriter</span> <span class='ocrx_word' id='word_1_41' title='bbox 882 679 1052 735; x_wconf 90' lang='lat' dir='ltr'>legere</span> <span class='ocrx_word' id='word_1_42' title='bbox 1086 677 1380 733; x_wconf 79' lang='lat' dir='ltr'>didicerunt,</span> <span class='ocrx_word' id='word_1_43' title='bbox 1419 694 1512 722; x_wconf 89' lang='lat' dir='ltr'>non</span> <span class='ocrx_word' id='word_1_44' title='bbox 1548 694 1757 734; x_wconf 86' lang='lat' dir='ltr'>paruam</span> 
     </span>
     <span class='ocr_line' id='line_1_7' title="bbox 119 755 1756 813; baseline -0.001 -12"><span class='ocrx_word' id='word_1_45' title='bbox 119 756 307 813; x_wconf 75' lang='lat' dir='ltr'>possint</span> <span class='ocrx_word' id='word_1_46' title='bbox 330 755 444 801; x_wconf 85' lang='lat' dir='ltr'>inde</span> <span class='ocrx_word' id='word_1_47' title='bbox 469 757 731 802; x_wconf 69' lang='lat' dir='ltr'>Vtilitatem</span> <span class='ocrx_word' id='word_1_48' title='bbox 756 756 975 808; x_wconf 68' lang='lat' dir='ltr'>haurire,</span> <span class='ocrx_word' id='word_1_49' title='bbox 1004 765 1051 800; x_wconf 88' lang='lat' dir='ltr'>et</span> <span class='ocrx_word' id='word_1_50' title='bbox 1076 755 1308 811; x_wconf 87' lang='lat' dir='ltr'>quoniam</span> <span class='ocrx_word' id='word_1_51' title='bbox 1332 756 1558 800; x_wconf 89' lang='lat' dir='ltr'>consulto</span> <span class='ocrx_word' id='word_1_52' title='bbox 1584 772 1756 800; x_wconf 85' lang='lat' dir='ltr'>uerna-</span> 
     </span>
     <span class='ocr_line' id='line_1_8' title="bbox 118 832 1757 889; baseline -0.001 -11"><span class='ocrx_word' id='word_1_53' title='bbox 118 834 231 878; x_wconf 91' lang='lat' dir='ltr'>cula</span> <span class='ocrx_word' id='word_1_54' title='bbox 269 833 439 889; x_wconf 88' lang='lat' dir='ltr'>lingua</span> <span class='ocrx_word' id='word_1_55' title='bbox 472 832 564 878; x_wconf 78' lang='lat' dir='ltr'>fuit</span> <span class='ocrx_word' id='word_1_56' title='bbox 599 850 627 878; x_wconf 86' lang='lat' dir='ltr'>a</span> <span class='ocrx_word' id='word_1_57' title='bbox 662 833 813 879; x_wconf 83' lang='lat' dir='ltr'>Patre</span> <span class='ocrx_word' id='word_1_58' title='bbox 849 832 1196 889; x_wconf 79' lang='lat' dir='ltr'>compositum,</span> <span class='ocrx_word' id='word_1_59' title='bbox 1234 842 1286 877; x_wconf 89' lang='lat' dir='ltr'>ut</span> <span class='ocrx_word' id='word_1_60' title='bbox 1319 833 1547 878; x_wconf 85' lang='lat' dir='ltr'>omnibus</span> <span class='ocrx_word' id='word_1_61' title='bbox 1580 834 1757 877; x_wconf 63' lang='lat' dir='ltr'>emolu&lt;</span> 
     </span>
     <span class='ocr_line' id='line_1_9' title="bbox 119 901 1761 968; baseline 0 -13"><span class='ocrx_word' id='word_1_62' title='bbox 119 920 285 956; x_wconf 89' lang='lat' dir='ltr'>mento</span> <span class='ocrx_word' id='word_1_63' title='bbox 310 926 419 956; x_wconf 89' lang='lat' dir='ltr'>esse</span> <span class='ocrx_word' id='word_1_64' title='bbox 442 922 625 967; x_wconf 80' lang='lat' dir='ltr'>posset,</span> <span class='ocrx_word' id='word_1_65' title='bbox 655 912 738 957; x_wconf 75' lang='lat' dir='ltr'>vix</span> <span class='ocrx_word' id='word_1_66' title='bbox 771 911 865 957; x_wconf 90' lang='lat' dir='ltr'>dici</span> <span class='ocrx_word' id='word_1_67' title='bbox 901 920 1062 968; x_wconf 87' lang='lat' dir='ltr'>potest</span> <span class='ocrx_word' id='word_1_68' title='bbox 1097 901 1284 967; x_wconf 85' lang='lat' dir='ltr'>quanta</span> <span class='ocrx_word' id='word_1_69' title='bbox 1320 910 1382 955; x_wconf 83' lang='lat' dir='ltr'>ad</span> <span class='ocrx_word' id='word_1_70' title='bbox 1418 926 1508 955; x_wconf 90' lang='lat' dir='ltr'>nos</span> <span class='ocrx_word' id='word_1_71' title='bbox 1542 910 1761 955; x_wconf 83' lang='lat' dir='ltr'>confluat</span> 
     </span>
     <span class='ocr_line' id='line_1_10' title="bbox 121 987 1759 1044; baseline 0 -12"><span class='ocrx_word' id='word_1_72' title='bbox 121 988 397 1043; x_wconf 79' lang='lat' dir='ltr'>multitudo,</span> <span class='ocrx_word' id='word_1_73' title='bbox 428 989 543 1034; x_wconf 86' lang='lat' dir='ltr'>illud</span> <span class='ocrx_word' id='word_1_74' title='bbox 567 1005 596 1034; x_wconf 91' lang='lat' dir='ltr'>a</span> <span class='ocrx_word' id='word_1_75' title='bbox 620 989 774 1034; x_wconf 85' lang='lat' dir='ltr'>Patre</span> <span class='ocrx_word' id='word_1_76' title='bbox 798 1000 969 1034; x_wconf 89' lang='lat' dir='ltr'>nostro</span> <span class='ocrx_word' id='word_1_77' title='bbox 994 988 1239 1033; x_wconf 77' lang='lat' dir='ltr'>instanter</span> <span class='ocrx_word' id='word_1_78' title='bbox 1264 987 1550 1044; x_wconf 80' lang='lat' dir='ltr'>efflagitans</span> <span class='ocrx_word' id='word_1_79' title='bbox 1575 994 1607 1031; x_wconf 76' lang='lat'>³.</span> <span class='ocrx_word' id='word_1_80' title='bbox 1632 988 1759 1033; x_wconf 85' lang='lat' dir='ltr'>Nam</span> 
     </span>
     <span class='ocr_line' id='line_1_11' title="bbox 119 1065 1760 1122; baseline 0 -12"><span class='ocrx_word' id='word_1_81' title='bbox 119 1075 322 1122; x_wconf 85' lang='lat' dir='ltr'>praeter</span> <span class='ocrx_word' id='word_1_82' title='bbox 345 1066 655 1111; x_wconf 72' lang='lat' dir='ltr'>utilissimam</span> <span class='ocrx_word' id='word_1_83' title='bbox 682 1066 827 1112; x_wconf 88' lang='lat' dir='ltr'>libelli</span> <span class='ocrx_word' id='word_1_84' title='bbox 852 1066 1148 1118; x_wconf 76' lang='lat' dir='ltr'>doctrinam,</span> <span class='ocrx_word' id='word_1_85' title='bbox 1183 1066 1276 1110; x_wconf 80' lang='lat' dir='ltr'>boc</span> <span class='ocrx_word' id='word_1_86' title='bbox 1310 1065 1458 1111; x_wconf 86' lang='lat' dir='ltr'>etiam</span> <span class='ocrx_word' id='word_1_87' title='bbox 1494 1066 1760 1110; x_wconf 87' lang='lat' dir='ltr'>multorum</span> 
     </span>
     <span class='ocr_line' id='line_1_12' title="bbox 119 1142 1761 1200; baseline -0.001 -12"><span class='ocrx_word' id='word_1_88' title='bbox 119 1142 272 1188; x_wconf 80' lang='lat' dir='ltr'>allicit</span> <span class='ocrx_word' id='word_1_89' title='bbox 295 1143 503 1197; x_wconf 81' lang='lat' dir='ltr'>animos,</span> <span class='ocrx_word' id='word_1_90' title='bbox 532 1159 806 1200; x_wconf 87' lang='lat' dir='ltr'>pauperum</span> <span class='ocrx_word' id='word_1_91' title='bbox 832 1143 1142 1200; x_wconf 76' lang='lat' dir='ltr'>praesertim,</span> <span class='ocrx_word' id='word_1_92' title='bbox 1170 1142 1299 1198; x_wconf 85' lang='lat' dir='ltr'>quod</span> <span class='ocrx_word' id='word_1_93' title='bbox 1334 1143 1468 1187; x_wconf 89' lang='lat' dir='ltr'>nullo</span> <span class='ocrx_word' id='word_1_94' title='bbox 1505 1142 1761 1199; x_wconf 83' lang='lat' dir='ltr'>proposito</span> 
     </span>
     <span class='ocr_line' id='line_1_13' title="bbox 121 1219 1761 1279; baseline -0.001 -15"><span class='ocrx_word' id='word_1_95' title='bbox 121 1220 282 1276; x_wconf 87' lang='lat' dir='ltr'>pretio</span> <span class='ocrx_word' id='word_1_96' title='bbox 307 1220 533 1266; x_wconf 88' lang='lat' dir='ltr'>omnibus</span> <span class='ocrx_word' id='word_1_97' title='bbox 558 1221 787 1277; x_wconf 69' lang='lat' dir='ltr'>donatur,</span> <span class='ocrx_word' id='word_1_98' title='bbox 815 1221 943 1277; x_wconf 82' lang='lat' dir='ltr'>quod</span> <span class='ocrx_word' id='word_1_99' title='bbox 969 1236 1063 1276; x_wconf 90' lang='lat' dir='ltr'>quo</span> <span class='ocrx_word' id='word_1_100' title='bbox 1089 1220 1252 1264; x_wconf 77' lang='lat' dir='ltr'>rarius</span> <span class='ocrx_word' id='word_1_101' title='bbox 1277 1231 1350 1265; x_wconf 85' lang='lat' dir='ltr'>est</span> <span class='ocrx_word' id='word_1_102' title='bbox 1374 1219 1507 1279; x_wconf 88' lang='lat' dir='ltr'>hisce</span> <span class='ocrx_word' id='word_1_103' title='bbox 1532 1219 1761 1276; x_wconf 83' lang='lat' dir='ltr'>tempori-</span> 
     </span>
     <span class='ocr_line' id='line_1_14' title="bbox 125 1296 1765 1354; baseline 0.001 -13"><span class='ocrx_word' id='word_1_104' title='bbox 125 1297 233 1352; x_wconf 86' lang='lat' dir='ltr'>bus,</span> <span class='ocrx_word' id='word_1_105' title='bbox 273 1296 319 1341; x_wconf 89' lang='lat' dir='ltr'>in</span> <span class='ocrx_word' id='word_1_106' title='bbox 360 1298 535 1353; x_wconf 87' lang='lat' dir='ltr'>quibus</span> <span class='ocrx_word' id='word_1_107' title='bbox 570 1307 709 1343; x_wconf 89' lang='lat' dir='ltr'>tanta</span> <span class='ocrx_word' id='word_1_108' title='bbox 748 1297 1070 1354; x_wconf 80' lang='lat' dir='ltr'>pecuniarum</span> <span class='ocrx_word' id='word_1_109' title='bbox 1111 1297 1216 1343; x_wconf 88' lang='lat' dir='ltr'>sitis</span> <span class='ocrx_word' id='word_1_110' title='bbox 1251 1298 1473 1342; x_wconf 85' lang='lat' dir='ltr'>homines</span> <span class='ocrx_word' id='word_1_111' title='bbox 1507 1297 1765 1342; x_wconf 84' lang='lat' dir='ltr'>excruciat</span> 
     </span>
     <span class='ocr_line' id='line_1_15' title="bbox 123 1376 1762 1432; baseline 0.001 -13"><span class='ocrx_word' id='word_1_112' title='bbox 123 1384 273 1431; x_wconf 87' lang='lat' dir='ltr'>atque</span> <span class='ocrx_word' id='word_1_113' title='bbox 301 1384 468 1426; x_wconf 80' lang='lat' dir='ltr'>vexat,</span> <span class='ocrx_word' id='word_1_114' title='bbox 497 1392 555 1421; x_wconf 84' lang='lat' dir='ltr'>eo</span> <span class='ocrx_word' id='word_1_115' title='bbox 576 1376 759 1421; x_wconf 87' lang='lat' dir='ltr'>certius</span> <span class='ocrx_word' id='word_1_116' title='bbox 783 1376 1042 1421; x_wconf 81' lang='lat' dir='ltr'>charitatis</span> <span class='ocrx_word' id='word_1_117' title='bbox 1067 1392 1213 1432; x_wconf 85' lang='lat' dir='ltr'>quam</span> <span class='ocrx_word' id='word_1_118' title='bbox 1234 1376 1281 1420; x_wconf 85' lang='lat' dir='ltr'>in</span> <span class='ocrx_word' id='word_1_119' title='bbox 1302 1380 1432 1431; x_wconf 83' lang='lat' dir='ltr'>ipsos</span> <span class='ocrx_word' id='word_1_120' title='bbox 1452 1390 1762 1431; x_wconf 75' lang='lat' dir='ltr'>exercemus,</span> 
     </span>
     <span class='ocr_line' id='line_1_16' title="bbox 123 1452 1760 1510; baseline -0.001 -13"><span class='ocrx_word' id='word_1_121' title='bbox 123 1452 326 1509; x_wconf 85' lang='lat' dir='ltr'>capiunt</span> <span class='ocrx_word' id='word_1_122' title='bbox 344 1453 591 1498; x_wconf 84' lang='lat' dir='ltr'>indicium.</span> <span class='ocrx_word' id='word_1_123' title='bbox 614 1453 900 1510; x_wconf 85' lang='lat' dir='ltr'>Intelligunt</span> <span class='ocrx_word' id='word_1_124' title='bbox 919 1452 1157 1509; x_wconf 82' lang='lat' dir='ltr'>siquidem</span> <span class='ocrx_word' id='word_1_125' title='bbox 1176 1453 1221 1497; x_wconf 86' lang='lat' dir='ltr'>id</span> <span class='ocrx_word' id='word_1_126' title='bbox 1239 1452 1367 1509; x_wconf 81' lang='lat' dir='ltr'>quod</span> <span class='ocrx_word' id='word_1_127' title='bbox 1387 1452 1446 1497; x_wconf 89' lang='lat' dir='ltr'>D.</span> <span class='ocrx_word' id='word_1_128' title='bbox 1473 1452 1658 1497; x_wconf 85' lang='lat' dir='ltr'>Paulus</span> <span class='ocrx_word' id='word_1_129' title='bbox 1677 1452 1760 1497; x_wconf 84' lang='lat' dir='ltr'>ait:</span> 
     </span>
     <span class='ocr_line' id='line_1_17' title="bbox 125 1529 1766 1588; baseline 0.001 -14"><span class='ocrx_word' id='word_1_130' title='bbox 125 1545 215 1575; x_wconf 91' lang='lat' dir='ltr'>nos</span> <span class='ocrx_word' id='word_1_131' title='bbox 237 1545 335 1574; x_wconf 89' lang='lat' dir='ltr'>non</span> <span class='ocrx_word' id='word_1_132' title='bbox 361 1545 489 1587; x_wconf 87' lang='lat' dir='ltr'>quae</span> <span class='ocrx_word' id='word_1_133' title='bbox 514 1546 604 1575; x_wconf 87' lang='lat' dir='ltr'>sua</span> <span class='ocrx_word' id='word_1_134' title='bbox 627 1540 739 1576; x_wconf 91' lang='lat' dir='ltr'>sunt</span> <span class='ocrx_word' id='word_1_135' title='bbox 763 1546 1026 1588; x_wconf 75' lang='lat' dir='ltr'>quaerere,</span> <span class='ocrx_word' id='word_1_136' title='bbox 1065 1531 1149 1575; x_wconf 88' lang='lat' dir='ltr'>sed</span> <span class='ocrx_word' id='word_1_137' title='bbox 1184 1530 1375 1587; x_wconf 86' lang='lat' dir='ltr'>seipsos</span> <span class='ocrx_word' id='word_1_138' title='bbox 1410 1532 1440 1575; x_wconf 75' lang='lat'>1.</span> <span class='ocrx_word' id='word_1_139' title='bbox 1477 1529 1618 1574; x_wconf 85' lang='lat' dir='ltr'>Multi</span> <span class='ocrx_word' id='word_1_140' title='bbox 1654 1538 1766 1575; x_wconf 87' lang='lat' dir='ltr'>sunt</span> 
     </span>
     <span class='ocr_line' id='line_1_18' title="bbox 126 1606 1766 1665; baseline 0 -13"><span class='ocrx_word' id='word_1_141' title='bbox 126 1606 371 1652; x_wconf 85' lang='lat' dir='ltr'>distributi</span> <span class='ocrx_word' id='word_1_142' title='bbox 396 1623 483 1664; x_wconf 89' lang='lat' dir='ltr'>per</span> <span class='ocrx_word' id='word_1_143' title='bbox 507 1607 703 1664; x_wconf 90' lang='lat' dir='ltr'>singula</span> <span class='ocrx_word' id='word_1_144' title='bbox 727 1608 869 1653; x_wconf 84' lang='lat' dir='ltr'>huius</span> <span class='ocrx_word' id='word_1_145' title='bbox 894 1608 1027 1653; x_wconf 83' lang='lat' dir='ltr'>urbis</span> <span class='ocrx_word' id='word_1_146' title='bbox 1052 1618 1153 1653; x_wconf 85' lang='lat' dir='ltr'>tam</span> <span class='ocrx_word' id='word_1_147' title='bbox 1179 1607 1394 1653; x_wconf 75' lang='lat' dir='ltr'>fratrum</span> <span class='ocrx_word' id='word_1_148' title='bbox 1419 1623 1568 1665; x_wconf 86' lang='lat' dir='ltr'>quam</span> <span class='ocrx_word' id='word_1_149' title='bbox 1599 1623 1766 1652; x_wconf 85' lang='lat' dir='ltr'>mona-</span> 
     </span>
     <span class='ocr_line' id='line_1_19' title="bbox 128 1684 1765 1742; baseline 0.002 -14"><span class='ocrx_word' id='word_1_150' title='bbox 128 1684 335 1729; x_wconf 87' lang='lat' dir='ltr'>charum</span> <span class='ocrx_word' id='word_1_151' title='bbox 358 1685 620 1741; x_wconf 79' lang='lat' dir='ltr'>coenobia,</span> <span class='ocrx_word' id='word_1_152' title='bbox 649 1686 778 1742; x_wconf 88' lang='lat' dir='ltr'>quod</span> <span class='ocrx_word' id='word_1_153' title='bbox 804 1702 899 1730; x_wconf 89' lang='lat' dir='ltr'>non</span> <span class='ocrx_word' id='word_1_154' title='bbox 925 1686 1227 1731; x_wconf 82' lang='lat' dir='ltr'>mediocrem</span> <span class='ocrx_word' id='word_1_155' title='bbox 1252 1686 1476 1731; x_wconf 88' lang='lat' dir='ltr'>cumillis</span> <span class='ocrx_word' id='word_1_156' title='bbox 1494 1686 1635 1731; x_wconf 86' lang='lat' dir='ltr'>nobis</span> <span class='ocrx_word' id='word_1_157' title='bbox 1654 1701 1765 1731; x_wconf 90' lang='lat' dir='ltr'>con-</span> 
     </span>
     <span class='ocr_line' id='line_1_20' title="bbox 129 1761 1766 1819; baseline 0.001 -13"><span class='ocrx_word' id='word_1_158' title='bbox 129 1761 314 1806; x_wconf 89' lang='lat' dir='ltr'>ciliauit</span> <span class='ocrx_word' id='word_1_159' title='bbox 336 1762 753 1808; x_wconf 86' lang='lat' dir='ltr'>beneuolentiam.</span> <span class='ocrx_word' id='word_1_160' title='bbox 782 1762 880 1808; x_wconf 73' lang='lat' dir='ltr'>Alii</span> <span class='ocrx_word' id='word_1_161' title='bbox 906 1778 1056 1819; x_wconf 90' lang='lat' dir='ltr'>porro</span> <span class='ocrx_word' id='word_1_162' title='bbox 1083 1778 1169 1819; x_wconf 86' lang='lat' dir='ltr'>per</span> <span class='ocrx_word' id='word_1_163' title='bbox 1200 1762 1363 1808; x_wconf 87' lang='lat' dir='ltr'>uicina</span> <span class='ocrx_word' id='word_1_164' title='bbox 1397 1763 1508 1808; x_wconf 83' lang='lat' dir='ltr'>huic</span> <span class='ocrx_word' id='word_1_165' title='bbox 1543 1763 1651 1808; x_wconf 86' lang='lat' dir='ltr'>urbi</span> <span class='ocrx_word' id='word_1_166' title='bbox 1687 1778 1766 1808; x_wconf 89' lang='lat' dir='ltr'>ca-</span> 
     </span>
     <span class='ocr_line' id='line_1_21' title="bbox 129 1839 1768 1897; baseline 0.001 -13"><span class='ocrx_word' id='word_1_167' title='bbox 129 1839 273 1884; x_wconf 88' lang='lat' dir='ltr'>stella</span> <span class='ocrx_word' id='word_1_168' title='bbox 298 1848 346 1885; x_wconf 86' lang='lat' dir='ltr'>et</span> <span class='ocrx_word' id='word_1_169' title='bbox 381 1855 556 1897; x_wconf 80' lang='lat' dir='ltr'>pagos,</span> <span class='ocrx_word' id='word_1_170' title='bbox 594 1840 657 1885; x_wconf 88' lang='lat' dir='ltr'>ad</span> <span class='ocrx_word' id='word_1_171' title='bbox 691 1840 1027 1885; x_wconf 85' lang='lat' dir='ltr'>Mediolanum</span> <span class='ocrx_word' id='word_1_172' title='bbox 1065 1856 1219 1897; x_wconf 87' lang='lat' dir='ltr'>usque</span> <span class='ocrx_word' id='word_1_173' title='bbox 1245 1851 1292 1886; x_wconf 86' lang='lat' dir='ltr'>et</span> <span class='ocrx_word' id='word_1_174' title='bbox 1316 1840 1552 1886; x_wconf 78' lang='lat' dir='ltr'>Galliam.</span> <span class='ocrx_word' id='word_1_175' title='bbox 1580 1841 1768 1897; x_wconf 81' lang='lat' dir='ltr'>Magna</span> 
     </span>
     <span class='ocr_line' id='line_1_22' title="bbox 129 1918 1767 1976; baseline 0.001 -15"><span class='ocrx_word' id='word_1_176' title='bbox 129 1932 218 1962; x_wconf 90' lang='lat' dir='ltr'>nos</span> <span class='ocrx_word' id='word_1_177' title='bbox 242 1927 374 1962; x_wconf 89' lang='lat' dir='ltr'>tenet</span> <span class='ocrx_word' id='word_1_178' title='bbox 399 1933 527 1975; x_wconf 81' lang='lat' dir='ltr'>spes,</span> <span class='ocrx_word' id='word_1_179' title='bbox 554 1918 757 1963; x_wconf 85' lang='lat' dir='ltr'>labores</span> <span class='ocrx_word' id='word_1_180' title='bbox 781 1928 932 1976; x_wconf 87' lang='lat' dir='ltr'>atque</span> <span class='ocrx_word' id='word_1_181' title='bbox 955 1918 1151 1975; x_wconf 84' lang='lat' dir='ltr'>vigilias</span> <span class='ocrx_word' id='word_1_182' title='bbox 1174 1928 1373 1964; x_wconf 82' lang='lat' dir='ltr'>nostras</span> <span class='ocrx_word' id='word_1_183' title='bbox 1393 1934 1488 1964; x_wconf 91' lang='lat' dir='ltr'>non</span> <span class='ocrx_word' id='word_1_184' title='bbox 1510 1918 1767 1976; x_wconf 75' lang='lat' dir='ltr'>infrugife-</span> 
     </span>
     <span class='ocr_line' id='line_1_23' title="bbox 129 1995 1770 2051; baseline 0.001 -12"><span class='ocrx_word' id='word_1_185' title='bbox 129 2009 255 2051; x_wconf 89' lang='lat' dir='ltr'>rum‚</span> <span class='ocrx_word' id='word_1_186' title='bbox 282 1995 370 2040; x_wconf 88' lang='lat' dir='ltr'>sed</span> <span class='ocrx_word' id='word_1_187' title='bbox 397 1995 614 2040; x_wconf 77' lang='lat' dir='ltr'>maximo</span> <span class='ocrx_word' id='word_1_188' title='bbox 648 2010 761 2041; x_wconf 90' lang='lat' dir='ltr'>cum</span> <span class='ocrx_word' id='word_1_189' title='bbox 794 1995 1002 2041; x_wconf 79' lang='lat' dir='ltr'>foenore</span> <span class='ocrx_word' id='word_1_190' title='bbox 1037 2011 1203 2041; x_wconf 82' lang='lat' dir='ltr'>semen</span> <span class='ocrx_word' id='word_1_191' title='bbox 1240 1996 1540 2050; x_wconf 82' lang='lat' dir='ltr'>reddituras;</span> <span class='ocrx_word' id='word_1_192' title='bbox 1579 2006 1770 2041; x_wconf 84' lang='lat' dir='ltr'>metere</span> 
     </span>
     <span class='ocr_line' id='line_1_24' title="bbox 128 2071 1769 2130; baseline 0.001 -14"><span class='ocrx_word' id='word_1_193' title='bbox 128 2071 368 2128; x_wconf 83' lang='lat' dir='ltr'>siquidem</span> <span class='ocrx_word' id='word_1_194' title='bbox 407 2071 504 2117; x_wconf 87' lang='lat' dir='ltr'>iam</span> <span class='ocrx_word' id='word_1_195' title='bbox 538 2072 842 2130; x_wconf 88' lang='lat' dir='ltr'>incoepimus</span> <span class='ocrx_word' id='word_1_196' title='bbox 882 2073 1011 2130; x_wconf 89' lang='lat' dir='ltr'>quod</span> <span class='ocrx_word' id='word_1_197' title='bbox 1049 2089 1207 2129; x_wconf 87' lang='lat' dir='ltr'>nuper</span> <span class='ocrx_word' id='word_1_198' title='bbox 1245 2073 1615 2118; x_wconf 81' lang='lat' dir='ltr'>seminauimus.</span> <span class='ocrx_word' id='word_1_199' title='bbox 1658 2073 1769 2118; x_wconf 84' lang='lat' dir='ltr'>Non</span> 
     </span>
     <span class='ocr_line' id='line_1_25' title="bbox 129 2149 1771 2208; baseline 0.001 -14"><span class='ocrx_word' id='word_1_200' title='bbox 129 2149 258 2194; x_wconf 91' lang='lat' dir='ltr'>enim</span> <span class='ocrx_word' id='word_1_201' title='bbox 283 2149 458 2195; x_wconf 87' lang='lat' dir='ltr'>desunt</span> <span class='ocrx_word' id='word_1_202' title='bbox 482 2150 562 2206; x_wconf 91' lang='lat' dir='ltr'>qui</span> <span class='ocrx_word' id='word_1_203' title='bbox 588 2150 798 2195; x_wconf 84' lang='lat' dir='ltr'>lectione</span> <span class='ocrx_word' id='word_1_204' title='bbox 823 2150 935 2195; x_wconf 81' lang='lat' dir='ltr'>libri</span> <span class='ocrx_word' id='word_1_205' title='bbox 958 2150 1208 2207; x_wconf 81' lang='lat' dir='ltr'>commoti,</span> <span class='ocrx_word' id='word_1_206' title='bbox 1236 2166 1377 2196; x_wconf 89' lang='lat' dir='ltr'>suam</span> <span class='ocrx_word' id='word_1_207' title='bbox 1397 2151 1496 2196; x_wconf 85' lang='lat' dir='ltr'>iam</span> <span class='ocrx_word' id='word_1_208' title='bbox 1517 2150 1771 2208; x_wconf 87' lang='lat' dir='ltr'>coeperint</span> 
     </span>
     <span class='ocr_line' id='line_1_26' title="bbox 132 2228 1772 2285; baseline 0.001 -13"><span class='ocrx_word' id='word_1_209' title='bbox 132 2235 418 2272; x_wconf 83' lang='lat' dir='ltr'>anteactam</span> <span class='ocrx_word' id='word_1_210' title='bbox 453 2228 691 2273; x_wconf 88' lang='lat' dir='ltr'>detestari</span> <span class='ocrx_word' id='word_1_211' title='bbox 729 2228 899 2285; x_wconf 86' lang='lat' dir='ltr'>vitam,</span> <span class='ocrx_word' id='word_1_212' title='bbox 937 2244 1082 2285; x_wconf 80' lang='lat' dir='ltr'>quain</span> <span class='ocrx_word' id='word_1_213' title='bbox 1120 2229 1267 2285; x_wconf 89' lang='lat' dir='ltr'>longe</span> <span class='ocrx_word' id='word_1_214' title='bbox 1301 2229 1364 2273; x_wconf 90' lang='lat' dir='ltr'>ab</span> <span class='ocrx_word' id='word_1_215' title='bbox 1398 2229 1526 2273; x_wconf 88' lang='lat' dir='ltr'>illius</span> <span class='ocrx_word' id='word_1_216' title='bbox 1556 2228 1772 2273; x_wconf 87' lang='lat' dir='ltr'>consiliis</span> 
     </span>
     <span class='ocr_line' id='line_1_27' title="bbox 133 2304 1094 2362; baseline 0.002 -13"><span class='ocrx_word' id='word_1_217' title='bbox 133 2304 456 2350; x_wconf 84' lang='lat' dir='ltr'>abhorruisse</span> <span class='ocrx_word' id='word_1_218' title='bbox 482 2305 744 2350; x_wconf 76' lang='lat' dir='ltr'>manifesto</span> <span class='ocrx_word' id='word_1_219' title='bbox 769 2316 1094 2362; x_wconf 87' lang='lat' dir='ltr'>cognoscunt.</span> 
     </span>
    </p>

    <p class='ocr_par' dir='ltr' id='par_1_3' title="bbox 132 2381 1775 2828">
     <span class='ocr_line' id='line_1_28' title="bbox 190 2381 1772 2440; baseline 0.001 -13"><span class='ocrx_word' id='word_1_220' title='bbox 190 2381 232 2427; x_wconf 77' lang='lat'>3.</span> <span class='ocrx_word' id='word_1_221' title='bbox 300 2382 571 2428; x_wconf 86' lang='lat' dir='ltr'>Plurimum</span> <span class='ocrx_word' id='word_1_222' title='bbox 594 2393 863 2439; x_wconf 89' lang='lat' dir='ltr'>praeterea</span> <span class='ocrx_word' id='word_1_223' title='bbox 888 2384 1089 2429; x_wconf 83' lang='lat' dir='ltr'>subsidii</span> <span class='ocrx_word' id='word_1_224' title='bbox 1116 2395 1264 2440; x_wconf 85' lang='lat' dir='ltr'>atque</span> <span class='ocrx_word' id='word_1_225' title='bbox 1289 2383 1553 2429; x_wconf 87' lang='lat' dir='ltr'>adiumenti</span> <span class='ocrx_word' id='word_1_226' title='bbox 1579 2399 1608 2428; x_wconf 83' lang='lat' dir='ltr'>a</span> <span class='ocrx_word' id='word_1_227' title='bbox 1633 2384 1772 2429; x_wconf 91' lang='lat' dir='ltr'>nobis</span> 
     </span>
     <span class='ocr_line' id='line_1_29' title="bbox 132 2459 1773 2518; baseline 0.002 -15"><span class='ocrx_word' id='word_1_228' title='bbox 132 2459 381 2516; x_wconf 83' lang='lat' dir='ltr'>praestari</span> <span class='ocrx_word' id='word_1_229' title='bbox 416 2460 541 2505; x_wconf 91' lang='lat' dir='ltr'>solet</span> <span class='ocrx_word' id='word_1_230' title='bbox 575 2459 808 2517; x_wconf 82' lang='lat' dir='ltr'>hispanis,</span> <span class='ocrx_word' id='word_1_231' title='bbox 847 2460 928 2517; x_wconf 90' lang='lat' dir='ltr'>qui</span> <span class='ocrx_word' id='word_1_232' title='bbox 962 2460 1266 2518; x_wconf 74' lang='lat' dir='ltr'>frequentes,</span> <span class='ocrx_word' id='word_1_233' title='bbox 1307 2472 1357 2506; x_wconf 88' lang='lat' dir='ltr'>ut</span> <span class='ocrx_word' id='word_1_234' title='bbox 1395 2462 1441 2506; x_wconf 92' lang='lat' dir='ltr'>in</span> <span class='ocrx_word' id='word_1_235' title='bbox 1481 2461 1773 2517; x_wconf 79' lang='lat' dir='ltr'>Hispaniam</span> 
     </span>
     <span class='ocr_line' id='line_1_30' title="bbox 132 2536 1774 2595; baseline 0.002 -14"><span class='ocrx_word' id='word_1_236' title='bbox 132 2536 400 2593; x_wconf 86' lang='lat' dir='ltr'>traiiciant,</span> <span class='ocrx_word' id='word_1_237' title='bbox 428 2537 490 2582; x_wconf 91' lang='lat' dir='ltr'>ad</span> <span class='ocrx_word' id='word_1_238' title='bbox 514 2537 642 2582; x_wconf 88' lang='lat' dir='ltr'>hanc</span> <span class='ocrx_word' id='word_1_239' title='bbox 666 2538 840 2583; x_wconf 87' lang='lat' dir='ltr'>urbem</span> <span class='ocrx_word' id='word_1_240' title='bbox 866 2538 1120 2584; x_wconf 88' lang='lat' dir='ltr'>aduolant:</span> <span class='ocrx_word' id='word_1_241' title='bbox 1149 2538 1193 2583; x_wconf 91' lang='lat' dir='ltr'>hi</span> <span class='ocrx_word' id='word_1_242' title='bbox 1217 2539 1397 2595; x_wconf 86' lang='lat' dir='ltr'>partim</span> <span class='ocrx_word' id='word_1_243' title='bbox 1428 2539 1605 2583; x_wconf 89' lang='lat' dir='ltr'>timore</span> <span class='ocrx_word' id='word_1_244' title='bbox 1640 2538 1774 2584; x_wconf 86' lang='lat' dir='ltr'>naui-</span> 
     </span>
     <span class='ocr_line' id='line_1_31' title="bbox 134 2613 1773 2672; baseline 0.002 -14"><span class='ocrx_word' id='word_1_245' title='bbox 134 2613 365 2671; x_wconf 84' lang='lat' dir='ltr'>gationis,</span> <span class='ocrx_word' id='word_1_246' title='bbox 393 2629 521 2670; x_wconf 89' lang='lat' dir='ltr'>quae</span> <span class='ocrx_word' id='word_1_247' title='bbox 552 2614 682 2671; x_wconf 87' lang='lat' dir='ltr'>quod</span> <span class='ocrx_word' id='word_1_248' title='bbox 716 2615 880 2660; x_wconf 88' lang='lat' dir='ltr'>multis</span> <span class='ocrx_word' id='word_1_249' title='bbox 914 2625 989 2660; x_wconf 88' lang='lat' dir='ltr'>est</span> <span class='ocrx_word' id='word_1_250' title='bbox 1022 2615 1239 2660; x_wconf 80' lang='lat' dir='ltr'>obnoxia</span> <span class='ocrx_word' id='word_1_251' title='bbox 1275 2615 1524 2672; x_wconf 83' lang='lat' dir='ltr'>periculis,</span> <span class='ocrx_word' id='word_1_252' title='bbox 1561 2631 1656 2660; x_wconf 84' lang='lat' dir='ltr'>non</span> <span class='ocrx_word' id='word_1_253' title='bbox 1692 2630 1773 2672; x_wconf 87' lang='lat' dir='ltr'>pa-</span> 
     </span>
     <span class='ocr_line' id='line_1_32' title="bbox 136 2690 1775 2750; baseline 0.002 -15"><span class='ocrx_word' id='word_1_254' title='bbox 136 2706 246 2735; x_wconf 90' lang='lat' dir='ltr'>rum</span> <span class='ocrx_word' id='word_1_255' title='bbox 268 2690 442 2737; x_wconf 89' lang='lat' dir='ltr'>incutit</span> <span class='ocrx_word' id='word_1_256' title='bbox 474 2692 701 2748; x_wconf 85' lang='lat' dir='ltr'>terroris,</span> <span class='ocrx_word' id='word_1_257' title='bbox 740 2692 798 2737; x_wconf 91' lang='lat' dir='ltr'>iis</span> <span class='ocrx_word' id='word_1_258' title='bbox 832 2693 1147 2750; x_wconf 86' lang='lat' dir='ltr'>praesertim,</span> <span class='ocrx_word' id='word_1_259' title='bbox 1185 2694 1263 2749; x_wconf 89' lang='lat' dir='ltr'>qui</span> <span class='ocrx_word' id='word_1_260' title='bbox 1300 2693 1506 2738; x_wconf 74' lang='lat' dir='ltr'>alicuius</span> <span class='ocrx_word' id='word_1_261' title='bbox 1540 2703 1652 2739; x_wconf 90' lang='lat' dir='ltr'>sunt</span> <span class='ocrx_word' id='word_1_262' title='bbox 1685 2693 1775 2740; x_wconf 86' lang='lat' dir='ltr'>sibi</span> 
     </span>
     <span class='ocr_line' id='line_1_33' title="bbox 135 2769 1774 2828; baseline 0.002 -14"><span class='ocrx_word' id='word_1_263' title='bbox 135 2769 321 2814; x_wconf 88' lang='lat' dir='ltr'>conscii</span> <span class='ocrx_word' id='word_1_264' title='bbox 346 2769 781 2827; x_wconf 73' lang='lat' dir='ltr'>criminis3-parti1n</span> <span class='ocrx_word' id='word_1_265' title='bbox 807 2771 1122 2827; x_wconf 83' lang='lat' dir='ltr'>aegritudine</span> <span class='ocrx_word' id='word_1_266' title='bbox 1146 2771 1309 2827; x_wconf 80' lang='lat' dir='ltr'>aliqua</span> <span class='ocrx_word' id='word_1_267' title='bbox 1337 2771 1572 2828; x_wconf 81' lang='lat' dir='ltr'>correpti,</span> <span class='ocrx_word' id='word_1_268' title='bbox 1600 2787 1774 2828; x_wconf 88' lang='lat' dir='ltr'>pecca-</span> 
     </span>
    </p>
   </div>
   <div class='ocr_carea' id='block_1_3' title="bbox 185 2947 705 2996">
    <p class='ocr_par' dir='ltr' id='par_1_4' title="bbox 185 2947 705 2996">
     <span class='ocr_line' id='line_1_34' title="bbox 185 2947 705 2996; baseline 0.004 -12"><span class='ocrx_word' id='word_1_269' title='bbox 185 2954 202 2974; x_wconf 92' lang='lat' dir='ltr'>a</span> <span class='ocrx_word' id='word_1_270' title='bbox 267 2949 397 2994; x_wconf 73' lang='lat' dir='ltr'>prius</span> <span class='ocrx_word' id='word_1_271' title='bbox 415 2947 705 2996; x_wconf 81' lang='lat' dir='ltr'>efflagitatura.</span> 
     </span>
    </p>
   </div>
   <div class='ocr_carea' id='block_1_4' title="bbox 185 3089 808 3134">
    <p class='ocr_par' dir='ltr' id='par_1_5' title="bbox 185 3089 808 3134">
     <span class='ocr_line' id='line_1_35' title="bbox 185 3089 808 3134; baseline 0 -6"><span class='ocrx_word' id='word_1_272' title='bbox 185 3091 194 3111; x_wconf 91' lang='lat'><em>¹</em></span> <span class='ocrx_word' id='word_1_273' title='bbox 249 3090 312 3128; x_wconf 74' lang='lat' dir='ltr'>Cf.</span> <span class='ocrx_word' id='word_1_274' title='bbox 333 3090 369 3127; x_wconf 85' lang='grc' dir='ltr'>ΙΙ</span> <span class='ocrx_word' id='word_1_275' title='bbox 390 3089 612 3134; x_wconf 61' lang='lat' dir='ltr'>Comma..</span> <span class='ocrx_word' id='word_1_276' title='bbox 636 3091 728 3132; x_wconf 77' lang='grc' dir='ltr'>ΧΠ,</span> <span class='ocrx_word' id='word_1_277' title='bbox 754 3092 808 3128; x_wconf 72' lang='grc'>14.</span> 
     </span>
    </p>
   </div>
  </div>
 </body>
</html>
