2051 3516
616 328 900 366 17O.-PRAGA
926 328 974 365 27
1000 326 1110 375 MAJ1
1141 326 1232 364 1558
1626 325 1697 362 685

109 441 221 472 cum
245 439 597 482 nonnunquam
621 424 876 470 imbecillis
900 423 1143 482 pueritiae
1168 421 1527 480 impedimentis
1552 421 1744 478 repelli-

107 518 231 560 mUS,
258 510 439 559 argute
463 517 552 547 nos
576 500 793 547 vicissim
819 510 1159 558 percontatur,
1188 515 1302 545 num
1328 499 1466 557 pueri
1490 513 1614 556 ergo
1649 498 1746 544 sint

108 579 401 626 excludendi
426 594 489 624 ex
513 578 670 635 coelo,
696 594 810 624 num
843 588 891 625 et
925 579 991 624 illi
1026 577 1228 635 perinde
1263 593 1323 623 ac
1356 592 1499 623 senes
1533 576 1747 622 debeant

110 656 314 713 saluari,
357 672 472 701 num
507 657 608 702 vlla
643 665 784 701 aetas
819 656 1088 702 immatura
1121 655 1184 700 sit
1217 671 1337 701 suae
1373 654 1541 700 saluti?
1574 653 1664 698 His
1699 663 1747 698 et

109 734 217 780 aliis
241 733 552 790 argumentis
578 733 644 779 V.
671 733 730 778 R.
756 733 809 779 P.
838 734 884 779 in
908 734 1123 779 Domino
1147 748 1237 790 pro
1262 732 1441 778 maiori
1464 731 1558 778 Dei
1582 730 1748 788 gloria

111 826 223 857 cum
248 811 344 857 erit
367 811 699 869 commodum,
727 811 843 868 (non
867 811 1055 868 dubito)
1081 810 1419 867 respondebit.

172 889 239 934 14.
315 887 669 934 Confessiones
694 889 852 934 nostri
876 889 1045 945 templi
1068 904 1166 934 non
1191 888 1317 934 adeo
1342 888 1628 945 frequentes
1647 885 1749 932 fue-

110 976 240 1012 runt.
280 965 447 1012 Credo
481 966 683 1012 circiter
717 966 804 1012 200
837 966 900 1011 ad
934 966 1122 1022 pascha
1158 965 1432 1021 confeSSOS,
1470 965 1616 1010 italos
1641 964 1749 1009 fere

110 1059 296 1097 omnes,
325 1058 537 1101 quorum
562 1043 642 1089 alii
669 1059 698 1089 a
721 1044 764 1101 3,
802 1043 884 1089 alii
920 1060 949 1089 a
982 1044 1025 1101 4,
1064 1043 1145 1089 alii
1180 1059 1209 1089 a
1243 1043 1269 1088 7
1300 1043 1442 1088 annis
1477 1058 1571 1088 non
1607 1050 1752 1088 erant

110 1121 325 1167 confessi
347 1127 385 1166 ³.
412 1121 619 1167 Bohemi
649 1136 843 1179 quoque
878 1136 973 1166 non
999 1120 1223 1178 deerant,
1261 1136 1470 1177 quorum
1506 1118 1655 1176 aliqui
1689 1118 1751 1164 ad

111 1198 443 1245 confitendum
468 1199 812 1256 procidebant,
846 1199 1086 1256 siquidem
1117 1199 1313 1244 bohemi
1346 1198 1555 1243 fuissent
1589 1212 1618 1242 a
1653 1196 1750 1253 qui-

110 1279 201 1324 bus
235 1277 508 1334 potuissent
543 1277 720 1323 iuuari.
758 1276 873 1322 Duo
907 1293 971 1323 ex
1004 1277 1187 1322 nostris
1222 1276 1267 1322 in
1303 1276 1535 1333 oppidum
1570 1274 1752 1320 domini

110 1354 383 1400 marchalci
407 1354 610 1400 fuerunt
633 1353 845 1411 profecti
870 1354 933 1400 ad
959 1354 1231 1400 audiendas
1266 1353 1499 1399 italorum
1535 1367 1750 1409 quorun·

110 1433 223 1478 dam
248 1432 605 1478 confessiones.
634 1431 912 1478 Pestiferae
937 1447 998 1478 ac
1021 1432 1286 1478 diuturnae
1306 1431 1602 1488 simultates,
1625 1445 1752 1487 quae

110 1510 208 1556 iam
233 1510 295 1556 ad
319 1509 584 1556 homicidia
607 1519 943 1567 erumperent,
971 1509 1288 1567 pacatissime
1318 1509 1520 1555 fuerunt
1554 1523 1753 1564 compo-

111 1589 252 1634 sitae.
279 1587 333 1633 In
357 1603 476 1634 arce
500 1587 718 1634 eiusdem
743 1587 1008 1634 marscalci
1032 1587 1164 1633 omni
1184 1586 1534 1633 beneuolentia
1553 1586 1618 1632 ab
1638 1585 1748 1631 hus-

112 1666 233 1724 sitis,
261 1665 537 1722 catholicis,
564 1666 826 1724 nicolaitis,
853 1666 1264 1713 sacramentariis
1288 1675 1402 1711 sunt
1425 1664 1579 1710 habiti
1604 1679 1665 1710 ac
1684 1663 1750 1709 di-

113 1743 268 1790 missi.
967 1751 971 1755 '

176 1822 244 1868 15.
312 1822 500 1879 Agitur
530 1822 678 1868 modo
713 1823 773 1868 de
807 1822 1095 1868 redimenda
1129 1821 1273 1868 domo
1308 1820 1522 1878 collegio
1556 1818 1756 1866 coniun-

115 1911 213 1957 cta,
240 1915 369 1956 quae
402 1900 665 1946 mulierum
700 1901 848 1946 turba
882 1899 1130 1946 maximas
1164 1900 1499 1957 periculorum
1536 1897 1756 1944 occasio-

117 1993 202 2024 nes
226 1977 456 2023 fortassis
481 1978 732 2024 exhibeat.
760 1978 872 2024 Hac
905 1979 1121 2024 nondum
1143 1987 1469 2035 comparata,
1498 1986 1755 2034 quantum-

115 2070 327 2112 cumque
362 2055 668 2113 efflagitatus
704 2065 751 2102 et
785 2056 1118 2113 necessarius,
1163 2055 1419 2102 viennensi
1459 2053 1755 2112 profectioni

120 2132 203 2178 vix
227 2132 378 2178 audet
400 2148 453 2178 se
478 2133 792 2179 committere
816 2133 871 2179 P.
899 2133 1151 2179 Victoria.

181 2209 248 2256 16.
315 2212 390 2254 De
413 2211 654 2268 episcopo
677 2211 944 2257 lubaceusi
965 2213 977 2236 ¹
1004 2211 1150 2257 uobis
1173 2211 1498 2257 deditissimo
1523 2209 1655 2255 nihil
1688 2213 1759 2254 (zt-

116 2288 244 2333 tiuet
263 2288 500 2345 scribere,
529 2289 633 2334 uisi
653 2293 707 2334 vt
729 2290 841 2334 eius
864 2290 1102 2335 animatu
1125 2289 1242 2334 licet
1273 2289 1387 2334 suis
1419 2287 1681 2333 laboribus
1714 2290 1762 2331 et

112 2366 328 2423 pietatis
335 2366 608 2425 fructibus
641 2368 854 2413 minime
887 2367 1282 2426 defraudatum,
1305 2373 1404 2425 pro
1430 2371 1608 2412 nostru
1634 2379 1758 2423 gra-

117 2444 337 2489 titudine
359 2444 599 2490 omuibus
621 2445 943 2499 Orationibus
967 2460 1028 2491 (lc
1045 2445 1322 2502 sacrificiis
1341 2443 1760 2490 commendatam

118 2524 405 2566 teneamus.
431 2520 624 2566 Iisdem
644 2536 842 2580 quoque
861 2522 1149 2579 praesidiis
1171 2522 1266 2567 lios
1289 2521 1535 2567 minimos
1553 2524 1761 2565 tuorum

119 2601 169 2642 et
189 2597 301 2643 Xri.
330 2598 786 2644 iuutilissimorum
815 2613 1089 2645 seruorum
1115 2603 1348 2655 conatus,
1375 2597 1760 2656 vtfructuosio-

121 2689 204 2721 res
226 2679 275 2720 et
296 2676 369 2721 ud
390 2676 723 2723 illustriorem
746 2677 850 2723 Dei
868 2692 924 2723 se
942 2678 1160 2723 dilatent
1177 2677 1409 2734 gloriani
1430 2676 1624 2732 iuuari,
1642 2680 1762 2732 pro-

121 2754 337 2811 moueri,
363 2754 586 2800 stabiliri
602 2755 832 2811 petimus
861 2760 909 2800 et
942 2755 1210 2801 humiliter
1241 2754 1574 2800 obtestamur.
1624 2752 1759 2808 Vale,

171 2966 188 2986 ³
233 2959 325 3006 Seq.
346 2970 414 2996 vv.
437 2958 530 2996 Duo
550 2971 600 2996 ex
618 2960 765 2996 nostris
784 2959 927 2997 deleta
947 2959 1001 2997 ab
1022 2961 1116 3005 ipso
1136 2961 1327 2996 auctore.

176 3155 182 3173 ¹
238 3153 431 3190 Urbanus
447 3153 601 3189 Textor
620 3153 823 3198 (Weber),
847 3153 968 3200 paulo
988 3158 1081 3189 ante
1099 3153 1181 3189 vita
1202 3152 1380 3189 functus.
