2051 3516
486 329 568 366 142.
594 351 621 355 —-
637 329 828 366 PATAVio
854 330 876 366 4
902 329 1137 366 FEBRUARH
1170 330 1257 366 1538*
1573 330 1639 366 :341

60 424 156 469 Alii
182 425 260 481 qui
286 427 434 470 semel
462 434 652 471 tantum
678 426 721 470 in
747 441 876 471 anno
908 425 1129 471 confiteri
1153 437 1534 482 consueuerant,
1561 442 1689 472 nunc

59 501 378 547 concionibus
428 502 559 547 Pris.
619 502 869 548 Benedicti
919 503 924 525 ¹
973 503 1119 555 exciti
1164 503 1367 559 singulis
1413 503 1687 560 quindecim

58 579 227 624 diebus
257 579 569 636 confitentur,
597 595 657 625 ac
682 581 1022 625 sanctissimae
1049 581 1380 626 eucharistiae
1406 596 1687 626 sacramen-

58 665 159 701 tum
190 656 476 713 suscipiunt;
511 657 689 714 quique
725 657 971 702 blanditiis
1005 658 1339 712 praesentium
1377 658 1686 714 uoluptatum

57 733 240 779 deliniti
265 745 411 790 atque
435 735 655 791 corrupti
677 734 842 780 diuina
869 734 1032 779 omnia
1070 735 1374 788 reiiciebant,
1415 735 1559 780 modo
1594 736 1688 781 fre-

56 819 261 865 quentes
292 826 463 856 earum
500 827 682 864 rerum,
719 827 846 868 quae
880 812 943 857 ad
967 811 1162 856 animae
1186 813 1398 857 salutem
1424 813 1686 869 pertinent,

56 888 118 932 ad
163 889 372 934 inuicem
422 904 676 935 sermones
728 890 961 935 conferre
1007 890 1226 945 gaudent
1276 900 1323 935 et
1370 891 1691 937 uehementer

56 965 385 1021 oblectantur,
429 966 642 1022 nihilque
684 977 885 1023 praeter
920 982 979 1011 ea
1015 967 1241 1023 cogitare
1272 982 1416 1023 posse
1442 968 1686 1014 uidentur.

55 1040 255 1097 Quanto
289 1058 410 1088 uero
440 1053 733 1088 cunctorum
770 1044 1009 1100 applausu
1047 1043 1128 1088 Pr.
1167 1043 1465 1089 Benedictus
1495 1046 1688 1091 concio-

55 1130 213 1171 netur,
242 1120 371 1164 haud
397 1135 578 1166 uereor
603 1121 714 1176 quin
743 1121 937 1166 facilius
972 1121 1265 1178 quicumque
1296 1137 1408 1167 eum
1443 1133 1690 1168 nouerunt

55 1211 143 1252 per
181 1211 232 1241 se
268 1197 496 1254 cogitare
532 1198 753 1254 ualeant,
788 1214 933 1255 quam
959 1214 1054 1254 ego
1079 1199 1246 1243 uerbis
1270 1199 1550 1255 exprimere
1576 1216 1687 1257 que-

55 1288 151 1318 am.
207 1272 331 1319 Cum
383 1275 507 1319 enim
560 1276 651 1320 hoc
701 1276 918 1320 aduentu
968 1275 1166 1320 Domini
1222 1277 1451 1332 permulti
1502 1277 1547 1321 in
1597 1277 1689 1322 hac

54 1351 175 1395 urbe
220 1351 600 1397 concionatores
647 1352 831 1407 forent,
879 1353 1040 1398 nullus
1085 1361 1249 1397 tamen
1301 1352 1688 1410 frequentiorem

53 1443 266 1484 unquam
291 1428 462 1474 habuit
486 1430 791 1474 concionem:
821 1430 968 1475 immo
994 1446 1116 1475 uero
1135 1430 1316 1487 cuncti,
1338 1430 1507 1476 audita
1526 1431 1691 1476 Patris

53 1505 203 1563 tama,
232 1517 459 1551 caeteros
485 1506 833 1563 relinquentes,
862 1507 924 1552 ad
950 1508 1093 1553 diuae
1120 1507 1343 1564 Lu[ciae]
1382 1511 1401 1528 ἃ
1435 1509 1685 1565 templum,

54 1582 97 1626 in
122 1599 217 1639 quo
242 1583 653 1639 concionabatur,
680 1585 786 1629 solo
810 1585 913 1630 eius
943 1586 1138 1630 nomine
1173 1585 1369 1631 attoniti
1405 1586 1685 1634 ueniebant.

51 1659 214 1705 Tanta
238 1670 405 1706 autem
431 1672 541 1707 erat
571 1662 946 1708 aduentantium
981 1664 1260 1720 multitudo,
1299 1673 1349 1709 ut
1386 1665 1539 1721 locus,
1577 1665 1689 1710 licet

50 1738 240 1793 amplus
274 1738 409 1790 satis,
446 1739 641 1784 minime
677 1750 843 1785 tamen
882 1739 1084 1798 [cap]ax
1122 1740 1140 1767 b
1179 1751 1326 1798 esset,
1365 1743 1689 1798 quamobrem

50 1813 217 1867 Pater,
246 1815 478 1860 nobilium
504 1817 770 1862 multorum
797 1827 845 1863 et
869 1818 1020 1874 ipsius
1044 1818 1261 1875 episcopi
1298 1820 1312 1842 ²
1346 1819 1577 1875 precibus
1607 1820 1688 1865 ad-

49 1891 240 1948 ductus,
269 1891 313 1936 in
338 1908 531 1938 summo
566 1894 781 1940 ciuitatis
816 1895 996 1951 templo
1030 1895 1373 1952 superioribus
1409 1896 1582 1941 diebus
1615 1906 1690 1941 est

49 1969 387 2021 concionatus,
430 1970 696 2027 aliquando
732 1988 854 2017 uero
889 1981 1092 2029 propter
1134 1973 1402 2018 maximam
1438 1974 1687 2019 hominum

49 2046 376 2102 frequentiam
402 2058 567 2094 tantus
593 2058 702 2094 erat
728 2050 979 2107 strepitus,
1008 2060 1059 2095 ut
1083 2065 1195 2095 cum
1230 2051 1519 2096 concionem
1553 2061 1686 2097 esset

49 2139 340 2181 aggressus,
368 2141 458 2170 nec
484 2127 634 2171 ullum
660 2142 864 2182 prorsus
890 2129 1097 2173 uerbum
1123 2128 1464 2186 exaudiretur,
1487 2129 1686 2174 desiste-

50 2217 102 2246 re
127 2202 188 2247 sit
213 2212 433 2259 coactus;
461 2219 670 2261 cumque
701 2205 935 2262 strepitus
970 2218 1341 2263 perseueraret,
1382 2216 1430 2252 et
1465 2207 1686 2251 clamore

48 2280 291 2325 silentium
316 2281 632 2326 indicentium
659 2282 815 2327 maior
839 2298 1034 2339 quoque
1059 2282 1214 2340 fieret,
1252 2283 1402 2329 Pater
1437 2285 1538 2329 alta
1563 2299 1685 2329 uoce

50 2373 101 2402 se
141 2357 230 2403 nisi
276 2357 493 2411 silerent,
537 2359 873 2404 discessurum
919 2360 1168 2417 minitans,
1212 2361 1373 2406 subito
1419 2361 1490 2417 (ut
1534 2361 1687 2417 inquit

48 2436 144 2491 ille)
170 2436 200 2490 ³,
229 2436 515 2481 conticuere
539 2452 708 2482 omnes
732 2437 1000 2494 intentique
1026 2454 1115 2483 ora
1140 2440 1390 2484 tenebant.
1424 2439 1598 2495 Itaque
1632 2452 1683 2485 ut

47 2522 250 2558 caetera
275 2514 515 2568 omittam,
545 2514 689 2560 facile
714 2515 1002 2560 coniectura
1028 2532 1088 2561 ex
1126 2517 1217 2562 hoc
1253 2517 1462 2573 perspici
1499 2526 1678 2573 potest.

93 2660 111 2677 ²²
165 2658 224 2695 Ob
245 2660 487 2695 atramenti
504 2660 733 2695 n‘zacztlczm
754 2659 839 2704 legi
856 2663 1077 2706 nequeunt
1096 2660 1282 2696 ultimae
1301 2660 1487 2703 litterales
1503 2660 1581 2697 secl
1596 2662 1684 2706 agi-

49 2721 123 2754 tur
144 2719 199 2755 de
225 2719 385 2763 templo
414 2718 513 2753 stae
531 2718 708 2755 Lucz‘ae.
742 2718 801 2764 Cs.
832 2718 987 2755 Laim'i
1011 2719 1220 2760 Monam..
1254 2719 1339 2760 Ill,
1371 2719 1470 2755 360.
1524 2720 1590 2747 —b
1626 2720 1685 2756 00

47 2778 249 2814 eamdem
269 2787 452 2815 causam
473 2778 558 2823 legi
575 2781 793 2824 nequeunt
813 2779 992 2824 aliquae
1011 2780 1192 2815 litterae.
1215 2779 1409 2824 Antiqua
1430 2790 1568 2816 manet
1584 2781 1685 2817 scri-

44 2841 172 2883 ptum
193 2841 256 2874 est
272 2849 311 2875 v.
333 2844 471 2884 snpra
490 2849 678 2875 versum.

95 2972 101 2989 ¹
156 2970 200 3006 P.
224 2970 470 3007 Benedictus
489 2971 684 3008 Palmius.
708 2970 771 3008 Cf.
795 2972 949 3008 Lainiz'
966 2972 1179 3013 -l[01mm.,
1200 2970 1268 3015 III,
1290 2970 1348 3012 91,
1373 2971 1456 3008 360.

95 3030 106 3048 “·’
163 3030 335 3066 Videtur
355 3030 420 3077 agi
441 3031 490 3067 de
509 3030 698 3068 Gerardo
717 3030 934 3077 Busdragi,
957 3031 1143 3077 episcopo
1170 3030 1325 3066 titulari
1353 3032 1612 3078 argolicensi,
1644 3038 1684 3069 et

46 3090 264 3126 cardinalis
280 3090 429 3127 Aloisii
446 3090 582 3127 Pisani
599 3091 801 3127 auxiliari.
818 3090 880 3128 Cf.
900 3090 1060 3133 EUBEL,
1075 3090 1403 3135 Hierarclzz'cc,..,
1421 3091 1489 3135 ΙΙΙ,
1509 3092 1585 3134 130,
1600 3090 1681 3129 284.

95 3151 107 3169 ³
160 3150 396 3192 Yfflfflmcs,
422 3151 614 3193 .-Ienez'(l.,
638 3151 702 3187 lib.
727 3151 775 3196 H,
797 3152 827 3186 1.
