<?xml version="1.0" encoding="UTF-8"?>
<!DOCTYPE html PUBLIC "-//W3C//DTD XHTML 1.0 Transitional//EN"
    "http://www.w3.org/TR/xhtml1/DTD/xhtml1-transitional.dtd">
<html xmlns="http://www.w3.org/1999/xhtml" xml:lang="en" lang="en">
 <head>
  <title>
</title>
<meta http-equiv="Content-Type" content="text/html;charset=utf-8" />
  <meta name='ocr-system' content='tesseract 3.04.00' />
  <meta name='ocr-capabilities' content='ocr_page ocr_carea ocr_par ocr_line ocrx_word'/>
</head>
<body>
  <div class='ocr_page' id='page_1' title='image "./litteraequadrime17lain_0747.png"; bbox 0 0 2051 3516; ppageno 0'>
   <div class='ocr_carea' id='block_1_1' title="bbox 621 300 1699 348">
    <p class='ocr_par' dir='ltr' id='par_1_1' title="bbox 621 300 1699 348">
     <span class='ocr_line' id='line_1_1' title="bbox 621 300 1699 348; baseline -0.001 -10"><span class='ocrx_word' id='word_1_1' title='bbox 621 301 949 339; x_wconf 74' lang='lat' dir='ltr'>176.-ss1LL0M0</span> <span class='ocrx_word' id='word_1_2' title='bbox 975 302 996 338; x_wconf 71' lang='lat'>4</span> <span class='ocrx_word' id='word_1_3' title='bbox 1018 301 1129 348; x_wconf 55' lang='grc' dir='ltr'>νῙυΝΠ</span> <span class='ocrx_word' id='word_1_4' title='bbox 1159 300 1249 338; x_wconf 73' lang='lat'>1558</span> <span class='ocrx_word' id='word_1_5' title='bbox 1639 301 1699 337; x_wconf 86' lang='lat'>711</span> 
     </span>
    </p>
   </div>
   <div class='ocr_carea' id='block_1_2' title="bbox 119 396 1770 3011">
    <p class='ocr_par' dir='ltr' id='par_1_2' title="bbox 120 396 1752 520">
     <span class='ocr_line' id='line_1_2' title="bbox 121 396 1752 454; baseline 0 -13"><span class='ocrx_word' id='word_1_6' title='bbox 121 407 201 444; x_wconf 85' lang='lat' dir='ltr'>rat</span> <span class='ocrx_word' id='word_1_7' title='bbox 225 408 475 454; x_wconf 89' lang='lat' dir='ltr'>optatque.</span> <span class='ocrx_word' id='word_1_8' title='bbox 504 396 602 442; x_wconf 83' lang='lat' dir='ltr'>Sed</span> <span class='ocrx_word' id='word_1_9' title='bbox 628 398 721 443; x_wconf 85' lang='lat' dir='ltr'>hoc</span> <span class='ocrx_word' id='word_1_10' title='bbox 745 397 804 443; x_wconf 92' lang='lat' dir='ltr'>de</span> <span class='ocrx_word' id='word_1_11' title='bbox 843 406 1142 454; x_wconf 87' lang='lat' dir='ltr'>argumento</span> <span class='ocrx_word' id='word_1_12' title='bbox 1177 397 1379 442; x_wconf 73' lang='lat' dir='ltr'>inferius</span> <span class='ocrx_word' id='word_1_13' title='bbox 1412 396 1569 442; x_wconf 81' lang='lat' dir='ltr'>fusius</span> <span class='ocrx_word' id='word_1_14' title='bbox 1604 412 1752 453; x_wconf 89' lang='lat' dir='ltr'>agen-</span> 
     </span>
     <span class='ocr_line' id='line_1_3' title="bbox 120 474 516 520; baseline 0 -1"><span class='ocrx_word' id='word_1_15' title='bbox 120 475 235 520; x_wconf 92' lang='lat' dir='ltr'>dum</span> <span class='ocrx_word' id='word_1_16' title='bbox 261 474 402 520; x_wconf 88' lang='lat' dir='ltr'>nobis</span> <span class='ocrx_word' id='word_1_17' title='bbox 427 483 516 520; x_wconf 91' lang='lat' dir='ltr'>est.</span> 
     </span>
    </p>

    <p class='ocr_par' dir='ltr' id='par_1_3' title="bbox 119 551 1757 1073">
     <span class='ocr_line' id='line_1_4' title="bbox 178 551 1752 609; baseline -0.001 -12"><span class='ocrx_word' id='word_1_18' title='bbox 178 551 219 597; x_wconf 81' lang='lat'>2.</span> <span class='ocrx_word' id='word_1_19' title='bbox 288 551 505 596; x_wconf 82' lang='lat' dir='ltr'>Primum</span> <span class='ocrx_word' id='word_1_20' title='bbox 551 551 715 607; x_wconf 91' lang='lat' dir='ltr'>itaque</span> <span class='ocrx_word' id='word_1_21' title='bbox 758 567 968 609; x_wconf 79' lang='lat' dir='ltr'>agemus</span> <span class='ocrx_word' id='word_1_22' title='bbox 1007 553 1064 598; x_wconf 92' lang='lat' dir='ltr'>de</span> <span class='ocrx_word' id='word_1_23' title='bbox 1109 551 1357 608; x_wconf 89' lang='lat' dir='ltr'>euangelii</span> <span class='ocrx_word' id='word_1_24' title='bbox 1403 560 1450 596; x_wconf 91' lang='lat' dir='ltr'>et</span> <span class='ocrx_word' id='word_1_25' title='bbox 1494 566 1752 597; x_wconf 89' lang='lat' dir='ltr'>sacrorum</span> 
     </span>
     <span class='ocr_line' id='line_1_5' title="bbox 120 627 1752 684; baseline 0 -11"><span class='ocrx_word' id='word_1_26' title='bbox 120 628 470 684; x_wconf 73' lang='lat' dir='ltr'><strong>mysteriorum</strong></span> <span class='ocrx_word' id='word_1_27' title='bbox 494 627 678 683; x_wconf 81' lang='lat' dir='ltr'>fructu,</span> <span class='ocrx_word' id='word_1_28' title='bbox 706 628 971 674; x_wconf 84' lang='lat' dir='ltr'>Societatis</span> <span class='ocrx_word' id='word_1_29' title='bbox 995 629 1126 674; x_wconf 87' lang='lat' dir='ltr'>cultu</span> <span class='ocrx_word' id='word_1_30' title='bbox 1149 637 1295 673; x_wconf 86' lang='lat' dir='ltr'>enato</span> <span class='ocrx_word' id='word_1_31' title='bbox 1315 643 1372 673; x_wconf 89' lang='lat' dir='ltr'>ac</span> <span class='ocrx_word' id='word_1_32' title='bbox 1395 627 1555 684; x_wconf 91' lang='lat' dir='ltr'>magis</span> <span class='ocrx_word' id='word_1_33' title='bbox 1575 628 1752 683; x_wconf 74' lang='lat' dir='ltr'>magis</span> 
     </span>
     <span class='ocr_line' id='line_1_6' title="bbox 122 704 1754 761; baseline 0 -11"><span class='ocrx_word' id='word_1_34' title='bbox 122 721 212 761; x_wconf 87' lang='lat' dir='ltr'>que</span> <span class='ocrx_word' id='word_1_35' title='bbox 237 714 562 750; x_wconf 77' lang='lat' dir='ltr'>excrescente</span> <span class='ocrx_word' id='word_1_36' title='bbox 588 705 651 750; x_wconf 89' lang='lat' dir='ltr'>ad</span> <span class='ocrx_word' id='word_1_37' title='bbox 676 706 1037 751; x_wconf 76' lang='lat' dir='ltr'>maturitatem.</span> <span class='ocrx_word' id='word_1_38' title='bbox 1065 705 1255 750; x_wconf 89' lang='lat' dir='ltr'>Deinde</span> <span class='ocrx_word' id='word_1_39' title='bbox 1281 705 1340 750; x_wconf 90' lang='lat' dir='ltr'>de</span> <span class='ocrx_word' id='word_1_40' title='bbox 1364 704 1654 750; x_wconf 75' lang='lat' dir='ltr'>academiae</span> <span class='ocrx_word' id='word_1_41' title='bbox 1676 721 1754 750; x_wconf 81' lang='lat' dir='ltr'>no-</span> 
     </span>
     <span class='ocr_line' id='line_1_7' title="bbox 119 781 1755 839; baseline 0 -12"><span class='ocrx_word' id='word_1_42' title='bbox 119 791 255 827; x_wconf 86' lang='lat' dir='ltr'>strae</span> <span class='ocrx_word' id='word_1_43' title='bbox 280 781 505 827; x_wconf 88' lang='lat' dir='ltr'>literaria</span> <span class='ocrx_word' id='word_1_44' title='bbox 530 797 690 828; x_wconf 90' lang='lat' dir='ltr'>messe</span> <span class='ocrx_word' id='word_1_45' title='bbox 729 783 998 839; x_wconf 83' lang='lat' dir='ltr'>vberrima;</span> <span class='ocrx_word' id='word_1_46' title='bbox 1036 782 1245 839; x_wconf 89' lang='lat' dir='ltr'>denique</span> <span class='ocrx_word' id='word_1_47' title='bbox 1280 782 1339 827; x_wconf 87' lang='lat' dir='ltr'>de</span> <span class='ocrx_word' id='word_1_48' title='bbox 1370 782 1566 839; x_wconf 84' lang='lat' dir='ltr'>collegii</span> <span class='ocrx_word' id='word_1_49' title='bbox 1600 782 1755 827; x_wconf 80' lang='lat' dir='ltr'>nostri</span> 
     </span>
     <span class='ocr_line' id='line_1_8' title="bbox 119 859 1757 918; baseline -0.001 -13"><span class='ocrx_word' id='word_1_50' title='bbox 119 859 370 906; x_wconf 80' lang='lat' dir='ltr'>erectione</span> <span class='ocrx_word' id='word_1_51' title='bbox 394 859 765 916; x_wconf 83' lang='lat' dir='ltr'>dotationeque,</span> <span class='ocrx_word' id='word_1_52' title='bbox 793 860 932 905; x_wconf 91' lang='lat' dir='ltr'>cuius</span> <span class='ocrx_word' id='word_1_53' title='bbox 957 876 1094 916; x_wconf 89' lang='lat' dir='ltr'>spem</span> <span class='ocrx_word' id='word_1_54' title='bbox 1115 860 1428 906; x_wconf 82' lang='lat' dir='ltr'>solidioribus</span> <span class='ocrx_word' id='word_1_55' title='bbox 1447 860 1757 918; x_wconf 83' lang='lat' dir='ltr'>argumentis</span> 
     </span>
     <span class='ocr_line' id='line_1_9' title="bbox 121 937 1757 1003; baseline 0.001 -21"><span class='ocrx_word' id='word_1_56' title='bbox 121 953 266 1003; x_wconf 82' lang='lat' dir='ltr'>quam</span> <span class='ocrx_word' id='word_1_57' title='bbox 312 937 524 983; x_wconf 90' lang='lat' dir='ltr'>antehac</span> <span class='ocrx_word' id='word_1_58' title='bbox 565 953 782 995; x_wconf 87' lang='lat' dir='ltr'>vnquam</span> <span class='ocrx_word' id='word_1_59' title='bbox 828 937 1147 993; x_wconf 82' lang='lat' dir='ltr'>concepimus</span> <span class='ocrx_word' id='word_1_60' title='bbox 1191 937 1481 990; x_wconf 74' lang='lat' dir='ltr'>firmiorem,</span> <span class='ocrx_word' id='word_1_61' title='bbox 1525 938 1757 995; x_wconf 92' lang='lat' dir='ltr'>episcopo</span> 
     </span>
     <span class='ocr_line' id='line_1_10' title="bbox 120 1017 852 1073; baseline 0 -12"><span class='ocrx_word' id='word_1_62' title='bbox 120 1032 286 1062; x_wconf 91' lang='lat' dir='ltr'>moras</span> <span class='ocrx_word' id='word_1_63' title='bbox 311 1032 482 1061; x_wconf 92' lang='lat' dir='ltr'>omnes</span> <span class='ocrx_word' id='word_1_64' title='bbox 508 1017 852 1073; x_wconf 86' lang='lat' dir='ltr'>abrumpente.</span> 
     </span>
    </p>

    <p class='ocr_par' dir='ltr' id='par_1_4' title="bbox 121 1093 1770 3011">
     <span class='ocr_line' id='line_1_11' title="bbox 178 1093 1758 1150; baseline -0.001 -10"><span class='ocrx_word' id='word_1_65' title='bbox 178 1094 221 1140; x_wconf 79' lang='lat'>3.</span> <span class='ocrx_word' id='word_1_66' title='bbox 287 1093 447 1150; x_wconf 80' lang='lat' dir='ltr'>Igitur</span> <span class='ocrx_word' id='word_1_67' title='bbox 470 1094 660 1139; x_wconf 87' lang='lat' dir='ltr'>illustre</span> <span class='ocrx_word' id='word_1_68' title='bbox 685 1093 956 1140; x_wconf 85' lang='lat' dir='ltr'>Societatis</span> <span class='ocrx_word' id='word_1_69' title='bbox 981 1110 1157 1139; x_wconf 90' lang='lat' dir='ltr'>munus</span> <span class='ocrx_word' id='word_1_70' title='bbox 1184 1095 1323 1140; x_wconf 80' lang='lat' dir='ltr'>&#39;verbi</span> <span class='ocrx_word' id='word_1_71' title='bbox 1360 1094 1628 1140; x_wconf 89' lang='lat' dir='ltr'>ministerio</span> <span class='ocrx_word' id='word_1_72' title='bbox 1661 1110 1758 1139; x_wconf 92' lang='lat' dir='ltr'>non</span> 
     </span>
     <span class='ocr_line' id='line_1_12' title="bbox 122 1171 1759 1229; baseline 0 -12"><span class='ocrx_word' id='word_1_73' title='bbox 122 1172 267 1218; x_wconf 89' lang='lat' dir='ltr'>modo</span> <span class='ocrx_word' id='word_1_74' title='bbox 298 1171 428 1228; x_wconf 92' lang='lat' dir='ltr'>apud</span> <span class='ocrx_word' id='word_1_75' title='bbox 463 1187 723 1227; x_wconf 79' lang='lat' dir='ltr'>aruernos,</span> <span class='ocrx_word' id='word_1_76' title='bbox 761 1187 937 1216; x_wconf 87' lang='lat' dir='ltr'>verum</span> <span class='ocrx_word' id='word_1_77' title='bbox 973 1180 1022 1216; x_wconf 88' lang='lat' dir='ltr'>et</span> <span class='ocrx_word' id='word_1_78' title='bbox 1057 1171 1103 1217; x_wconf 91' lang='lat' dir='ltr'>in</span> <span class='ocrx_word' id='word_1_79' title='bbox 1140 1172 1329 1217; x_wconf 88' lang='lat' dir='ltr'>vicinas</span> <span class='ocrx_word' id='word_1_80' title='bbox 1368 1172 1759 1229; x_wconf 80' lang='lat' dir='ltr'>circumquaque</span> 
     </span>
     <span class='ocr_line' id='line_1_13' title="bbox 123 1246 1759 1307; baseline -0.001 -13"><span class='ocrx_word' id='word_1_81' title='bbox 123 1249 404 1307; x_wconf 88' lang='lat' dir='ltr'>prouincias</span> <span class='ocrx_word' id='word_1_82' title='bbox 428 1246 626 1294; x_wconf 85' lang='lat' dir='ltr'>Galliae</span> <span class='ocrx_word' id='word_1_83' title='bbox 652 1249 814 1305; x_wconf 88' lang='lat' dir='ltr'>magis</span> <span class='ocrx_word' id='word_1_84' title='bbox 846 1249 1105 1305; x_wconf 77' lang='lat' dir='ltr'>magisque</span> <span class='ocrx_word' id='word_1_85' title='bbox 1130 1248 1411 1294; x_wconf 87' lang='lat' dir='ltr'>innotescit.</span> <span class='ocrx_word' id='word_1_86' title='bbox 1445 1248 1636 1293; x_wconf 88' lang='lat' dir='ltr'>Rector</span> <span class='ocrx_word' id='word_1_87' title='bbox 1660 1248 1759 1294; x_wconf 90' lang='lat' dir='ltr'>col-</span> 
     </span>
     <span class='ocr_line' id='line_1_14' title="bbox 122 1325 1757 1384; baseline -0.001 -12"><span class='ocrx_word' id='word_1_88' title='bbox 122 1327 237 1384; x_wconf 91' lang='lat' dir='ltr'>legii</span> <span class='ocrx_word' id='word_1_89' title='bbox 267 1326 442 1381; x_wconf 79' lang='lat' dir='ltr'>nostri,</span> <span class='ocrx_word' id='word_1_90' title='bbox 478 1325 541 1371; x_wconf 89' lang='lat' dir='ltr'>D.</span> <span class='ocrx_word' id='word_1_91' title='bbox 580 1326 916 1382; x_wconf 88' lang='lat' dir='ltr'>Hieronymus</span> <span class='ocrx_word' id='word_1_92' title='bbox 949 1325 1170 1382; x_wconf 82' lang='lat' dir='ltr'>Bassius,</span> <span class='ocrx_word' id='word_1_93' title='bbox 1209 1326 1648 1383; x_wconf 77' lang='lat' dir='ltr'>quadragesimam</span> <span class='ocrx_word' id='word_1_94' title='bbox 1685 1341 1757 1370; x_wconf 90' lang='lat' dir='ltr'>su-</span> 
     </span>
     <span class='ocr_line' id='line_1_15' title="bbox 121 1402 1756 1462; baseline -0.001 -12"><span class='ocrx_word' id='word_1_95' title='bbox 121 1420 345 1462; x_wconf 84' lang='lat' dir='ltr'>premam</span> <span class='ocrx_word' id='word_1_96' title='bbox 369 1403 580 1449; x_wconf 88' lang='lat' dir='ltr'>Bilhomi</span> <span class='ocrx_word' id='word_1_97' title='bbox 605 1404 870 1461; x_wconf 89' lang='lat' dir='ltr'>euangelio</span> <span class='ocrx_word' id='word_1_98' title='bbox 895 1404 1044 1449; x_wconf 90' lang='lat' dir='ltr'>animi</span> <span class='ocrx_word' id='word_1_99' title='bbox 1071 1404 1393 1460; x_wconf 84' lang='lat' dir='ltr'>corporisque</span> <span class='ocrx_word' id='word_1_100' title='bbox 1420 1404 1553 1448; x_wconf 88' lang='lat' dir='ltr'>vires</span> <span class='ocrx_word' id='word_1_101' title='bbox 1576 1402 1756 1460; x_wconf 89' lang='lat' dir='ltr'>impen-</span> 
     </span>
     <span class='ocr_line' id='line_1_16' title="bbox 121 1480 1752 1538; baseline -0.002 -10"><span class='ocrx_word' id='word_1_102' title='bbox 121 1482 203 1536; x_wconf 85' lang='lat' dir='ltr'>dit,</span> <span class='ocrx_word' id='word_1_103' title='bbox 232 1491 305 1527; x_wconf 92' lang='lat' dir='ltr'>tot</span> <span class='ocrx_word' id='word_1_104' title='bbox 328 1481 647 1538; x_wconf 86' lang='lat' dir='ltr'>negotiorum</span> <span class='ocrx_word' id='word_1_105' title='bbox 672 1491 775 1526; x_wconf 90' lang='lat' dir='ltr'>tum</span> <span class='ocrx_word' id='word_1_106' title='bbox 799 1480 1186 1526; x_wconf 90' lang='lat' dir='ltr'>domesticorum</span> <span class='ocrx_word' id='word_1_107' title='bbox 1210 1490 1312 1526; x_wconf 87' lang='lat' dir='ltr'>tum</span> <span class='ocrx_word' id='word_1_108' title='bbox 1339 1492 1664 1526; x_wconf 84' lang='lat' dir='ltr'>externorum</span> <span class='ocrx_word' id='word_1_109' title='bbox 1688 1480 1752 1525; x_wconf 89' lang='lat' dir='ltr'>di-</span> 
     </span>
     <span class='ocr_line' id='line_1_17' title="bbox 121 1558 1758 1616; baseline -0.002 -10"><span class='ocrx_word' id='word_1_110' title='bbox 121 1559 284 1606; x_wconf 86' lang='lat' dir='ltr'>uortio</span> <span class='ocrx_word' id='word_1_111' title='bbox 308 1575 338 1604; x_wconf 90' lang='lat' dir='ltr'>a</span> <span class='ocrx_word' id='word_1_112' title='bbox 363 1568 605 1616; x_wconf 91' lang='lat' dir='ltr'>suggestu</span> <span class='ocrx_word' id='word_1_113' title='bbox 646 1558 841 1604; x_wconf 87' lang='lat' dir='ltr'>minime</span> <span class='ocrx_word' id='word_1_114' title='bbox 875 1569 1137 1611; x_wconf 76' lang='lat' dir='ltr'>auocatus‚</span> <span class='ocrx_word' id='word_1_115' title='bbox 1173 1574 1265 1604; x_wconf 90' lang='lat' dir='ltr'>nec</span> <span class='ocrx_word' id='word_1_116' title='bbox 1299 1559 1408 1604; x_wconf 91' lang='lat' dir='ltr'>leue</span> <span class='ocrx_word' id='word_1_117' title='bbox 1443 1558 1758 1603; x_wconf 86' lang='lat' dir='ltr'>auctoritatis</span> 
     </span>
     <span class='ocr_line' id='line_1_18' title="bbox 124 1636 1759 1694; baseline -0.001 -11"><span class='ocrx_word' id='word_1_118' title='bbox 124 1637 316 1694; x_wconf 90' lang='lat' dir='ltr'>pondus</span> <span class='ocrx_word' id='word_1_119' title='bbox 340 1636 587 1692; x_wconf 88' lang='lat' dir='ltr'>euangelii</span> <span class='ocrx_word' id='word_1_120' title='bbox 620 1636 861 1681; x_wconf 81' lang='lat' dir='ltr'>exercitio</span> <span class='ocrx_word' id='word_1_121' title='bbox 886 1637 1015 1693; x_wconf 90' lang='lat' dir='ltr'>apud</span> <span class='ocrx_word' id='word_1_122' title='bbox 1047 1636 1302 1682; x_wconf 88' lang='lat' dir='ltr'>auditores</span> <span class='ocrx_word' id='word_1_123' title='bbox 1338 1646 1410 1681; x_wconf 89' lang='lat' dir='ltr'>est</span> <span class='ocrx_word' id='word_1_124' title='bbox 1445 1646 1759 1693; x_wconf 85' lang='lat' dir='ltr'>consecutus,</span> 
     </span>
     <span class='ocr_line' id='line_1_19' title="bbox 125 1712 1759 1770; baseline -0.001 -10"><span class='ocrx_word' id='word_1_125' title='bbox 125 1731 236 1761; x_wconf 86' lang='lat' dir='ltr'>cum</span> <span class='ocrx_word' id='word_1_126' title='bbox 263 1715 404 1760; x_wconf 89' lang='lat' dir='ltr'>vberi</span> <span class='ocrx_word' id='word_1_127' title='bbox 437 1713 604 1759; x_wconf 78' lang='lat' dir='ltr'>fructu</span> <span class='ocrx_word' id='word_1_128' title='bbox 637 1714 848 1770; x_wconf 87' lang='lat' dir='ltr'>spiritali</span> <span class='ocrx_word' id='word_1_129' title='bbox 883 1724 931 1759; x_wconf 94' lang='lat' dir='ltr'>et</span> <span class='ocrx_word' id='word_1_130' title='bbox 965 1712 1231 1759; x_wconf 81' lang='lat' dir='ltr'>Societatis</span> <span class='ocrx_word' id='word_1_131' title='bbox 1266 1715 1427 1759; x_wconf 87' lang='lat' dir='ltr'>bonae</span> <span class='ocrx_word' id='word_1_132' title='bbox 1461 1712 1627 1758; x_wconf 71' lang='lat' dir='ltr'>famae</span> <span class='ocrx_word' id='word_1_133' title='bbox 1662 1713 1759 1759; x_wconf 77' lang='lat' dir='ltr'>fra-</span> 
     </span>
     <span class='ocr_line' id='line_1_20' title="bbox 125 1791 1758 1849; baseline -0.001 -12"><span class='ocrx_word' id='word_1_134' title='bbox 125 1791 370 1849; x_wconf 86' lang='lat' dir='ltr'>grantiori</span> <span class='ocrx_word' id='word_1_135' title='bbox 396 1792 550 1837; x_wconf 91' lang='lat' dir='ltr'>odore</span> <span class='ocrx_word' id='word_1_136' title='bbox 576 1792 639 1836; x_wconf 90' lang='lat' dir='ltr'>ad</span> <span class='ocrx_word' id='word_1_137' title='bbox 663 1791 755 1836; x_wconf 91' lang='lat' dir='ltr'>Dei</span> <span class='ocrx_word' id='word_1_138' title='bbox 781 1791 997 1849; x_wconf 86' lang='lat' dir='ltr'>gloriam</span> <span class='ocrx_word' id='word_1_139' title='bbox 1022 1791 1179 1837; x_wconf 80' lang='lat' dir='ltr'>fusius</span> <span class='ocrx_word' id='word_1_140' title='bbox 1204 1791 1445 1848; x_wconf 90' lang='lat' dir='ltr'>disperso.</span> <span class='ocrx_word' id='word_1_141' title='bbox 1473 1793 1517 1836; x_wconf 66' lang='lat' dir='ltr'><strong>A</strong></span> <span class='ocrx_word' id='word_1_142' title='bbox 1554 1791 1758 1848; x_wconf 88' lang='lat' dir='ltr'>pascha-</span> 
     </span>
     <span class='ocr_line' id='line_1_21' title="bbox 122 1868 1761 1927; baseline -0.001 -12"><span class='ocrx_word' id='word_1_143' title='bbox 122 1881 170 1916; x_wconf 88' lang='lat' dir='ltr'>te</span> <span class='ocrx_word' id='word_1_144' title='bbox 194 1868 501 1926; x_wconf 79' lang='lat' dir='ltr'>frequentius</span> <span class='ocrx_word' id='word_1_145' title='bbox 527 1869 755 1926; x_wconf 81' lang='lat' dir='ltr'>Bilhomi,</span> <span class='ocrx_word' id='word_1_146' title='bbox 783 1869 829 1914; x_wconf 93' lang='lat' dir='ltr'>in</span> <span class='ocrx_word' id='word_1_147' title='bbox 855 1869 1027 1915; x_wconf 80' lang='lat' dir='ltr'>vicinis</span> <span class='ocrx_word' id='word_1_148' title='bbox 1053 1870 1196 1927; x_wconf 85' lang='lat' dir='ltr'>pagis</span> <span class='ocrx_word' id='word_1_149' title='bbox 1230 1870 1554 1915; x_wconf 83' lang='lat' dir='ltr'>concionatus</span> <span class='ocrx_word' id='word_1_150' title='bbox 1588 1879 1662 1915; x_wconf 91' lang='lat' dir='ltr'>est</span> <span class='ocrx_word' id='word_1_151' title='bbox 1698 1869 1761 1914; x_wconf 94' lang='lat' dir='ltr'>in-</span> 
     </span>
     <span class='ocr_line' id='line_1_22' title="bbox 122 1946 1761 2004; baseline -0.001 -11"><span class='ocrx_word' id='word_1_152' title='bbox 122 1947 336 1999; x_wconf 69' lang='lat' dir='ltr'>terdum,</span> <span class='ocrx_word' id='word_1_153' title='bbox 363 1962 456 1992; x_wconf 88' lang='lat' dir='ltr'>nec</span> <span class='ocrx_word' id='word_1_154' title='bbox 479 1946 584 1991; x_wconf 94' lang='lat' dir='ltr'>sine</span> <span class='ocrx_word' id='word_1_155' title='bbox 609 1947 740 1991; x_wconf 90' lang='lat' dir='ltr'>bona</span> <span class='ocrx_word' id='word_1_156' title='bbox 765 1947 910 1992; x_wconf 92' lang='lat' dir='ltr'>laude</span> <span class='ocrx_word' id='word_1_157' title='bbox 935 1947 1118 2004; x_wconf 76' lang='lat' dir='ltr'>populi,</span> <span class='ocrx_word' id='word_1_158' title='bbox 1145 1947 1449 2004; x_wconf 87' lang='lat' dir='ltr'>potissimum</span> <span class='ocrx_word' id='word_1_159' title='bbox 1471 1947 1659 1992; x_wconf 82' lang='lat' dir='ltr'>solenni</span> <span class='ocrx_word' id='word_1_160' title='bbox 1680 1947 1761 1992; x_wconf 88' lang='lat' dir='ltr'>illa</span> 
     </span>
     <span class='ocr_line' id='line_1_23' title="bbox 123 2024 1760 2082; baseline -0.001 -11"><span class='ocrx_word' id='word_1_161' title='bbox 123 2025 500 2082; x_wconf 86' lang='lat' dir='ltr'>supplicatione,</span> <span class='ocrx_word' id='word_1_162' title='bbox 528 2040 626 2081; x_wconf 90' lang='lat' dir='ltr'>qua</span> <span class='ocrx_word' id='word_1_163' title='bbox 647 2025 1034 2081; x_wconf 89' lang='lat' dir='ltr'>pretiosissimus</span> <span class='ocrx_word' id='word_1_164' title='bbox 1054 2024 1238 2070; x_wconf 86' lang='lat' dir='ltr'>Christi</span> <span class='ocrx_word' id='word_1_165' title='bbox 1262 2024 1469 2082; x_wconf 88' lang='lat' dir='ltr'>sanguis</span> <span class='ocrx_word' id='word_1_166' title='bbox 1489 2024 1562 2081; x_wconf 89' lang='lat' dir='ltr'>(vt</span> <span class='ocrx_word' id='word_1_167' title='bbox 1587 2025 1665 2082; x_wconf 91' lang='lat' dir='ltr'>pia</span> <span class='ocrx_word' id='word_1_168' title='bbox 1686 2040 1760 2070; x_wconf 86' lang='lat' dir='ltr'>ar-</span> 
     </span>
     <span class='ocr_line' id='line_1_24' title="bbox 123 2101 1764 2157; baseline -0.001 -10"><span class='ocrx_word' id='word_1_169' title='bbox 123 2118 392 2147; x_wconf 90' lang='lat' dir='ltr'>uernorum</span> <span class='ocrx_word' id='word_1_170' title='bbox 427 2102 524 2147; x_wconf 79' lang='lat' dir='ltr'>fert</span> <span class='ocrx_word' id='word_1_171' title='bbox 564 2101 704 2157; x_wconf 88' lang='lat' dir='ltr'>fides)</span> <span class='ocrx_word' id='word_1_172' title='bbox 744 2101 823 2147; x_wconf 88' lang='lat' dir='ltr'>hic</span> <span class='ocrx_word' id='word_1_173' title='bbox 861 2101 1212 2147; x_wconf 76' lang='lat' dir='ltr'>circumfertur</span> <span class='ocrx_word' id='word_1_174' title='bbox 1251 2111 1382 2147; x_wconf 89' lang='lat' dir='ltr'>stato</span> <span class='ocrx_word' id='word_1_175' title='bbox 1422 2104 1570 2147; x_wconf 89' lang='lat' dir='ltr'>semel</span> <span class='ocrx_word' id='word_1_176' title='bbox 1616 2102 1764 2147; x_wconf 88' lang='lat' dir='ltr'>totius</span> 
     </span>
     <span class='ocr_line' id='line_1_25' title="bbox 123 2179 1765 2237; baseline -0.001 -11"><span class='ocrx_word' id='word_1_177' title='bbox 123 2180 237 2226; x_wconf 89' lang='lat' dir='ltr'>anni</span> <span class='ocrx_word' id='word_1_178' title='bbox 262 2180 352 2226; x_wconf 91' lang='lat' dir='ltr'>die.</span> <span class='ocrx_word' id='word_1_179' title='bbox 378 2180 439 2224; x_wconf 89' lang='lat' dir='ltr'>D.</span> <span class='ocrx_word' id='word_1_180' title='bbox 470 2179 708 2225; x_wconf 84' lang='lat' dir='ltr'>Nicolaus</span> <span class='ocrx_word' id='word_1_181' title='bbox 732 2181 746 2204; x_wconf 77' lang='lat'>¹</span> <span class='ocrx_word' id='word_1_182' title='bbox 772 2180 818 2225; x_wconf 94' lang='lat' dir='ltr'>in</span> <span class='ocrx_word' id='word_1_183' title='bbox 838 2180 1017 2236; x_wconf 90' lang='lat' dir='ltr'>oppido</span> <span class='ocrx_word' id='word_1_184' title='bbox 1037 2179 1329 2237; x_wconf 77' lang='lat' dir='ltr'>Oliergaeo,</span> <span class='ocrx_word' id='word_1_185' title='bbox 1352 2191 1565 2236; x_wconf 84' lang='lat' dir='ltr'>quatuor</span> <span class='ocrx_word' id='word_1_186' title='bbox 1586 2180 1765 2225; x_wconf 78' lang='lat' dir='ltr'>abhinc.</span> 
     </span>
     <span class='ocr_line' id='line_1_26' title="bbox 123 2257 1761 2314; baseline 0 -12"><span class='ocrx_word' id='word_1_187' title='bbox 123 2258 397 2303; x_wconf 88' lang='lat' dir='ltr'>miliaribus</span> <span class='ocrx_word' id='word_1_188' title='bbox 421 2257 615 2313; x_wconf 88' lang='lat' dir='ltr'>gallicis</span> <span class='ocrx_word' id='word_1_189' title='bbox 641 2257 828 2311; x_wconf 82' lang='lat' dir='ltr'>dissito,</span> <span class='ocrx_word' id='word_1_190' title='bbox 857 2257 996 2302; x_wconf 80' lang='lat' dir='ltr'>feriis</span> <span class='ocrx_word' id='word_1_191' title='bbox 1021 2267 1333 2314; x_wconf 87' lang='lat' dir='ltr'>pentecostes</span> <span class='ocrx_word' id='word_1_192' title='bbox 1359 2257 1584 2314; x_wconf 79' lang='lat' dir='ltr'>proxime</span> <span class='ocrx_word' id='word_1_193' title='bbox 1622 2273 1761 2314; x_wconf 81' lang='lat' dir='ltr'>prae-</span> 
     </span>
     <span class='ocr_line' id='line_1_27' title="bbox 123 2334 1764 2392; baseline -0.001 -12"><span class='ocrx_word' id='word_1_194' title='bbox 123 2335 282 2380; x_wconf 86' lang='lat' dir='ltr'>teritis</span> <span class='ocrx_word' id='word_1_195' title='bbox 307 2334 633 2379; x_wconf 84' lang='lat' dir='ltr'>concionatus</span> <span class='ocrx_word' id='word_1_196' title='bbox 658 2343 749 2389; x_wconf 78' lang='lat' dir='ltr'>est,</span> <span class='ocrx_word' id='word_1_197' title='bbox 778 2334 1016 2380; x_wconf 88' lang='lat' dir='ltr'>inuitatus</span> <span class='ocrx_word' id='word_1_198' title='bbox 1041 2336 1104 2381; x_wconf 89' lang='lat' dir='ltr'>ab</span> <span class='ocrx_word' id='word_1_199' title='bbox 1129 2335 1235 2392; x_wconf 89' lang='lat' dir='ltr'>ipso</span> <span class='ocrx_word' id='word_1_200' title='bbox 1265 2351 1501 2391; x_wconf 81' lang='lat' dir='ltr'>paroeco,</span> <span class='ocrx_word' id='word_1_201' title='bbox 1540 2334 1648 2379; x_wconf 77' lang='lat' dir='ltr'>viro</span> <span class='ocrx_word' id='word_1_202' title='bbox 1685 2350 1764 2380; x_wconf 85' lang='lat' dir='ltr'>no-</span> 
     </span>
     <span class='ocr_line' id='line_1_28' title="bbox 126 2403 1762 2469; baseline -0.001 -12"><span class='ocrx_word' id='word_1_203' title='bbox 126 2413 223 2464; x_wconf 79' lang='lat' dir='ltr'>bili,</span> <span class='ocrx_word' id='word_1_204' title='bbox 251 2412 364 2457; x_wconf 90' lang='lat' dir='ltr'>Dni.</span> <span class='ocrx_word' id='word_1_205' title='bbox 403 2411 622 2468; x_wconf 89' lang='lat' dir='ltr'>episcopi</span> <span class='ocrx_word' id='word_1_206' title='bbox 659 2403 1023 2468; x_wconf 80' lang='lat' dir='ltr'>protonotario.</span> <span class='ocrx_word' id='word_1_207' title='bbox 1063 2412 1175 2469; x_wconf 85' lang='lat' dir='ltr'>Ego</span> <span class='ocrx_word' id='word_1_208' title='bbox 1211 2413 1405 2468; x_wconf 86' lang='lat' dir='ltr'>quidem</span> <span class='ocrx_word' id='word_1_209' title='bbox 1442 2412 1762 2469; x_wconf 82' lang='lat' dir='ltr'>quadragesi-</span> 
     </span>
     <span class='ocr_line' id='line_1_29' title="bbox 126 2488 1764 2547; baseline 0 -12"><span class='ocrx_word' id='word_1_210' title='bbox 126 2506 256 2535; x_wconf 89' lang='lat' dir='ltr'>mam</span> <span class='ocrx_word' id='word_1_211' title='bbox 282 2489 466 2546; x_wconf 80' lang='lat' dir='ltr'>Ryomi</span> <span class='ocrx_word' id='word_1_212' title='bbox 492 2489 650 2534; x_wconf 83' lang='lat' dir='ltr'>verbo</span> <span class='ocrx_word' id='word_1_213' title='bbox 676 2489 769 2534; x_wconf 78' lang='lat' dir='ltr'>Dei</span> <span class='ocrx_word' id='word_1_214' title='bbox 795 2488 1009 2534; x_wconf 88' lang='lat' dir='ltr'>intentus</span> <span class='ocrx_word' id='word_1_215' title='bbox 1033 2490 1276 2547; x_wconf 76' lang='lat' dir='ltr'>transegi,</span> <span class='ocrx_word' id='word_1_216' title='bbox 1306 2500 1357 2534; x_wconf 73' lang='lat' dir='ltr'>vt</span> <span class='ocrx_word' id='word_1_217' title='bbox 1392 2490 1572 2534; x_wconf 82' lang='lat' dir='ltr'>ciuium</span> <span class='ocrx_word' id='word_1_218' title='bbox 1607 2489 1764 2545; x_wconf 89' lang='lat' dir='ltr'>preci-</span> 
     </span>
     <span class='ocr_line' id='line_1_30' title="bbox 125 2567 1763 2624; baseline -0.001 -11"><span class='ocrx_word' id='word_1_219' title='bbox 125 2568 216 2613; x_wconf 90' lang='lat' dir='ltr'>bus</span> <span class='ocrx_word' id='word_1_220' title='bbox 250 2583 310 2613; x_wconf 89' lang='lat' dir='ltr'>ac</span> <span class='ocrx_word' id='word_1_221' title='bbox 346 2568 457 2613; x_wconf 90' lang='lat' dir='ltr'>Dni.</span> <span class='ocrx_word' id='word_1_222' title='bbox 497 2567 741 2624; x_wconf 90' lang='lat' dir='ltr'>praesulis</span> <span class='ocrx_word' id='word_1_223' title='bbox 775 2568 1109 2613; x_wconf 87' lang='lat' dir='ltr'>clarmontani</span> <span class='ocrx_word' id='word_1_224' title='bbox 1148 2568 1356 2624; x_wconf 78' lang='lat' dir='ltr'>imperio</span> <span class='ocrx_word' id='word_1_225' title='bbox 1398 2567 1763 2612; x_wconf 81' lang='lat' dir='ltr'>satisfacerem.</span> 
     </span>
     <span class='ocr_line' id='line_1_31' title="bbox 126 2644 1764 2703; baseline -0.001 -12"><span class='ocrx_word' id='word_1_226' title='bbox 126 2645 370 2703; x_wconf 84' lang='lat' dir='ltr'>Quicquid</span> <span class='ocrx_word' id='word_1_227' title='bbox 396 2644 544 2690; x_wconf 80' lang='lat' dir='ltr'>officii</span> <span class='ocrx_word' id='word_1_228' title='bbox 569 2646 799 2701; x_wconf 88' lang='lat' dir='ltr'>neglectu</span> <span class='ocrx_word' id='word_1_229' title='bbox 824 2645 1058 2691; x_wconf 89' lang='lat' dir='ltr'>omissum</span> <span class='ocrx_word' id='word_1_230' title='bbox 1090 2655 1180 2701; x_wconf 83' lang='lat' dir='ltr'>est,</span> <span class='ocrx_word' id='word_1_231' title='bbox 1208 2646 1254 2691; x_wconf 82' lang='lat' dir='ltr'>id</span> <span class='ocrx_word' id='word_1_232' title='bbox 1288 2646 1401 2690; x_wconf 82' lang='lat' dir='ltr'>mihi</span> <span class='ocrx_word' id='word_1_233' title='bbox 1435 2645 1764 2698; x_wconf 88' lang='lat' dir='ltr'>tribuendum;</span> 
     </span>
     <span class='ocr_line' id='line_1_32' title="bbox 127 2722 1769 2779; baseline -0.001 -11"><span class='ocrx_word' id='word_1_234' title='bbox 127 2724 165 2768; x_wconf 88' lang='lat' dir='ltr'>si</span> <span class='ocrx_word' id='word_1_235' title='bbox 186 2723 375 2768; x_wconf 87' lang='lat' dir='ltr'>ciuibus</span> <span class='ocrx_word' id='word_1_236' title='bbox 395 2722 707 2768; x_wconf 78' lang='lat' dir='ltr'>satisfactum</span> <span class='ocrx_word' id='word_1_237' title='bbox 725 2732 897 2768; x_wconf 86' lang='lat' dir='ltr'>nostro</span> <span class='ocrx_word' id='word_1_238' title='bbox 917 2724 1106 2779; x_wconf 90' lang='lat' dir='ltr'>labore,</span> <span class='ocrx_word' id='word_1_239' title='bbox 1128 2723 1172 2768; x_wconf 93' lang='lat' dir='ltr'>id</span> <span class='ocrx_word' id='word_1_240' title='bbox 1192 2739 1335 2768; x_wconf 84' lang='lat' dir='ltr'>omne</span> <span class='ocrx_word' id='word_1_241' title='bbox 1355 2722 1555 2768; x_wconf 87' lang='lat' dir='ltr'>Christo</span> <span class='ocrx_word' id='word_1_242' title='bbox 1574 2723 1769 2768; x_wconf 73' lang='lat' dir='ltr'>feratur</span> 
     </span>
     <span class='ocr_line' id='line_1_33' title="bbox 128 2798 1769 2856; baseline -0.001 -11"><span class='ocrx_word' id='word_1_243' title='bbox 128 2811 403 2856; x_wconf 88' lang='lat' dir='ltr'>acceptum.</span> <span class='ocrx_word' id='word_1_244' title='bbox 432 2798 585 2844; x_wconf 88' lang='lat' dir='ltr'>Certe</span> <span class='ocrx_word' id='word_1_245' title='bbox 609 2799 716 2855; x_wconf 90' lang='lat' dir='ltr'>pius</span> <span class='ocrx_word' id='word_1_246' title='bbox 741 2801 1009 2845; x_wconf 87' lang='lat' dir='ltr'>multorum</span> <span class='ocrx_word' id='word_1_247' title='bbox 1036 2799 1251 2845; x_wconf 72' lang='lat' dir='ltr'>affectus</span> <span class='ocrx_word' id='word_1_248' title='bbox 1275 2815 1335 2844; x_wconf 90' lang='lat' dir='ltr'>ac</span> <span class='ocrx_word' id='word_1_249' title='bbox 1360 2799 1556 2856; x_wconf 86' lang='lat' dir='ltr'>pietatis</span> <span class='ocrx_word' id='word_1_250' title='bbox 1574 2798 1769 2845; x_wconf 71' lang='lat' dir='ltr'>fructus</span> 
     </span>
     <span class='ocr_line' id='line_1_34' title="bbox 129 2876 1768 2934; baseline -0.001 -11"><span class='ocrx_word' id='word_1_251' title='bbox 129 2877 342 2923; x_wconf 84' lang='lat' dir='ltr'>vbertim</span> <span class='ocrx_word' id='word_1_252' title='bbox 365 2892 441 2922; x_wconf 91' lang='lat' dir='ltr'>me</span> <span class='ocrx_word' id='word_1_253' title='bbox 466 2877 753 2921; x_wconf 89' lang='lat' dir='ltr'>consolatus</span> <span class='ocrx_word' id='word_1_254' title='bbox 777 2886 868 2934; x_wconf 86' lang='lat' dir='ltr'>est;</span> <span class='ocrx_word' id='word_1_255' title='bbox 897 2886 944 2922; x_wconf 85' lang='lat' dir='ltr'>et</span> <span class='ocrx_word' id='word_1_256' title='bbox 975 2878 1013 2922; x_wconf 89' lang='lat' dir='ltr'>si</span> <span class='ocrx_word' id='word_1_257' title='bbox 1039 2878 1283 2923; x_wconf 77' lang='lat' dir='ltr'>aduentus</span> <span class='ocrx_word' id='word_1_258' title='bbox 1320 2876 1548 2922; x_wconf 86' lang='lat' dir='ltr'>dominici</span> <span class='ocrx_word' id='word_1_259' title='bbox 1584 2876 1768 2922; x_wconf 86' lang='lat' dir='ltr'>celebri</span> 
     </span>
     <span class='ocr_line' id='line_1_35' title="bbox 129 2953 1770 3011; baseline -0.001 -12"><span class='ocrx_word' id='word_1_260' title='bbox 129 2963 353 3011; x_wconf 89' lang='lat' dir='ltr'>tempore</span> <span class='ocrx_word' id='word_1_261' title='bbox 377 2953 588 2999; x_wconf 87' lang='lat' dir='ltr'>celebris</span> <span class='ocrx_word' id='word_1_262' title='bbox 613 2962 725 3000; x_wconf 88' lang='lat' dir='ltr'>erat</span> <span class='ocrx_word' id='word_1_263' title='bbox 748 2954 1032 2999; x_wconf 85' lang='lat' dir='ltr'>auditorum</span> <span class='ocrx_word' id='word_1_264' title='bbox 1056 2954 1119 2999; x_wconf 88' lang='lat' dir='ltr'>ad</span> <span class='ocrx_word' id='word_1_265' title='bbox 1142 2954 1409 3000; x_wconf 90' lang='lat' dir='ltr'>conciones</span> <span class='ocrx_word' id='word_1_266' title='bbox 1439 2953 1700 2999; x_wconf 82' lang='lat' dir='ltr'>confluxus</span> <span class='ocrx_word' id='word_1_267' title='bbox 1722 2953 1770 2999; x_wconf 92' lang='lat' dir='ltr'>in</span> 
     </span>
    </p>
   </div>
   <div class='ocr_carea' id='block_1_3' title="bbox 135 3064 276 3068">
    <p class='ocr_par' dir='ltr' id='par_1_5' title="bbox 135 3064 276 3068">
     <span class='ocr_line' id='line_1_36' title="bbox 135 3064 276 3068; baseline 0 0"><span class='ocrx_word' id='word_1_268' title='bbox 135 3064 276 3068; x_wconf 95' lang='lat' dir='ltr'> </span> 
     </span>
    </p>
   </div>
   <div class='ocr_carea' id='block_1_4' title="bbox 279 3063 418 3068">
    <p class='ocr_par' dir='ltr' id='par_1_6' title="bbox 279 3063 418 3068">
     <span class='ocr_line' id='line_1_37' title="bbox 279 3063 418 3068; baseline 0 0"><span class='ocrx_word' id='word_1_269' title='bbox 279 3063 418 3068; x_wconf 95' lang='lat' dir='ltr'> </span> 
     </span>
    </p>
   </div>
   <div class='ocr_carea' id='block_1_5' title="bbox 180 3120 1026 3168">
    <p class='ocr_par' dir='ltr' id='par_1_7' title="bbox 180 3120 1026 3168">
     <span class='ocr_line' id='line_1_38' title="bbox 180 3120 1026 3168; baseline 0 -10"><span class='ocrx_word' id='word_1_270' title='bbox 180 3122 189 3141; x_wconf 83' lang='lat'>¹</span> <span class='ocrx_word' id='word_1_271' title='bbox 240 3120 286 3158; x_wconf 90' lang='lat' dir='ltr'>P.</span> <span class='ocrx_word' id='word_1_272' title='bbox 310 3120 506 3159; x_wconf 87' lang='lat' dir='ltr'>Nicolaus</span> <span class='ocrx_word' id='word_1_273' title='bbox 524 3120 694 3159; x_wconf 81' lang='lat' dir='ltr'>Lietard</span> <span class='ocrx_word' id='word_1_274' title='bbox 711 3121 1026 3168; x_wconf 76' lang='lat' dir='ltr'>(lotharingius).</span> 
     </span>
    </p>
   </div>
  </div>
 </body>
</html>
