2051 3516
569 303 882 342 42.-ToRxAco
907 304 953 340 ‘20
980 305 1154 342 Aemus
1184 306 1272 342 1537
1623 311 1685 347 181

108 413 203 442 non
245 406 376 443 esset
421 397 654 445 facienda
697 400 880 446 mentio
924 400 983 445 de
1028 401 1251 457 collegiis
1295 402 1559 459 erigendis,
1608 407 1733 461 apud

109 473 160 519 P.
190 489 440 530 romanos,
467 475 557 520 nisi
583 476 717 532 prius
741 477 938 522 adesset
962 478 1287 524 commoditas
1311 479 1497 531 domus,
1526 483 1733 527 ecclesie

109 560 156 596 et
180 550 368 608 relique
393 553 677 599 necessarie
701 554 997 611 prouisionis
1031 555 1093 600 ad
1130 555 1525 602 intertentionem
1554 559 1606 603 14
1630 575 1733 615 per-

107 643 361 674 sonarum.
390 629 728 676 Fundationes
762 646 954 676 annuas
979 631 1266 689 immobiles,
1293 642 1342 679 et
1366 633 1534 680 firmos
1558 635 1735 682 fundos

110 705 325 750 nundum
349 705 607 761 habemus,
645 707 734 753 nisi
769 716 822 753 vt
855 723 1007 765 supra
1047 709 1142 755 dixi
1178 710 1237 755 de
1272 712 1433 769 domO,
1461 714 1654 769 capella
1688 723 1736 759 et

109 782 404 829 huiusmodi.
432 782 531 829 Sed
556 786 768 831 materia
792 794 866 831 est
889 787 1021 843 apud
1043 803 1132 832 nos
1156 788 1370 834 maxime
1404 789 1657 847 disposita.
1684 791 1734 837 Si

107 860 334 906 venirent
368 860 540 906 decem
575 862 734 919 simul,
762 862 821 909 de
851 864 1150 921 pr'ouisione,
1178 866 1500 924 habitatione,
1535 868 1731 925 viaticO,

105 948 151 982 et
185 937 293 982 aliis
332 939 643 997 necessariis,
680 940 813 986 nulla
852 941 947 986 erit
985 942 1031 986 in
1070 942 1308 989 similibus
1341 945 1564 1003 penuria,
1601 946 1735 992 nulla

105 1014 353 1060 obtinendi
388 1014 668 1062 difficultas.
703 1017 1107 1064 Patrimoniolum
1143 1029 1382 1078 nostrum,
1421 1022 1549 1078 quod
1584 1024 1647 1068 ad
1678 1024 1736 1070 50

103 1091 177 1138 vel
199 1092 258 1138 60
280 1102 422 1138 scuta
457 1108 622 1139 annua
657 1094 894 1150 ascendit,
922 1105 1131 1152 paratus
1161 1113 1268 1143 sum
1293 1099 1356 1144 ad
1380 1099 1528 1155 pedes
1561 1109 1734 1145 sancte

104 1170 380 1216 obedientie
415 1171 603 1217 offerre
637 1173 844 1230 qnando
879 1175 928 1219 ei
953 1174 1200 1231 placebit,·
1233 1176 1318 1221 sed
1353 1176 1440 1222 hec
1476 1178 1588 1233 quid
1623 1188 1735 1224 sunt

102 1248 231 1294 inter
264 1248 450 1294 tantos?
484 1251 496 1274 ¹
536 1249 610 1296 Vt
644 1250 841 1296 tandem
877 1251 1188 1309 concludam,
1231 1258 1485 1311 qnantum
1519 1255 1592 1300 ad
1623 1256 1732 1301 mst-

103 1326 283 1371 tendos
306 1326 510 1383 Patres,
538 1327 669 1372 mila·
687 1328 894 1373 videtur
915 1327 1280 1384 (submittendo
1300 1345 1379 1376 me
1404 1332 1455 1376 in
1475 1332 1734 1389 omnibns)

103 1403 241 1460 quod
261 1403 307 1448 in
331 1403 500 1460 primis
524 1404 759 1460 optimum
784 1414 914 1451 esset
937 1406 1131 1452 mittere
1156 1407 1343 1464 aliquot
1361 1408 1596 1466 egregios
1620 1425 1732 1455 con-

102 1480 400 1535 cionatores,
429 1490 477 1526 et
502 1491 686 1538 quanto
710 1482 877 1539 plures
900 1482 1101 1537 fuerint,
1129 1494 1266 1530 tanto
1292 1486 1466 1531 melius
1491 1487 1599 1544 erit,
1627 1488 1730 1533 scio

103 1558 233 1614 quod
257 1558 303 1603 in
327 1558 593 1604 aduentum
620 1575 792 1606 eorum
816 1569 920 1606 tota
945 1563 1336 1608 commouebitur
1366 1564 1540 1610 ciuitas
1562 1566 1592 1610 2.
1631 1565 1732 1610 Imo

101 1634 190 1691 ipsi
214 1635 417 1681 heretici
442 1636 634 1682 auidius
658 1637 862 1683 audiunt
885 1648 1083 1684 nostros
1118 1655 1266 1697 quam
1301 1657 1470 1687 omnes
1496 1642 1626 1688 alios
1649 1657 1729 1688 cn-

102 1713 318 1758 cullcztos
344 1719 379 1759 ³.
412 1713 614 1759 Interim
653 1716 810 1772 magis
844 1716 1229 1774 accingerentur
1262 1734 1433 1764 omnes
1467 1720 1529 1764 ad
1562 1736 1732 1776 proce-

47 1809 58 1825 ‹¹
103 1790 314 1836 dendum
342 1791 547 1836 vlterius
582 1801 631 1838 et
664 1792 1094 1840 inflammarentur
1129 1795 1191 1840 ad
1225 1797 1618 1853 promouendum
1654 1813 1731 1843 ne-

101 1868 307 1925 gotium,
346 1869 723 1916 considerantes
757 1873 1192 1928 promptitudinem
1226 1884 1275 1920 et
1308 1874 1621 1921 sedulitatem
1656 1892 1730 1921 ro-

100 1961 360 1991 manorum
387 1946 608 2004 Patrum,
636 1948 873 1994 mittendo
899 1950 1038 1995 nobis
1062 1951 1314 2007 auxilium.
1343 1952 1545 1998 Interim
1581 1953 1730 1999 etiam

100 2024 473 2070 considerarem
493 2041 783 2083 processum
803 2027 1011 2073 istarum
1031 2039 1319 2075 nostrarum
1340 2046 1525 2087 rerum,
1550 2041 1598 2077 et
1617 2032 1727 2088 quid

99 2112 301 2148 senatus
325 2103 422 2160 (cui
445 2104 587 2150 breui
611 2105 1022 2163 supplicationem
1047 2107 1339 2165 offeremus)
1364 2110 1504 2155 nobis
1540 2110 1729 2155 fauoris

100 2181 356 2237 prestabit.
385 2181 638 2228 Foelicem
672 2184 854 2229 exitum
890 2185 954 2230 ab
988 2184 1057 2230 eis
1092 2195 1320 2243 expectO,
1350 2187 1431 2233 vbi
1455 2197 1603 2244 caput
1633 2204 1730 2232 om-

99 2258 230 2304 nium
255 2259 478 2305 dominus
502 2260 892 2317 Torquiniensis,
921 2262 1000 2318 qui
1031 2278 1159 2308 nunc
1184 2263 1250 2309 V,
1279 2264 1339 2309 R.
1368 2265 1559 2310 litteras
1584 2265 1728 2318 misit,

102 2351 398 2382 consensum
424 2353 565 2382 suum
591 2338 661 2383 eis
684 2339 925 2386 ostendet.

149 2414 193 2460 8.
246 2414 489 2461 Officialis
509 2416 658 2462 etiam
678 2418 1080 2465 reuerendissimi
1098 2420 1256 2465 nostri
1273 2419 1582 2465 tornacensis
1599 2419 1731 2475 cupit

103 2492 268 2538 omnia
293 2508 385 2539 sua
409 2509 679 2553 exponere,
708 2504 761 2541 vt
786 2496 900 2542 mihi
924 2498 1105 2554 pluries
1129 2498 1266 2555 dixit,
1295 2508 1347 2543 vt
1371 2497 1624 2554 negotium
1648 2513 1729 2542 no-

146 2672 164 2692 a
210 2677 331 2712 quam
351 2665 530 2713 reliquos
549 2679 688 2704 omnes
707 2667 950 2715 relligiosos.

148 2829 157 2847 ¹
206 2827 373 2875 JOANN„
395 2828 469 2871 VI,
489 2829 523 2866 9.

147 2887 159 2907 ²
215 2887 443 2934 «Quantum
472 2889 597 2936 igitur
624 2890 720 2927 mihi
748 2890 921 2937 videtur,
962 2892 1108 2928 bonum
1143 2897 1249 2928 esset
1278 2891 1440 2929 mittere
1472 2898 1565 2930 ante
1598 2894 1731 2931 omnia

100 2947 404 2984 concionatores
424 2949 615 2996 egregios
633 2950 699 2987 3.S
720 2956 789 2987 aut
808 2951 898 2997 41,
927 2956 966 2987 et
987 2952 1117 2997 potius
1138 2964 1207 2987 sex
1225 2951 1359 2988 simul:
1380 2957 1492 2989 tanto
1511 2953 1661 3000 plui-es,
1683 2966 1731 2991 eo

100 3007 259 3043 melius.
292 3007 458 3045 Interim
486 3009 839 3047 consideraremus
866 3024 1095 3057 processum
1118 3012 1386 3057 negotiorum.
1409 3012 1529 3048 Multi
1550 3013 1644 3057 (non
1662 3013 1731 3050 du-

99 3066 197 3111 bito)
219 3067 432 3104 ostendent
451 3067 643 3105 affectum
663 3082 779 3106 suum
807 3070 872 3106 vbi
900 3071 1072 3107 viderint
1101 3070 1273 3107 [ructum
1303 3078 1585 3118 exurgentem.
1615 3072 1730 3109 Tunc

103 3125 325 3162 rescribam
347 3127 396 3163 ad
415 3140 500 3164 rem
521 3129 652 3176 magis
671 3135 860 3167 certam.»
882 3130 934 3167 B.
