2051 3516
600 263 892 299 Ot—PAmsus
910 262 932 297 7
958 260 1219 297 Sizpmnssms
1251 260 1338 295 1537
1672 258 1742 294 365

160 359 333 405 audias
357 375 385 404 a
409 357 550 403 nobis
585 358 865 415 profectum
899 354 1260 407 renunciamus;
1290 369 1383 398 non
1421 354 1592 398 mirum
1619 353 1662 398 id
1689 353 1786 409 qui-

160 437 269 482 dem
308 435 466 480 videri
503 435 588 480 tibi
625 434 770 480 debet
810 432 1020 490 (etiamsi
1056 431 1240 487 optima
1276 446 1522 486 nunquam
1558 430 1788 487 auspiciis

162 513 349 559 Christi
376 512 488 558 freti
514 522 561 557 et
586 527 672 568 spe
698 520 745 557 et
771 510 1027 556 voluntate
1058 507 1419 563 destituamur);
1449 508 1625 563 quippe
1660 507 1788 563 duod

160 606 289 636 nunc
312 590 652 636 contendimus
677 590 739 635 ad
764 587 1004 634 maiorem
1023 586 1287 643 aliquando
1312 586 1466 630 nostri
1486 585 1787 641 expectatio-

157 683 267 714 nem
293 668 611 723 fructumque
635 666 941 723 ampliorem,
965 676 1016 709 vt
1042 673 1158 709 tunc
1182 679 1278 708 non
1303 662 1449 708 modo
1475 663 1597 707 bene
1623 662 1682 706 de
1708 678 1787 706 no-

159 745 231 790 bis
256 760 480 801 sperare,
506 743 593 789 sed
619 743 879 800 explorate
903 741 1125 799 judicare
1150 740 1325 797 possis,
1363 739 1621 784 faciamus.
1649 739 1790 783 Nunc

158 838 281 868 vero
306 822 351 867 in
390 837 447 866 eo
473 836 678 866 munere
705 830 752 866 et
776 819 956 875 officio,
985 818 1113 875 quod
1148 818 1323 874 cuique
1358 826 1582 862 nostrum
1609 816 1788 861 incum-

158 899 243 955 bit,
274 898 567 955 quantulum
598 898 643 943 id
675 912 883 953 cumque
917 896 994 951 sit,
1022 911 1111 952 pro
1136 895 1265 939 virili
1291 894 1495 950 quisque
1519 898 1538 918 ²¹
1564 894 1790 938 elabora-

160 991 214 1021 re
239 985 288 1021 et
311 976 617 1021 contendere
645 976 748 1020 vult
772 974 805 1019 b.
825 973 922 1020 Sed
942 989 1053 1018 cum
1073 973 1187 1018 nihil
1213 972 1271 1017 de
1296 971 1437 1017 nobis
1462 971 1683 1027 polliceri
1708 980 1793 1015 aut

161 1069 412 1110 arrogare
453 1052 551 1109 (qui
592 1053 704 1109 quid
746 1051 990 1110 possimus
1031 1051 1176 1107 plane
1215 1049 1524 1107 ignoramus)
1570 1048 1792 1093 modeste

161 1146 420 1188 queamus,
448 1130 563 1176 illud
589 1140 754 1176 tamen
789 1146 848 1175 ea
881 1129 1139 1174 voluntate
1174 1128 1303 1185 (cum
1330 1127 1476 1173 etiam
1504 1143 1680 1183 parum
1705 1141 1793 1171 nos

162 1224 307 1266 posse
343 1209 636 1265 sentiamus)
672 1208 772 1263 tibi,
806 1207 868 1253 R.
905 1207 978 1263 P.‚
1021 1206 1326 1263 pollicemur3
1366 1214 1418 1250 vt
1453 1220 1793 1262 quaecumque

159 1288 253 1334 Dei
290 1287 452 1344 glorie
478 1287 794 1343 proximique
818 1285 976 1330 nostri
1001 1284 1147 1330 saluti
1183 1293 1231 1329 et
1255 1295 1369 1329 tuae
1394 1283 1439 1328 in
1465 1298 1553 1328 nos
1578 1282 1792 1327 authori-

159 1367 249 1412 tati
278 1382 376 1411 vna
404 1381 515 1410 cum
540 1373 713 1410 nostra
737 1363 782 1409 in
808 1372 854 1408 te
880 1361 1203 1408 obseruantia
1231 1361 1512 1407 conducere
1531 1360 1793 1406 arbitrabi-

159 1460 284 1495 mur,
316 1453 464 1489 tanto
488 1443 650 1488 studio
675 1451 722 1488 et
746 1440 910 1487 animo
935 1455 1045 1485 esse
1070 1440 1310 1495 facturos,
1340 1448 1523 1496 quanto
1548 1447 1599 1484 tu
1625 1447 1673 1484 et
1697 1447 1794 1483 stu-

157 1523 235 1567 dio
261 1531 310 1567 et
346 1520 604 1577 diligentia
628 1519 673 1564 id
696 1535 725 1564 a
749 1518 890 1564 nobis
913 1517 1018 1563 fieri
1044 1517 1315 1562 desideras.

217 1599 259 1644 4.
339 1597 479 1655 Quas
503 1598 565 1642 ad
590 1612 678 1642 nos
709 1596 913 1642 miserat
946 1595 1119 1640 literas
1153 1594 1212 1639 R.
1251 1594 1403 1639 Pater
1438 1593 1737 1638 Paschasius
1762 1594 1792 1646 ¹,

161 1679 253 1723 hae
289 1676 487 1722 tandem
523 1675 788 1732 aliquando
822 1674 882 1719 ad
918 1689 1006 1719 nos
1041 1673 1133 1718 Dei
1170 1672 1409 1718 beneficio
1444 1680 1793 1728 peruenerunt,

161 1771 222 1801 ex
253 1754 431 1811 quibus
456 1769 639 1811 magno
664 1767 832 1798 sumus
857 1752 971 1808 (quo
997 1767 1149 1808 prope
1175 1750 1580 1806 conficiebamur)
1606 1765 1797 1806 angore

161 1831 393 1878 recreati.
425 1830 570 1888 Quod
596 1829 806 1886 amplius
829 1829 1049 1874 scribam
1074 1844 1169 1873 non
1196 1828 1373 1885 habeO,
1400 1827 1461 1873 R.
1490 1827 1564 1883 R,
1592 1827 1677 1872 sed
1709 1842 1797 1872 nos

162 1910 224 1956 ad
249 1920 527 1956 extremum
558 1908 643 1954 tibi
676 1908 1018 1964 maximopere
1053 1906 1431 1952 commendatos
1468 1906 1640 1951 haberi
1675 1905 1796 1950 desi-

163 2003 349 2044 ramus,
372 1987 452 2044 qui
487 1986 634 2043 Xpm.
665 1994 716 2031 vt
741 2001 829 2030 sua
854 1984 1161 2042 benignitate
1186 1993 1429 2040 perpetua
1448 1992 1495 2028 te
1516 1983 1797 2039 optimaque

162 2064 451 2110 valetudine
468 2071 747 2117 conseruet,
768 2072 816 2108 et
832 2062 946 2118 quid
966 2077 1091 2118 agas
1113 2071 1386 2106 acturusve
1407 2060 1472 2105 sis
1489 2061 1613 2105 bene
1631 2069 1795 2105 uertat

160 2157 443 2199 precamur.
468 2141 620 2187 Vale.
643 2140 875 2185 Lutetiae
900 2139 1111 2195 septimo
1136 2138 1213 2183 die
1239 2137 1548 2194 Septembris
1578 2137 1703 2182 1557.

254 2219 314 2264 R.
346 2219 400 2264 P.
429 2218 487 2264 T.
516 2217 884 2275 indignissimus
909 2216 1049 2270 filius,

1074 2310 1322 2356 CAROLUs
1354 2309 1612 2355 SAGERIUS
1647 2312 1676 2354 ².

254 2404 548 2460 Inscm'plio.
586 2403 714 2448 Rdo.
743 2402 789 2447 in
824 2402 954 2458 Xpo.
982 2401 1081 2446 Pri.
1108 2401 1237 2446 Dno.
1272 2399 1464 2458 Jacobo
1490 2399 1707 2456 Laynez,
1735 2399 1798 2443 vi-

163 2481 305 2527 cario
342 2481 567 2538 generali
602 2479 870 2525 Societatis
907 2478 1116 2523 nominis
1147 2477 1282 2536 Jesu.
1307 2477 1359 2522 In
1385 2476 1588 2522 aedibus
1622 2476 1800 2521 beatae

168 2559 362 2605 Mariae
387 2559 515 2604 della
540 2557 742 2604 Strada.
770 2557 981 2602 Romae.

207 2738 228 2758 a
278 2738 373 2775 Hoc
391 2750 429 2775 v.
453 2737 634 2775 addidit
652 2739 745 2783 ipse
762 2741 916 2774 auctor
933 2737 1060 2773 initio
1084 2747 1248 2772 versus.
1304 2735 1369 2762 ——b
1406 2736 1544 2771 vultur
1562 2745 1643 2771 ms.

213 2910 222 2928 ¹
274 2907 319 2944 P.
342 2906 584 2944 Paschasius
604 2907 728 2944 Broet
747 2908 920 2944 Romam
941 2908 989 2944 ad
1009 2907 1247 2954 generalem
1268 2904 1417 2941 ordinis
1445 2909 1689 2941 conventum
1714 2917 1801 2951 pro-

165 2967 293 3004 fectus
311 2966 456 3003 fuerat.
478 2967 634 3004 Laz‘m'z'
651 2968 862 3012 Monam..
884 2967 933 3011 II,
955 2966 1036 3009 246,
1055 2966 1135 3002 459.

213 3028 225 3047 ‘²
278 3027 342 3063 De
364 3026 514 3064 Carolo
535 3027 709 3074 Sagerio
730 3026 912 3074 (Sagier)
933 3027 1036 3069 vide,
1060 3026 1125 3068 sis,
1147 3024 1428 3067 FOUQUERAY.
1459 3024 1654 3061 Histoire
1679 3023 1733 3061 de
1759 3024 1801 3060 la

169 3088 444 3133 Compagm'e
461 3087 516 3124 de
527 3087 666 3134 jesus
687 3099 737 3124 en
760 3087 941 3130 Fram‘e,
962 3086 991 3127 Ι,
1013 3085 1093 3130 52],
1115 3083 1196 3129 522,
1217 3084 1299 3130 527,
1319 3083 1401 3129 55&
1423 3083 1472 3129 ΙΙ,
1492 3083 1562 3120 273
1580 3096 1665 3130 sqq.
