2051 3516
292 310 358 346 112
744 311 960 348 Lir'rERAE
987 311 1136 356 QUADR
1145 321 1341 347 [MESTRES

313 406 578 442 christianae
603 407 908 452 explicationes
928 409 966 442 et
984 406 1150 449 dialogi
1167 407 1211 441 in
1232 409 1374 441 nostro
1394 406 1673 450 templa—ll.
1706 404 1873 441 Variae-

314 464 648 510 hihll'opolarnm
669 466 874 501 tabernae
893 466 1013 501 libris
1032 465 1346 501 lmereticormn
1372 475 1397 500 a
1423 464 1689 500 nostratibus
1709 468 1861 509 expur-

309 527 485 568 gantur.
498 524 597 560 --12.
615 525 816 570 ¹tar'nqite
835 535 944 561 izo-vn
961 524 1158 560 cubicula
1179 524 1223 558 in
1240 522 1367 558 domo
1384 526 1531 558 nostra
1551 522 1857 567 aedificantur.

306 618 342 662 1.
409 621 437 667 'l‘
471 616 649 663 Gratia
673 627 720 662 et
743 633 839 673 pax
864 617 1059 662 Domini
1090 616 1241 661 nostri
1273 615 1391 672 Jesu
1427 614 1609 660 Christi
1643 615 1704 659 sit
1738 630 1860 659 sem—

247 708 334 749 per
358 693 401 737 in
437 693 665 738 cordibus
699 693 895 738 nostris.
933 693 1107 737 Amen.
1149 691 1268 743 Etsi,
1305 691 1427 735 Rde.
1465 691 1511 734 in
1546 690 1636 735 X.0
1671 690 1772 745 Pr.‚
1813 690 1859 735 in

245 769 516 813 scribendis
540 769 978 825 quadrimestribus
1002 768 1245 812 tardiores
1269 766 1449 812 fuimus
1484 781 1631 822 quam
1665 775 1860 822 tempus

244 854 292 889 et
315 845 564 900 diligentia
591 845 889 901 requirebat,
916 860 1010 889 non
1037 844 1314 888 omittemus
1333 852 1495 888 tamen
1517 843 1629 899 quin
1649 843 1728 888 uel
1746 858 1860 888 sero

245 920 550 966 obedientiae
575 936 604 965 a
628 921 765 966 nobis
789 920 1015 965 satisfiat.
1044 920 1218 964 Paucis
1244 919 1395 976 igitur
1418 920 1706 974 recensebo,
1733 934 1858 977 quae

244 1010 273 1039 a
297 996 737 1051 quadrimestribus
761 997 983 1052 proxime
1017 995 1173 1040 missis
1207 995 1267 1039 ad
1302 994 1607 1050 spiritualem
1642 994 1858 1041 fructum

243 1071 509 1127 contigisse
534 1073 813 1117 meminero.
843 1071 1188 1116 Confitentium
1212 1086 1447 1115 numerus
1478 1071 1550 1115 his
1575 1072 1858 1127 praeteritis

243 1147 490 1192 mensibus
514 1157 677 1192 tantus
702 1148 805 1200 fuit,
833 1157 885 1192 ut
909 1163 937 1192 a
962 1147 1288 1203 quinquennio
1313 1163 1408 1202 quo
1433 1147 1509 1192 hic
1532 1162 1714 1203 sumus,
1741 1164 1857 1192 nun-

244 1238 390 1278 quam
413 1224 568 1268 maior
592 1224 754 1269 fuerit.
782 1224 951 1279 Itaque
984 1224 1060 1268 hic
1092 1239 1230 1279 ager,
1269 1239 1364 1279 quo
1398 1224 1668 1269 excolendo
1702 1224 1858 1269 nostri

242 1299 418 1344 Patres
442 1309 640 1345 strenue
665 1315 716 1344 se
741 1309 988 1353 exercent,
1016 1299 1067 1345 fit
1096 1300 1356 1355 quotannis
1389 1300 1609 1356 (fauente
1643 1300 1856 1345 Domino

243 1376 430 1427 messis,
458 1376 534 1431 qui
560 1374 898 1420 CHRISTVS
922 1375 1013 1427 est)
1039 1376 1236 1420 uberior
1260 1391 1319 1420 ac
1342 1376 1659 1421 fructuosior.

300 1452 341 1497 2.
408 1450 531 1496 Sunt
565 1452 643 1507 qui
683 1452 948 1496 eorundem
990 1452 1191 1496 Patrum
1229 1452 1483 1497 solertiam
1523 1468 1582 1498 ac
1624 1453 1857 1509 pietatem

242 1528 563 1583 admirentur,
592 1530 718 1584 quod
742 1537 789 1573 et
812 1538 940 1573 totos
975 1528 1077 1573 dies
1101 1544 1152 1573 se
1177 1528 1430 1573 audiendis
1463 1529 1859 1575 confessionibus

241 1613 444 1659 paratos
468 1604 745 1659 exhibeant,
773 1613 820 1648 et
844 1604 887 1648 in
913 1619 971 1648 ea
996 1620 1048 1648 re
1073 1605 1255 1648 nullam
1286 1620 1609 1660 personarum
1643 1605 1860 1651 habeant

241 1680 593 1735 acceptionem:
621 1681 705 1724 sed
729 1695 972 1736 pauperes
996 1695 1151 1736 aeque
1176 1696 1236 1725 ac
1260 1680 1434 1726 diuites
1458 1681 1591 1726 nullo
1621 1681 1857 1727 discrimi-

240 1772 301 1801 ne
325 1756 540 1801 audiant.
568 1756 725 1812 Egeni
748 1757 883 1802 multi
907 1766 954 1802 et
978 1757 1145 1802 afflicti
1170 1758 1379 1803 libenter
1402 1759 1583 1803 adeunt
1601 1774 1705 1807 nos.
1729 1759 1857 1814 quod

241 1832 302 1877 ad
327 1847 416 1877 sua
435 1833 640 1876 uulnera
664 1832 865 1878 idoneos
889 1834 1103 1878 medicos
1128 1833 1373 1879 inuenisse
1395 1835 1485 1879 sibi
1511 1834 1787 1879 uideantur.

297 1909 339 1955 3.
407 1909 711 1964 Deprehensi
736 1919 845 1955 sunt
864 1910 1057 1965 plurimi
1081 1927 1109 1955 a
1134 1911 1298 1956 multis
1324 1911 1478 1967 anniS,
1506 1912 1584 1956 uel
1608 1927 1856 1968 nunquam

239 1984 467 2041 confessi,
494 1986 571 2030 uel
594 2001 714 2041 prae
739 1986 923 2041 pudore
947 1987 1187 2042 grauiora
1212 1987 1453 2043 quaedam
1472 1988 1752 2043 reticenteS‚
1775 1988 1855 2044 qui

239 2061 431 2105 demum
456 2076 514 2106 ac
538 2061 730 2117 integre
754 2077 892 2106 suam
917 2062 1268 2108 conscientiam
1293 2064 1473 2108 nostris
1493 2064 1852 2117 sacerdotibus,

239 2138 432 2193 plenam
456 2139 518 2183 ab
542 2138 611 2183 eis
635 2139 990 2184 absolutionem
1015 2150 1389 2196 consequentes,
1416 2150 1732 2196 aperuerunt.

295 2214 338 2258 4.
405 2214 547 2259 Hanc
570 2224 734 2259 autem
758 2216 1118 2261 confessionum
1138 2217 1434 2262 auditionem
1459 2226 1631 2263 secuta
1655 2227 1729 2263 est
1752 2227 1853 2262 tam

238 2290 468 2346 frequens
492 2291 820 2336 eucharistiae
846 2293 1112 2348 perceptiO,
1139 2302 1191 2338 ut
1215 2294 1342 2338 inter
1365 2303 1467 2339 tam
1497 2294 1649 2339 multa
1672 2295 1866 2351 templa.

239 2381 364 2422 quae
388 2375 497 2411 sunt
519 2366 819 2424 Florentiae,
846 2369 929 2413 uix
952 2369 1064 2413 alibi
1089 2369 1394 2426 frequentior
1425 2371 1587 2428 fuerit;
1625 2386 1738 2416 nam
1762 2371 1855 2416 hoc

238 2452 459 2487 nostrum
497 2444 726 2499 templum
765 2446 795 2497 2,
838 2455 1119 2502 angustum,
1167 2462 1226 2492 ac
1264 2447 1377 2492 olim
1423 2463 1545 2504 pene
1585 2448 1851 2505 desertum,

238 2534 366 2563 nunc
390 2518 455 2564 ita
478 2519 670 2577 colitur,
697 2529 749 2565 ut
773 2529 886 2565 ante
911 2522 1095 2578 aliquot
1117 2538 1308 2568 menses
1331 2523 1485 2568 Rdus.
1523 2523 1604 2569 Pr.
1641 2524 1853 2569 Ludoui-

239 2608 324 2638 cus
347 2594 378 2650 3,
406 2595 483 2650 qui
507 2595 759 2640 dominicis
790 2612 848 2641 ac
877 2596 1013 2642 festis
1047 2598 1218 2643 diebus
1252 2598 1461 2645 Cantica
1494 2599 1774 2645 Salomonis
1807 2600 1853 2645 in
1901 2650 1909 2656 ,

238 2671 419 2726 templo
434 2680 603 2716 nostro
623 2672 1059 2730 interpretabatur,
1079 2676 1141 2720 ob
1160 2676 1461 2721 audientium
1478 2677 1850 2735 multitudinem,

239 2746 284 2790 in
309 2762 547 2791 summum
571 2750 802 2805 templum
829 2759 1031 2795 coactus
1055 2752 1324 2809 transierit,
1352 2752 1433 2798 ubi
1458 2762 1506 2798 et
1529 2769 1657 2798 nunc
1690 2768 1852 2799 susce-

240 2831 371 2877 ptam
398 2824 655 2868 lectionem
695 2825 802 2870 Deo
841 2826 1104 2872 adiuuante
1138 2843 1197 2873 ac
1236 2829 1356 2874 satis
1390 2829 1633 2885 frequenti
1671 2830 1851 2886 populo

285 2962 298 2981 ²
349 2961 482 2999 Nostri
502 2976 616 2999 sacra
633 2965 856 3003 ministeria
875 2967 1118 3004 exercebant
1136 2969 1177 3004 in
1195 2970 1344 3016 templo
1364 2968 1437 3007 Sti.
1455 2969 1657 3016 joannini.
1688 2970 1749 3009 Cf.
1777 2971 1862 3007 Po-

238 3031 418 3065 LANCUM,
445 3022 608 3067 Clzron„
631 3024 702 3065 VI,
727 3025 804 3061 161.

284 3079 297 3099 ³
347 3078 390 3116 P.
414 3080 640 3117 Ludovicus
659 3083 706 3119 de
727 3082 941 3128 Coudreto,
964 3091 1096 3121 rector
1114 3087 1289 3133 collegii.
1312 3086 1426 3130 Ibid.,
1450 3087 1528 3124 l-ll.
