2051 3516
352 306 418 343 132
813 304 1027 340 Ll'r'iERAE
1054 302 1404 347 QUADRIMEs'rREs

303 402 522 447 uirorum
562 410 703 445 coetu
745 407 1056 455 perorarunt,
1095 406 1143 440 ut
1187 394 1379 439 habitas
1422 394 1484 438 ab
1528 393 1618 439 illis
1661 394 1914 439 orationes

304 478 451 523 etiam
467 475 685 532 primarii
705 473 988 530 prouinciae
1004 473 1145 517 huius
1161 471 1251 515 uiri
1271 469 1551 514 describere
1567 469 1911 526 efflagitarint.

362 554 404 597 3.
471 551 614 608 Quod
649 551 711 595 ad
749 565 935 600 eorum,
979 548 1055 604 qui
1097 546 1285 603 publice
1324 544 1631 603 profitentur,
1674 546 1914 591 rationem

304 629 491 683 attinet,
520 643 610 672 non
638 636 752 682 puto
777 626 905 670 aliud
930 623 1239 669 scribendum
1261 637 1405 677 quam
1423 621 1551 678 quod
1575 622 1671 667 iam
1690 621 1803 667 olim
1822 622 1915 667 hac

306 706 363 750 de
388 720 441 749 re
474 703 799 760 perscriptum
824 710 913 756 est,
940 700 985 744 ni
1010 699 1236 744 fortassis
1271 698 1363 742 hoc
1396 712 1544 742 unum
1578 698 1638 742 sit
1661 698 1915 743 dicendum

304 781 549 827 studiosos
573 794 694 835 pene
729 792 897 822 omnes
930 777 1007 832 (de
1040 774 1293 820 haeretica
1328 773 1591 831 prauitate,
1627 788 1758 831 quae
1790 789 1917 819 seme

306 858 539 902 nmximcz
562 855 711 899 turba
735 858 822 908 est,
844 852 1037 897 imbutis
1060 851 1172 895 nihil
1193 851 1316 906 dieo,
1343 865 1453 894 cum
1478 850 1524 895 hi
1543 866 1638 896 non
1656 851 1796 896 nobis
1814 862 1915 896 tan-

305 942 423 988 tum,
450 932 534 976 sed
570 932 612 976 in
641 930 918 975 uniuersum
945 928 1168 972 omnibus
1192 926 1403 982 opinioni
1432 942 1551 971 suae
1574 943 1670 972 non
1703 927 1915 983 adstipu-

308 1009 519 1054 lantibus
541 1007 635 1052 sint
658 1005 871 1060 aduersi)
896 1004 1233 1060 benigniorem
1262 1003 1309 1047 in
1347 1003 1449 1048 dies
1482 1003 1628 1048 animi
1663 1003 1913 1059 affectum,

305 1100 398 1129 non
420 1084 562 1128 modo
582 1098 705 1138 erga
729 1081 1027 1137 theologiam
1052 1079 1352 1135 profitentes,
1376 1095 1550 1124 verum
1574 1080 1618 1124 in
1639 1096 1727 1125 nos
1750 1095 1918 1125 omnes

306 1161 507 1205 induere
531 1169 677 1215 atque
702 1158 977 1213 declarare;
1017 1157 1156 1211 idque
1191 1171 1300 1200 cum
1324 1156 1445 1207 aliis,
1479 1164 1580 1201 tum
1614 1157 1706 1201 hoc
1729 1156 1916 1213 praeci—

306 1252 400 1294 puo
419 1244 714 1292 argumento
739 1234 1049 1289 perspicuum
1075 1232 1146 1287 fit,
1179 1233 1307 1288 quod
1333 1232 1526 1288 quidam
1556 1248 1728 1277 eorum
1753 1230 1916 1278 Socie-

304 1313 419 1358 tatis
442 1312 711 1356 institutum
737 1310 831 1354 iam
851 1310 943 1354 sint
967 1309 1136 1365 secuti,
1163 1308 1243 1353 alii
1267 1309 1451 1365 aliquot
1474 1309 1705 1354 Patribus
1737 1308 1918 1354 nostris

305 1388 649 1434 confiteantur.

361 1466 403 1509 4.
470 1464 597 1520 Quin
631 1472 678 1508 et
701 1463 793 1507 hoc
817 1462 1008 1507 silentio
1033 1462 1378 1506 inuoluendum
1404 1462 1600 1507 minime
1624 1470 1740 1518 puto
1764 1463 1912 1519 quod,

306 1557 416 1586 cum
440 1550 552 1585 ante
586 1546 865 1584 nostrorum
889 1538 1153 1583 aduentum
1188 1553 1382 1583 annuae
1416 1539 1657 1584 duntaxat
1690 1538 1736 1583 in
1769 1554 1916 1584 sacra

306 1616 607 1673 philosophia
641 1625 802 1660 essent
825 1615 1195 1671 disputationes,
1222 1624 1506 1660 nostrorum
1541 1630 1693 1671 opera
1717 1624 1765 1660 et
1789 1607 1918 1661 men-¹

308 1704 473 1738 struas
507 1701 553 1738 et
586 1691 998 1737 hebdomadarias
1031 1707 1139 1736 esse
1173 1691 1434 1748 institutas;
1461 1691 1549 1736 has
1574 1691 1766 1748 quidem
1790 1692 1917 1737 inter

308 1770 615 1825 theologicae
639 1768 901 1813 facultates
926 1768 1168 1813 studiosos
1208 1777 1413 1824 tantum,
1449 1768 1519 1813 sic
1551 1778 1717 1813 tamen
1751 1777 1804 1813 ut
1837 1768 1917 1813 alii

305 1846 553 1903 pugnandi
590 1846 718 1890 auidi
754 1847 815 1890 ab
854 1846 948 1890 hoc
981 1845 1252 1890 certamine
1291 1861 1386 1889 non
1426 1846 1768 1901 excludantur3
1812 1845 1918 1890 illas

307 1937 425 1967 uero
461 1923 718 1978 solemneS,
755 1931 922 1977 utpote
957 1937 1078 1977 quas
1112 1922 1261 1966 totius
1285 1914 1572 1967 academiae
1596 1922 1918 1978 magistratus

307 1998 587 2053 praesentia
610 2014 699 2043 sua
718 1998 1056 2043 condecorare
1080 1998 1280 2043 assolet.

360 2075 400 2119 5.
465 2074 621 2119 Porro
645 2075 773 2131 quod
798 2074 856 2118 R.
885 2074 938 2119 P.
967 2073 1196 2119 Canisius
1230 2075 1338 2120 ocio
1361 2075 1636 2131 pernicioso
1659 2075 1720 2120 sit
1745 2075 1916 2120 aduer-

303 2149 537 2206 sissimus,
560 2166 653 2195 non
679 2152 820 2195 modo
845 2151 947 2206 ipse
972 2150 1018 2195 in
1042 2151 1269 2196 maximis
1293 2161 1341 2196 et
1364 2151 1532 2196 arduis
1555 2152 1702 2197 rebus
1720 2152 1918 2197 assiduo

303 2235 595 2282 occupatum
629 2242 680 2271 se
704 2236 851 2281 tenet,
881 2227 965 2271 sed
989 2236 1036 2271 et
1070 2227 1192 2283 aliis,
1219 2243 1279 2272 ne
1304 2227 1415 2283 quid
1446 2228 1573 2284 quod
1598 2237 1751 2284 agant
1775 2228 1915 2285 desit,

303 2303 471 2347 sedulo
506 2303 743 2358 prouidet.
783 2303 1119 2359 Quamobrem
1154 2304 1266 2349 licet
1305 2305 1524 2361 plerique
1559 2320 1744 2362 omnes,
1781 2315 1832 2350 ut
1856 2321 1919 2350 ex

305 2379 376 2423 his
400 2394 525 2434 quae
550 2379 644 2423 iam
669 2380 967 2436 scripsimus,
995 2390 1042 2425 et
1075 2381 1198 2425 alias
1223 2381 1560 2438 indicauimus,
1597 2397 1741 2438 quam
1775 2397 1917 2427 occu-

305 2455 540 2510 patissimi
565 2465 865 2511 tenerentur,
892 2457 1045 2501 uoluit
1063 2466 1227 2502 tamen
1245 2457 1393 2503 nihilo
1416 2458 1577 2503 secius
1595 2473 1621 2503 e
1639 2468 1741 2503 toto
1760 2473 1919 2515 grege

307 2540 517 2586 quatuor
536 2532 769 2586 delectos,
788 2532 867 2587 qui
886 2532 1024 2578 festis
1042 2542 1089 2578 et
1108 2534 1362 2579 dominicis
1380 2534 1550 2580 diebus
1570 2534 1917 2580 concionaren-

306 2616 400 2662 tur,
428 2618 477 2652 et
505 2608 643 2653 binos
677 2609 867 2664 quidem
893 2610 1054 2666 latine,
1081 2610 1220 2656 binos
1253 2627 1374 2656 uero
1407 2612 1708 2669 germanice,
1746 2627 1919 2657 munus

307 2683 398 2728 hoc
437 2685 573 2729 obire
607 2685 824 2731 instituit.
862 2685 970 2742 Ipse
993 2687 1139 2732 etiam
1174 2688 1220 2732 in
1254 2688 1463 2733 comitiis
1498 2689 1918 2734 ratisbonensibus

311 2757 548 2804 inchoatis
572 2760 809 2806 duntaxat
841 2762 1001 2819 (quod
1031 2763 1104 2808 illi
1133 2763 1259 2809 inter
1291 2764 1550 2821 theologos
1588 2769 1828 2822 quotquot
1854 2765 1918 2810 ibi

309 2836 475 2880 coacti
496 2841 643 2881 erant
664 2844 698 2889 ³,
726 2838 928 2895 primae,
955 2840 1169 2885 omnium
1192 2856 1315 2886 uoce
1348 2851 1396 2887 et
1429 2856 1688 2898 consenSU,
1724 2841 1918 2887 delatae

356 3082 373 3102 a
417 3088 506 3112 cum
525 3077 562 3113 ei
580 3078 685 3113 inter
703 3078 910 3125 theologos
930 3080 984 3117 ibi
1002 3088 1172 3118 coactos.
