2051 3516
354 293 379 331 8
817 291 1034 328 LITTERAE
1060 292 1413 335 QUADRIMESTREs

309 389 543 436 scientiae
566 403 712 434 casus
745 396 1030 444 exponeret,
1058 386 1135 442 qui
1160 394 1306 431 antea
1329 400 1359 430 a
1382 384 1532 430 Patre
1557 384 1729 430 Marco
1763 383 1937 430 Geor»

309 467 410 524 gio,
437 466 515 523 qui
539 464 906 511 Conimbricam
930 471 1194 509 reuocatus
1228 470 1316 517 est,
1344 462 1719 517 exponebantur
1742 462 1773 506 ¹.
1803 460 1941 505 Eius.

310 543 552 588 aduentus
584 556 675 586 nos
706 555 1018 595 summopere
1053 537 1317 583 recreauit.
1354 536 1400 582 Is
1434 551 1559 594 ergo
1592 546 1703 593 post
1735 552 1920 593 paucos

311 618 412 664 dies
445 618 689 674 frequenti
725 615 970 662 auditorio
1005 630 1208 660 casuum
1239 613 1595 670 expositionem
1618 622 1693 659 est
1715 628 1920 670 aggres-

262 723 265 728 ·
312 710 408 749 sus,
445 694 660 739 maxima
684 708 873 747 eorum,
901 691 980 750 qui
1004 690 1224 747 audiunt,
1251 690 1625 747 approbatione.
1653 689 1749 745 Qui
1773 689 1940 735 etiam.

311 771 613 828 singularem
637 770 738 816 eius
763 769 809 814 in
833 784 892 814 ea
922 767 1159 812 facultate
1177 766 1452 812 doctrinam
1476 775 1523 811 et
1557 766 1808 811 scientiam
1843 767 1922 811 ad-

311 847 571 903 mirantur,
593 846 806 891 maxime
826 859 935 889 cum
961 843 1311 900 quaerentibus
1334 853 1435 888 tam
1461 843 1603 888 docte
1627 851 1676 887 et
1698 843 1915 887 enuclea-

311 933 359 969 te
382 923 514 968 illum
539 922 838 978 respondere
858 919 1039 965 uident.
1068 919 1237 976 Quare
1260 919 1546 976 frequentes
1570 919 1763 974 adsunt,
1790 918 1923 963 illum

311 1000 636 1045 attentissime
675 998 893 1053 audiunt,
936 1005 985 1042 et
1023 995 1331 1052 perstudiose
1371 996 1532 1041 multis
1571 996 1629 1041 de
1662 996 1810 1040 rebus
1849 1007 1922 1040 ro*

311 1086 446 1134 gant3
474 1093 535 1121 ex
558 1076 694 1121 cuius
719 1074 873 1119 doctis
893 1072 1144 1129 responsis
1160 1077 1181 1098 ἃ
1199 1072 1488 1129 eruditaque
1507 1087 1711 1118 casuum
1735 1071 1923 1128 exposi-

310 1153 441 1198 tione
463 1167 695 1209 magnum
720 1166 837 1196 sane
856 1150 1055 1206 capiunt
1073 1148 1304 1194 fructum.

370 1229 410 1274 2.
477 1229 564 1273 Illo
588 1237 750 1273 autern
781 1241 946 1271 mense
980 1236 1027 1271 et
1061 1236 1202 1282 parte
1237 1226 1504 1283 superioris
1537 1234 1740 1281 propter
1773 1225 1924 1270 maxi-

313 1321 418 1350 mos
441 1307 650 1360 calores,
677 1314 778 1348 tum
803 1303 951 1348 etiam
976 1303 1089 1359 quia
1112 1303 1246 1348 multi
1270 1312 1614 1359 aegrotarunt,
1637 1302 1926 1348 uacationes

311 1383 358 1428 in
379 1381 695 1427 humanitatis
718 1380 896 1425 scholis
915 1379 1128 1425 fuerunt.
1161 1379 1349 1424 Verum
1374 1379 1476 1425 dies
1500 1380 1686 1436 aliquot
1708 1389 1823 1425 ante
1847 1395 1924 1424 ca-

311 1458 480 1504 lendas
504 1457 752 1510 Octobris,
780 1457 928 1501 Pater
952 1456 1056 1502 Leo
1081 1456 1242 1501 studia
1266 1472 1510 1501 reuocare
1533 1456 1708 1513 coepit,
1736 1466 1788 1502 ut
1812 1467 1925 1503 ante

314 1550 529 1580 mensem
555 1533 823 1580 Octobrem
850 1533 1071 1589 discipuli
1095 1533 1366 1578 examinari
1390 1542 1604 1589 possent.
1632 1533 1778 1590 Quod
1807 1534 1874 1579 ita
1898 1549 1927 1579 a

315 1611 565 1668 magistris
589 1610 772 1656 factum
797 1619 885 1655 est.
919 1609 1013 1654 Die
1046 1625 1166 1654 uero
1200 1609 1303 1665 ipso
1338 1610 1430 1654 cal.
1468 1609 1580 1655 Oct.
1618 1618 1668 1655 ut
1700 1610 1926 1667 gimnasii

313 1688 468 1733 nostri
498 1687 767 1732 institutum
797 1686 1096 1742 postulabat,
1129 1701 1158 1730 a
1188 1685 1345 1731 fratre
1370 1685 1697 1742 Conspaeano
1760 1687 1927 1732 habita

314 1764 474 1810 oratio
499 1773 586 1817 est,
615 1765 687 1809 cui
714 1762 934 1808 interfuit
957 1778 1141 1818 magna
1164 1763 1387 1808 uirorum
1418 1772 1465 1808 et
1499 1763 1730 1809 nobilium
1765 1772 1812 1809 et
1846 1764 1926 1809 do-

316 1850 504 1886 ctorum
540 1840 813 1885 multitudo.
841 1839 974 1884 Inter
999 1854 1122 1896 quos
1145 1839 1320 1885 aderat
1344 1839 1383 1884 is
1407 1840 1501 1896 qui,
1529 1840 1746 1896 principe
1769 1841 1926 1886 cardi-

315 1918 412 1962 nali
451 1918 669 1973 absente‚
712 1916 859 1972 ipsius
892 1915 997 1961 fere
1032 1916 1217 1961 obtinet
1242 1917 1418 1973 locum,
1446 1932 1588 1973 quem
1622 1918 1928 1974 prouisorem

316 1993 517 2038 dicimus
541 1993 572 2049 ³,
600 2008 709 2038 cum
735 1993 898 2037 multis
923 1992 1030 2037 aliis
1054 1992 1302 2037 canonicis
1326 2001 1373 2038 et
1407 1993 1761 2039 sacerdotibus.
1798 1994 1927 2039 Ade-

316 2079 427 2114 rant
470 2078 733 2124 praeterea
777 2069 1001 2113 monachi
1046 2068 1337 2113 dominicani
1377 2078 1424 2114 et
1463 2070 1810 2125 augustiniani.
1855 2071 1928 2117 Ea

363 2264 382 2283 ³
434 2267 668 2300 correctmn
690 2275 738 2299 ex
757 2263 1092 2309 responsionibus.

366 2437 375 2455 ¹
431 2433 555 2479 «Quia
578 2433 622 2469 P.
651 2433 812 2469 Marcus
839 2432 1042 2479 Georgius
1068 2433 1107 2468 in
1134 2432 1410 2470 Universitate
1438 2433 1755 2473 Conimbricensi
1783 2451 1929 2485 magno

318 2494 357 2530 in
376 2492 503 2540 pretio
522 2491 625 2538 quod
644 2492 693 2527 ad
712 2491 1001 2537 philosophiam
1022 2491 1165 2527 attinet
1192 2492 1423 2535 haberetur;
1452 2493 1539 2529 ideo
1566 2494 1669 2531 bona
1695 2507 1783 2532 curn
1812 2499 1929 2535 venia

320 2551 567 2592 cardinalis,
600 2550 735 2587 Ebora
766 2550 1063 2587 Conimbricam
1095 2552 1313 2587 translatus
1345 2558 1421 2595 est,
1455 2558 1497 2589 ut
1531 2554 1604 2590 hoc
1634 2567 1738 2591 anno
1769 2568 1928 2595 cursum

319 2612 465 2648 artium
484 2610 724 2646 inchoaret.»
746 2609 976 2649 POLANCUS.
996 2611 1068 2647 loc.
1090 2610 1170 2653 cit„
1192 2610 1264 2651 VI,
1285 2611 1364 2648 751.

366 2671 377 2689 2
424 2669 600 2716 joannes
620 2668 894 2715 Conspeanus.
918 2668 980 2705 Cf.
1003 2668 1245 2713 POLANCUM,
1268 2670 1375 2714 ibid.,
1402 2669 1469 2714 VI,
1491 2671 1570 2708 730.

366 2729 377 2749 ³
428 2727 615 2764 Provisor
633 2727 720 2773 iste,
742 2728 780 2762 in
800 2727 1070 2764 Monumentis
1090 2733 1181 2764 ante
1202 2729 1273 2765 hoc
1292 2734 1450 2775 tempus
1468 2743 1491 2765 a
1509 2730 1622 2767 nobis
1646 2731 1773 2777 editis,
1802 2733 1929 2772 dictus

321 2792 380 2824 est
398 2786 578 2827 subinde,
600 2786 703 2821 idem
724 2798 811 2821 esse
831 2786 897 2831 qui
917 2786 1124 2833 episcopus
1143 2788 1355 2833 targensis,
1377 2787 1660 2834 suffraganeus
1683 2791 1749 2826 vel
1773 2793 1930 2840 coadju-

320 2853 382 2883 tor
411 2845 621 2881 cardinalis
652 2844 830 2889 Henrici,
865 2844 1105 2882 Emmanuel
1137 2845 1318 2883 Sanchez
1346 2848 1411 2883 vel
1443 2847 1571 2892 potius
1603 2847 1761 2886 santos.
1791 2851 1926 2896 Epist.

322 2903 569 2951 Quadrima,
590 2903 661 2944 IV,
686 2903 763 2944 154,
786 2909 824 2939 et
842 2903 1071 2945 POLANCUs,
1098 2905 1264 2948 Clzron„
1285 2905 1357 2945 VI.
1379 2905 1458 2950 730,
1480 2912 1613 2943 annot.
1644 2907 1675 2952 1;
1704 2908 1773 2944 sed
1800 2910 1930 2947 obstat

323 2964 433 2999 locus
451 2962 513 2998 hic
533 2962 615 3008 ipse
635 2962 812 3006 Polanci,
834 2963 942 2998 locus
962 2964 1079 3009 paulo
1099 2962 1262 3000 inferior
1280 2964 1319 3000 in
1337 2965 1411 3000 hac
1430 2965 1611 3011 epistola,
1633 2971 1672 3002 et
1689 2979 1781 3013 pag.
1806 2968 1872 3005 155
1889 2970 1929 3006 in

324 3021 460 3068 Epist.
489 3020 735 3070 Quadrim„
764 3020 836 3062 IV,
867 3022 932 3057 ubi
959 3022 1139 3067 provisor
1165 3035 1234 3058 seu
1263 3023 1434 3059 vicarius
1461 3024 1510 3060 ab
1538 3023 1721 3070 episcopo
1750 3029 1930 3073 targensi

324 3080 592 3126 distinguitur.
