2051 3516
364 334 411 371 86
831 336 1049 373 LITTERAE
1076 337 1433 382 QUADRnuESTRES

312 430 359 474 1ὸ
384 431 396 454 ¹
422 441 469 475 et
502 430 772 487 Antonino,
809 432 841 477 il
874 433 1019 488 quale
1055 432 1275 477 anchora
1309 432 1438 477 tiene
1473 448 1594 478 cura
1628 432 1756 478 della
1788 433 1947 489 prima

312 506 498 552 schola.

370 582 411 627 2.
479 580 668 639 Queste
690 583 816 629 feste
840 584 970 629 della
1000 583 1355 630 circoncisione
1390 593 1438 629 et
1471 585 1748 642 epiphania,
1785 601 1940 631 sonno

311 666 441 704 state
473 659 770 705 confessioni
801 660 861 705 de
892 661 1042 705 molte
1065 675 1276 716 persone
1301 661 1389 706 che
1414 675 1511 705 non
1534 660 1729 706 s'erano
1753 661 1942 707 confes-

310 734 402 780 sati
428 750 517 791 per
540 735 588 780 la
611 735 740 781 festa
765 737 824 781 de
849 737 1017 781 natale
1042 746 1090 781 et
1113 737 1172 782 de
1196 738 1323 782 altre
1357 737 1447 782 che
1481 752 1569 792 per
1602 753 1654 782 se
1688 737 1945 783 confessar

310 811 408 856 allo
431 826 617 867 spesso,
645 812 683 857 si
707 812 1029 858 confessorno
1054 813 1274 859 anchora
1299 822 1469 870 queste
1489 814 1778 870 sopradette
1796 814 1939 864 feste.

366 887 409 933 3.
476 887 591 934 S'ha
615 888 900 934 confessato
926 890 968 934 le
994 890 1283 935 domeniche
1318 899 1366 935 et
1400 890 1575 934 alcune
1608 889 1749 945 feste,
1787 900 1836 936 et
1869 891 1939 936 c’e

310 973 440 1010 stato
474 964 722 1010 mediocre
752 979 996 1010 concorso
1027 965 1138 1011 delli
1163 965 1395 1021 auditori,
1422 975 1470 1010 et
1494 966 1717 1011 anchora
1740 966 1942 1012 s’hanno

310 1041 596 1087 confessato
622 1041 756 1086 molti
788 1042 903 1098 ogni
938 1042 1209 1088 domenica.
1249 1040 1419 1088 Siamo
1454 1043 1676 1087 anchora
1710 1043 1877 1088 andati
1912 1058 1942 1088 a

310 1118 567 1164 confessar
600 1119 667 1174 gli
702 1118 993 1175 prigioneri,
1030 1129 1079 1164 et
1112 1134 1200 1175 per
1234 1119 1401 1176 gratia
1437 1120 1511 1164 del
1546 1118 1760 1176 Signore
1794 1135 1846 1165 se
1880 1135 1940 1165 ne

308 1195 471 1240 hanno
505 1195 789 1240 confessato
823 1195 984 1241 alcuni
1016 1195 1061 1241 di
1092 1197 1216 1253 loro,
1251 1206 1298 1242 et
1323 1196 1548 1241 anchora
1571 1211 1660 1252 per
1684 1195 1939 1252 agiuttarli

308 1273 386 1317 nel
410 1272 660 1328 corporal,
697 1272 853 1316 siamo
887 1272 973 1317 iuti
1007 1272 1038 1317 il
1071 1273 1282 1318 sabbato
1316 1287 1404 1328 per
1439 1273 1485 1316 la
1519 1282 1657 1317 terra
1691 1272 1940 1318 cercando

309 1348 578 1394 elemosina
603 1364 695 1394 con
719 1349 786 1405 gli
810 1348 945 1393 sachi
970 1348 1015 1394 in
1040 1349 1183 1403 collo,
1211 1358 1259 1394 et
1282 1349 1592 1405 portatosila,
1614 1364 1707 1394 con
1727 1349 1774 1393 la
1793 1349 1938 1405 quale
2000 1351 2004 1355 “

308 1440 360 1471 se
384 1440 443 1470 ne
466 1440 622 1470 sonno
648 1425 797 1470 molto
821 1425 1060 1470 consolati
1086 1435 1133 1471 et
1158 1426 1388 1471 recreati.

367 1502 409 1546 4.
476 1499 558 1546 Gli
588 1501 803 1546 scholari
833 1502 983 1546 fanno
1017 1501 1216 1558 profitto
1250 1503 1376 1547 nelle
1410 1502 1586 1547 lettere
1619 1510 1667 1546 et
1701 1502 1827 1547 bone
1862 1517 1937 1547 co-

308 1578 469 1634 stumi,
497 1578 564 1634 gli
589 1578 719 1634 quali
738 1593 895 1623 sonno
915 1578 961 1623 in
981 1594 1187 1624 numero
1206 1579 1264 1624 90
1282 1580 1360 1624 vel
1380 1579 1515 1624 circa
1534 1587 1695 1635 cento,
1717 1578 1785 1635 gli
1806 1579 1937 1634 quali

309 1669 404 1699 non
428 1669 584 1699 sonno
608 1654 841 1710 continui,
869 1663 916 1699 et
940 1670 1028 1710 per
1053 1655 1130 1700 cio
1154 1670 1249 1699 non
1274 1655 1311 1699 si
1342 1658 1440 1711 puo
1476 1655 1567 1699 ben
1603 1669 1872 1700 conoscere
1906 1654 1938 1699 il

308 1746 512 1776 numero
537 1731 658 1775 loro.

398 1807 494 1852 Per
518 1816 693 1863 questa
716 1822 811 1852 non
836 1808 981 1865 altro,
1009 1823 1061 1853 se
1084 1823 1180 1852 non
1212 1807 1620 1853 raccomandarsi
1655 1807 1807 1852 molto
1841 1807 1936 1852 nel-

309 1884 351 1929 le
375 1892 517 1929 sante
541 1883 755 1928 orationi
780 1884 838 1928 de
862 1883 928 1928 V.
958 1883 1017 1928 R.
1045 1893 1093 1928 et
1118 1884 1176 1929 de
1200 1884 1309 1929 tutti
1334 1884 1401 1941 gli
1427 1883 1536 1928 Rdi.
1568 1883 1634 1929 P}
1658 1893 1706 1928 et
1735 1883 1933 1929 fratelli.

307 1960 370 2005 Di
394 1960 636 2016 Monreal,
664 1959 835 2005 vltimo
861 1960 906 2005 di
931 1959 1152 2006 Gienaro
1181 1961 1307 2006 1557.

398 2037 494 2083 Per
518 2037 687 2082 ordine
712 2037 789 2082 del
813 2036 889 2082 Re
916 2037 992 2096 Jo.
1016 2038 1217 2083 Rubies.
1246 2037 1321 2082 De
1346 2037 1412 2083 V.
1440 2037 1499 2081 R.
1524 2052 1670 2082 seruo
1695 2037 1740 2082 in
1766 2036 1874 2094 X.⁰,

1415 2130 1588 2176 SANTA
1623 2130 1813 2176 CROCE.

397 2238 685 2294 Inscriptio.
722 2242 750 2289 -ι-
784 2237 849 2282 ΑΙ
873 2239 1024 2282 molto
1048 2238 1173 2283 Rdo.
1202 2239 1248 2283 in
1273 2238 1364 2283 X0⁰
1388 2238 1467 2283 Re
1488 2238 1518 2283 il
1543 2237 1614 2282 Re
1646 2237 1767 2282 Mro.
1790 2237 1934 2296 Jaco-

308 2317 370 2360 bo
399 2315 618 2371 Laynez,
654 2313 844 2359 vicario
879 2315 1117 2370 generale
1153 2315 1279 2360 della
1310 2314 1624 2370 Compagnia
1660 2315 1718 2359 de
1751 2314 1871 2373 Jesu
1905 2329 1934 2359 a

308 2392 484 2437 Roma.

396 2469 514 2513 Alsa
538 2483 754 2515 manu...
783 2469 929 2514 Ric.ta
953 2470 1003 2513 17
1028 2469 1211 2514 Martii.

357 2647 365 2665 ¹
418 2646 461 2682 In
493 2646 774 2683 informatione
806 2646 973 2682 rectoris
1008 2646 1276 2692 panormitani
1310 2657 1432 2692 supra
1467 2645 1589 2681 citata
1623 2649 1859 2681 recensetur
1892 2643 1943 2680 in=

307 2705 448 2740 incolis
463 2705 625 2751 collegii
645 2705 951 2751 Montisregalis
970 2703 1112 2740 Nicolo
1132 2705 1228 2740 delli
1247 2703 1383 2749 Greci,
1405 2704 1533 2740 socius
1553 2703 1774 2751 coadjutor.
