2051 3516
577 305 818 342 5.-PRAGA
843 315 967 342 INITIO
993 315 1091 341 ANNI
1120 305 1209 341 1557
1612 307 1654 343 31

140 400 206 446 19.
274 399 450 445 Altero
475 399 551 445 die
585 400 714 445 alter
749 400 985 445 bohemus
1019 400 1075 445 24
1108 415 1368 457 annorum,
1406 401 1564 446 latine
1599 402 1703 458 qui-

77 478 192 522 dem
225 477 356 523 satis
389 478 626 535 ignarus,
658 478 752 523 sed
782 477 901 522 aliis
933 477 1110 523 multis
1143 480 1195 522 z'u
1234 477 1386 523 rebus
1423 478 1703 534 expertissi-

77 570 200 609 mus,
227 555 526 612 chyrurgus,
549 555 628 611 qui
653 556 714 600 ob
738 554 859 611 eius,
876 554 1015 611 artis,
1043 555 1191 599 cuius
1213 558 1290 599 est
1311 563 1567 611 promotus
1590 561 1607 581 ἃ
1623 556 1703 600 do-

72 641 199 687 ctor,
223 631 466 689 peritiam,
490 631 704 676 maxime
723 641 796 676 est
815 632 946 688 apud
962 632 1175 677 barones
1195 631 1528 689 authoritatiS,
1551 647 1603 677 se
1622 648 1704 678 no-

77 708 150 754 bis
174 709 412 753 adiunxit.
439 708 582 754 Dum
608 722 728 753 uero
753 708 1160 766 quadrz‘nzestres
1187 709 1368 766 scribo,
1395 719 1636 755 uenerunt
1659 715 1707 755 et

75 785 137 830 ad
161 784 463 830 Societatem
488 793 711 830 nostram
735 785 754 812 ¹³
776 785 993 842 insignes
1018 785 1362 831 adolescentes
1386 786 1487 831 duo
1506 801 1703 843 germa-

74 862 136 919 ni,
174 878 381 918 quorum
418 872 623 918 uterque
657 861 851 918 quidem
885 877 974 918 pro
1009 871 1174 908 aetate
1209 862 1401 919 doctus,
1434 863 1519 908 sed
1544 864 1703 909 altero

75 940 203 984 alter
227 940 402 996 magis,
431 939 468 984 is
493 954 668 996 nempe
703 939 792 996 qui
823 939 1062 995 perdocta
1096 940 1323 985 oratione
1356 940 1417 985 R.
1454 940 1508 986 P.
1545 950 1703 987 recto-

74 1032 178 1061 rem
213 1032 504 1073 aggressus,
541 1031 682 1061 suam
717 1015 936 1072 sociique
970 1031 1177 1062 causam
1211 1017 1280 1061 sic
1314 1017 1432 1075 egit,
1469 1027 1520 1063 ut
1555 1018 1703 1064 etiam

73 1093 355 1149 obtinuerit,
383 1094 520 1151 quoa'
541 1094 670 1150 ispsis
688 1093 1031 1151 gratulamur
1056 1100 1087 1139 0.
1116 1094 1278 1153 judex
1303 1095 1579 1152 pragensis,
1607 1112 1703 1140 non

73 1171 230 1216 minus
255 1171 519 1216 uirtutibus
545 1185 692 1227 quam
716 1186 901 1227 genere
925 1171 1115 1224 nobilis,
1139 1170 1289 1217 filium
1315 1187 1457 1217 suum
1477 1182 1525 1217 et
1544 1188 1606 1218 ex
1625 1188 1701 1218 so·

73 1263 186 1292 rore
210 1257 438 1304 nepotem
463 1257 664 1293 nostrae
689 1247 799 1294 fidei
825 1249 933 1294 iauz
956 1248 1242 1294 commissit.
1270 1249 1452 1294 Multos
1477 1249 1495 1275 ‘¹
1514 1249 1702 1296 nobiles

72 1325 134 1370 ad
168 1340 257 1370 nos
289 1325 433 1370 mittit
465 1326 589 1370 baro
624 1325 718 1381 ille,
758 1325 836 1382 qui
871 1326 992 1371 duos
1016 1326 1094 1371 hic
1118 1325 1241 1371 filios
1265 1326 1430 1372 habet.
1458 1327 1701 1383 Nepotem

72 1402 220 1447 etiam
252 1418 393 1447 suum
422 1402 556 1447 serio
581 1416 641 1446 ac?
665 1402 876 1447 assidue
901 1403 953 1447 in
978 1403 1316 1448 consucta-em
1340 1404 1655 1449 commendat
1687 1411 1703 1431 e

73 1479 313 1524 sacerdos
337 1479 419 1524 ille
444 1478 453 1505 f
486 1479 691 1535 hussita,
719 1480 913 1525 nomine
938 1479 1129 1535 Gallus,
1158 1481 1236 1537 qui
1262 1481 1477 1538 quotidie
1502 1497 1530 1527 a
1550 1481 1701 1528 Patre

74 1556 293 1602 Henrico
327 1555 697 1601 cathechisatur
729 1557 895 1602 uerbis
928 1557 1156 1602 ueritatis
1190 1559 1320 1603 salse
1355 1567 1403 1603 et
1434 1559 1701 1615 prudenter

74 1634 413 1679 condientibus
439 1633 694 1690 insipidam
722 1634 930 1680 hominis
955 1644 1184 1689 mentem,
1213 1636 1291 1692 qui
1321 1645 1486 1681 tamen
1520 1637 1566 1682 in
1601 1638 1701 1683 suis

74 1711 267 1767 templis
291 1726 406 1756 suos
431 1711 527 1756 iam
558 1712 786 1757 hortatur
816 1712 879 1757 ad
909 1712 1289 1770 confessionem,
1322 1713 1492 1759 scribit
1525 1724 1701 1760 contra

72 1788 360 1833 lutheranos
398 1804 457 1834 ea
497 1804 624 1845 quae
663 1804 724 1834 ex
764 1789 1020 1834 catholicis
1060 1790 1346 1836 doctoribus
1386 1791 1567 1848 didicit,
1615 1793 1700 1838 sed

71 1865 186 1911 dicit
209 1881 262 1911 se
286 1865 434 1911 filium
460 1876 888 1922 compactatorum
912 1874 948 1921 g,
977 1883 1066 1913 nec
1091 1883 1236 1924 posse
1267 1869 1547 1926 relinquere
1572 1870 1699 1916 hunc

70 1958 209 1987 usum
234 1943 624 1988 communicandi
649 1944 778 1988 laico
803 1948 852 1988 et
873 1958 974 1989 uon
999 1945 1396 2003 conficientibus,
1432 1946 1525 1992 sub
1561 1952 1697 1993 utra-

70 2033 181 2076 que,
223 2019 312 2064 nisi
352 2020 748 2077 indulgentiam,
791 2021 1010 2066 bohemis
1050 2021 1289 2067 indultam
1323 2023 1474 2068 semel
1509 2023 1526 2049 ¹¹
1560 2039 1589 2069 a
1623 2040 1697 2070 ro-

70 2112 215 2141 mano
251 2095 478 2152 pontifice
514 2098 544 2147 1,
582 2097 747 2142 uideat
782 2097 1065 2143 authentice
1106 2108 1400 2144 reuocatam
1435 2099 1460 2145 i.
1497 2100 1549 2145 ln
1589 2116 1696 2146 coe-

68 2173 189 2218 teris
212 2173 482 2219 catholicus
508 2183 555 2219 et
578 2174 862 2231 theologiae
894 2190 1073 2220 sacrae
1108 2175 1185 2221 hic
1218 2177 1444 2223 assiduus
1478 2178 1691 2234 auditor,

69 2259 117 2295 et
140 2250 186 2294 in
210 2250 407 2308 reliquis
427 2251 649 2296 omnibus
674 2261 873 2296 amator
892 2252 1119 2298 ueritatis
1138 2263 1186 2299 et
1205 2269 1389 2310 praeco
1410 2255 1632 2311 publicus
1668 2254 1691 2299 1'.

73 2326 180 2371 Sed
209 2328 399 2383 populo
434 2341 533 2373 nou
568 2327 845 2383 dissuadet
870 2329 948 2374 uti
979 2334 1196 2387 utraque
1232 2332 1417 2387 specie.
1459 2332 1613 2376 Ηῑιηε
1652 2336 1699 2376 et

73 2404 283 2459 similes,
312 2404 632 2461 infirmitatis
649 2419 777 2450 suae
795 2406 909 2451 licet
925 2407 1155 2452 maxime
1174 2408 1406 2465 ignaros,
1429 2408 1493 2454 R.
1516 2409 1576 2454 P.
1600 2408 1695 2466 [M]

121 2569 137 2589 a
158 2563 198 2598 in
225 2575 305 2609 qua
335 2568 540 2609 promotus
572 2569 644 2599 est.
700 2563 765 2590 -b
793 2569 970 2600 nostram
1002 2570 1041 2601 et
1072 2565 1162 2601 duo⁴
1217 2573 1278 2593 —c
1300 2572 1340 2601 vt
1371 2566 1692 2603 admitterentur.

71 2622 135 2648 —d
164 2621 315 2658 Multos
341 2622 476 2658 etiam.
530 2629 593 2649 —e
626 2624 936 2660 commendauit.
991 2624 1048 2651 —f
1076 2626 1263 2661 sacerdos
1291 2626 1464 2672 quidam.
1519 2634 1583 2660 “g
1613 2625 1695 2670 (Sic

72 2686 216 2718 vocant
237 2694 319 2725 eos,
339 2683 406 2728 qui
426 2683 532 2718 malo
552 2688 666 2729 pacto
686 2695 728 2719 se
749 2683 1051 2720 obstrinxerunt
1079 2684 1397 2721 communicandi
1425 2685 1496 2721 sub
1526 2691 1695 2733 vtraque

74 2741 223 2787 specie)
245 2741 349 2778 add.
372 2741 465 2778 Pol.
489 2743 533 2778 in
556 2752 693 2788 marg.
747 2742 813 2769 —h
833 2743 938 2789 quod
956 2743 1136 2780 bohemis
1156 2744 1353 2780 indultum
1372 2746 1498 2781 semel
1526 2750 1597 2782 est.
1651 2766 1696 2771 —

71 2799 79 2826 i
110 2806 357 2837 reuocatum.
413 2799 466 2833 -ί
505 2801 687 2848 publicus
707 2807 780 2838 est.

120 2938 126 2956 ¹
181 2936 290 2973 Usus
308 2937 598 2974 communionis
617 2939 689 2974 sub
708 2944 881 2986 utraque
900 2939 1033 2986 specie
1053 2939 1271 2986 permissus
1291 2938 1422 2976 fuerat
1448 2941 1561 2977 laicis
1576 2941 1693 2978 bohe-

69 2996 142 3032 mis
161 3009 265 3032 anno
287 2997 375 3032 1437
394 3010 417 3032 a
436 2997 604 3033 concilio
623 2998 854 3043 basileensi,
875 2999 948 3035 sub
968 2999 1088 3034 certis
1108 3004 1244 3034 tamen
1262 2999 1572 3042 condicionibus,
1594 3014 1693 3048 quas

69 3054 126 3091 illi
146 3067 266 3102 saepe
286 3057 570 3102 neglexerunt.
589 3056 652 3093 Cf.
671 3056 1063 3100 HERGENROETHER,
1081 3057 1279 3094 Historia
1295 3057 1349 3094 de
1364 3059 1407 3094 la
1424 3058 1596 3105 Iglesia,
1618 3060 1690 3105 IV,

68 3126 105 3150 n.
127 3114 196 3150 304
213 3127 298 3161 sqq.
