<?xml version="1.0" encoding="UTF-8"?>
<!DOCTYPE html PUBLIC "-//W3C//DTD XHTML 1.0 Transitional//EN"
    "http://www.w3.org/TR/xhtml1/DTD/xhtml1-transitional.dtd">
<html xmlns="http://www.w3.org/1999/xhtml" xml:lang="en" lang="en">
 <head>
  <title>
</title>
<meta http-equiv="Content-Type" content="text/html;charset=utf-8" />
  <meta name='ocr-system' content='tesseract 3.04.00' />
  <meta name='ocr-capabilities' content='ocr_page ocr_carea ocr_par ocr_line ocrx_word'/>
</head>
<body>
  <div class='ocr_page' id='page_1' title='image "./litteraequadrime17lain_0749.png"; bbox 0 0 2051 3516; ppageno 0'>
   <div class='ocr_carea' id='block_1_1' title="bbox 644 301 1723 353">
    <p class='ocr_par' dir='ltr' id='par_1_1' title="bbox 644 301 1723 353">
     <span class='ocr_line' id='line_1_1' title="bbox 644 301 1723 353; baseline -0.004 -12"><span class='ocrx_word' id='word_1_1' title='bbox 644 304 965 341; x_wconf 58' lang='lat' dir='ltr'>176.-B1Ltomo</span> <span class='ocrx_word' id='word_1_2' title='bbox 991 304 1012 340; x_wconf 72' lang='lat'>4</span> <span class='ocrx_word' id='word_1_3' title='bbox 1035 304 1144 350; x_wconf 70' lang='lat' dir='ltr'>JUNJi</span> <span class='ocrx_word' id='word_1_4' title='bbox 1175 303 1265 339; x_wconf 73' lang='lat'>1558</span> <span class='ocrx_word' id='word_1_5' title='bbox 1614 340 1620 353; x_wconf 72' lang='lat'><em>.</em></span> <span class='ocrx_word' id='word_1_6' title='bbox 1654 301 1723 337; x_wconf 81' lang='lat'>713</span> 
     </span>
    </p>
   </div>
   <div class='ocr_carea' id='block_1_2' title="bbox 137 398 1826 3172">
    <p class='ocr_par' dir='ltr' id='par_1_2' title="bbox 139 398 1766 534">
     <span class='ocr_line' id='line_1_2' title="bbox 139 398 1766 457; baseline -0.002 -11"><span class='ocrx_word' id='word_1_7' title='bbox 139 417 244 447; x_wconf 80' lang='lat' dir='ltr'>xus.</span> <span class='ocrx_word' id='word_1_8' title='bbox 294 398 589 446; x_wconf 85' lang='lat' dir='ltr'>Scholastici</span> <span class='ocrx_word' id='word_1_9' title='bbox 636 400 832 457; x_wconf 89' lang='lat' dir='ltr'>pietatis</span> <span class='ocrx_word' id='word_1_10' title='bbox 876 399 1037 444; x_wconf 88' lang='lat' dir='ltr'>studio</span> <span class='ocrx_word' id='word_1_11' title='bbox 1082 399 1425 456; x_wconf 84' lang='lat' dir='ltr'>prouectiores</span> <span class='ocrx_word' id='word_1_12' title='bbox 1474 398 1766 444; x_wconf 77' lang='lat' dir='ltr'>dominicam</span> 
     </span>
     <span class='ocr_line' id='line_1_3' title="bbox 140 476 1538 534; baseline -0.001 -11"><span class='ocrx_word' id='word_1_13' title='bbox 140 493 362 524; x_wconf 87' lang='lat' dir='ltr'>mensam</span> <span class='ocrx_word' id='word_1_14' title='bbox 389 477 704 534; x_wconf 75' lang='lat' dir='ltr'>frequentant</span> <span class='ocrx_word' id='word_1_15' title='bbox 728 477 861 522; x_wconf 83' lang='lat' dir='ltr'>feriis</span> <span class='ocrx_word' id='word_1_16' title='bbox 886 477 1044 521; x_wconf 88' lang='lat' dir='ltr'>minus</span> <span class='ocrx_word' id='word_1_17' title='bbox 1068 476 1215 521; x_wconf 87' lang='lat' dir='ltr'>etiam</span> <span class='ocrx_word' id='word_1_18' title='bbox 1240 477 1538 522; x_wconf 79' lang='lat' dir='ltr'><strong>solennibus.</strong></span> 
     </span>
    </p>

    <p class='ocr_par' dir='ltr' id='par_1_3' title="bbox 137 553 1776 1698">
     <span class='ocr_line' id='line_1_4' title="bbox 195 553 1767 601; baseline -0.003 0"><span class='ocrx_word' id='word_1_19' title='bbox 195 555 238 601; x_wconf 81' lang='lat'>5.</span> <span class='ocrx_word' id='word_1_20' title='bbox 308 554 621 600; x_wconf 90' lang='lat' dir='ltr'>Infirmorum</span> <span class='ocrx_word' id='word_1_21' title='bbox 653 555 803 600; x_wconf 88' lang='lat' dir='ltr'>aedes</span> <span class='ocrx_word' id='word_1_22' title='bbox 827 554 1057 600; x_wconf 85' lang='lat' dir='ltr'>accersiti</span> <span class='ocrx_word' id='word_1_23' title='bbox 1082 553 1287 598; x_wconf 75' lang='lat' dir='ltr'>adimus</span> <span class='ocrx_word' id='word_1_24' title='bbox 1316 554 1670 599; x_wconf 88' lang='lat' dir='ltr'>Dissidentium</span> <span class='ocrx_word' id='word_1_25' title='bbox 1696 569 1767 598; x_wconf 90' lang='lat' dir='ltr'>re-</span> 
     </span>
     <span class='ocr_line' id='line_1_5' title="bbox 139 631 1769 689; baseline -0.001 -11"><span class='ocrx_word' id='word_1_26' title='bbox 139 632 471 678; x_wconf 80' lang='lat' dir='ltr'>conciliationi</span> <span class='ocrx_word' id='word_1_27' title='bbox 496 633 670 678; x_wconf 89' lang='lat' dir='ltr'>damus</span> <span class='ocrx_word' id='word_1_28' title='bbox 695 647 916 689; x_wconf 89' lang='lat' dir='ltr'>operam,</span> <span class='ocrx_word' id='word_1_29' title='bbox 945 640 993 677; x_wconf 90' lang='lat' dir='ltr'>et</span> <span class='ocrx_word' id='word_1_30' title='bbox 1017 647 1116 687; x_wconf 88' lang='lat' dir='ltr'>pax</span> <span class='ocrx_word' id='word_1_31' title='bbox 1138 631 1264 676; x_wconf 89' lang='lat' dir='ltr'>inter</span> <span class='ocrx_word' id='word_1_32' title='bbox 1285 632 1524 688; x_wconf 91' lang='lat' dir='ltr'>coniuges</span> <span class='ocrx_word' id='word_1_33' title='bbox 1542 647 1652 677; x_wconf 91' lang='lat' dir='ltr'>cum</span> <span class='ocrx_word' id='word_1_34' title='bbox 1670 631 1769 676; x_wconf 90' lang='lat' dir='ltr'>foe-</span> 
     </span>
     <span class='ocr_line' id='line_1_6' title="bbox 138 708 1769 768; baseline -0.001 -12"><span class='ocrx_word' id='word_1_35' title='bbox 138 727 260 756; x_wconf 88' lang='lat' dir='ltr'>nore</span> <span class='ocrx_word' id='word_1_36' title='bbox 287 710 535 756; x_wconf 81' lang='lat' dir='ltr'>amicitiae</span> <span class='ocrx_word' id='word_1_37' title='bbox 560 711 903 768; x_wconf 87' lang='lat' dir='ltr'>redintegrata</span> <span class='ocrx_word' id='word_1_38' title='bbox 928 718 1016 755; x_wconf 88' lang='lat' dir='ltr'>est.</span> <span class='ocrx_word' id='word_1_39' title='bbox 1045 709 1167 754; x_wconf 85' lang='lat' dir='ltr'>Dns.</span> <span class='ocrx_word' id='word_1_40' title='bbox 1195 708 1374 754; x_wconf 83' lang='lat' dir='ltr'>Petrus</span> <span class='ocrx_word' id='word_1_41' title='bbox 1406 709 1609 755; x_wconf 84' lang='lat' dir='ltr'>Canalis</span> <span class='ocrx_word' id='word_1_42' title='bbox 1633 709 1769 755; x_wconf 88' lang='lat' dir='ltr'>scho-</span> 
     </span>
     <span class='ocr_line' id='line_1_7' title="bbox 140 786 1769 841; baseline -0.001 -9"><span class='ocrx_word' id='word_1_43' title='bbox 140 787 327 834; x_wconf 90' lang='lat' dir='ltr'>lasticis</span> <span class='ocrx_word' id='word_1_44' title='bbox 352 796 425 832; x_wconf 90' lang='lat' dir='ltr'>est</span> <span class='ocrx_word' id='word_1_45' title='bbox 449 803 478 832; x_wconf 92' lang='lat' dir='ltr'>a</span> <span class='ocrx_word' id='word_1_46' title='bbox 502 787 914 841; x_wconf 90' lang='lat' dir='ltr'>confessionibus,</span> <span class='ocrx_word' id='word_1_47' title='bbox 942 795 989 832; x_wconf 88' lang='lat' dir='ltr'>et</span> <span class='ocrx_word' id='word_1_48' title='bbox 1007 786 1254 832; x_wconf 88' lang='lat' dir='ltr'>aduersae</span> <span class='ocrx_word' id='word_1_49' title='bbox 1274 787 1570 831; x_wconf 85' lang='lat' dir='ltr'>valetudinis</span> <span class='ocrx_word' id='word_1_50' title='bbox 1590 787 1769 832; x_wconf 89' lang='lat' dir='ltr'>incom-</span> 
     </span>
     <span class='ocr_line' id='line_1_8' title="bbox 140 863 1770 922; baseline -0.001 -12"><span class='ocrx_word' id='word_1_51' title='bbox 140 865 337 911; x_wconf 88' lang='lat' dir='ltr'>modum</span> <span class='ocrx_word' id='word_1_52' title='bbox 362 880 473 910; x_wconf 92' lang='lat' dir='ltr'>cum</span> <span class='ocrx_word' id='word_1_53' title='bbox 499 881 745 922; x_wconf 87' lang='lat' dir='ltr'>prospera</span> <span class='ocrx_word' id='word_1_54' title='bbox 770 864 1053 910; x_wconf 87' lang='lat' dir='ltr'>valetudine</span> <span class='ocrx_word' id='word_1_55' title='bbox 1078 864 1121 908; x_wconf 92' lang='lat' dir='ltr'>in</span> <span class='ocrx_word' id='word_1_56' title='bbox 1149 863 1242 909; x_wconf 92' lang='lat' dir='ltr'>hoc</span> <span class='ocrx_word' id='word_1_57' title='bbox 1265 869 1385 908; x_wconf 76' lang='lat' dir='ltr'>aere</span> <span class='ocrx_word' id='word_1_58' title='bbox 1414 879 1568 919; x_wconf 89' lang='lat' dir='ltr'>prope</span> <span class='ocrx_word' id='word_1_59' title='bbox 1603 864 1770 909; x_wconf 89' lang='lat' dir='ltr'>natiuo</span> 
     </span>
     <span class='ocr_line' id='line_1_9' title="bbox 137 941 1770 997; baseline -0.002 -9"><span class='ocrx_word' id='word_1_60' title='bbox 137 943 478 988; x_wconf 89' lang='lat' dir='ltr'>commutauit.</span> <span class='ocrx_word' id='word_1_61' title='bbox 511 942 672 987; x_wconf 82' lang='lat' dir='ltr'>Feriis</span> <span class='ocrx_word' id='word_1_62' title='bbox 697 941 980 987; x_wconf 87' lang='lat' dir='ltr'>solennibus</span> <span class='ocrx_word' id='word_1_63' title='bbox 1015 950 1255 997; x_wconf 86' lang='lat' dir='ltr'>quotquot</span> <span class='ocrx_word' id='word_1_64' title='bbox 1287 956 1456 986; x_wconf 89' lang='lat' dir='ltr'>sumus</span> <span class='ocrx_word' id='word_1_65' title='bbox 1489 956 1770 986; x_wconf 85' lang='lat' dir='ltr'>sacramen-</span> 
     </span>
     <span class='ocr_line' id='line_1_10' title="bbox 138 1016 1769 1076; baseline -0.002 -10"><span class='ocrx_word' id='word_1_66' title='bbox 138 1030 301 1066; x_wconf 86' lang='lat' dir='ltr'>torum</span> <span class='ocrx_word' id='word_1_67' title='bbox 355 1020 627 1065; x_wconf 87' lang='lat' dir='ltr'>ministerio</span> <span class='ocrx_word' id='word_1_68' title='bbox 678 1035 824 1076; x_wconf 89' lang='lat' dir='ltr'>quam</span> <span class='ocrx_word' id='word_1_69' title='bbox 870 1016 1254 1075; x_wconf 68' lang='lat' dir='ltr'>occupatissimi,</span> <span class='ocrx_word' id='word_1_70' title='bbox 1304 1018 1444 1063; x_wconf 86' lang='lat' dir='ltr'>verbi</span> <span class='ocrx_word' id='word_1_71' title='bbox 1494 1019 1769 1075; x_wconf 88' lang='lat' dir='ltr'>euangelici</span> 
     </span>
     <span class='ocr_line' id='line_1_11' title="bbox 139 1089 1771 1153; baseline -0.002 -10"><span class='ocrx_word' id='word_1_72' title='bbox 139 1089 531 1144; x_wconf 74' lang='lat' dir='ltr'>consolatiOnem</span> <span class='ocrx_word' id='word_1_73' title='bbox 559 1097 730 1143; x_wconf 84' lang='lat' dir='ltr'>vicinis</span> <span class='ocrx_word' id='word_1_74' title='bbox 755 1096 877 1141; x_wconf 88' lang='lat' dir='ltr'>locis</span> <span class='ocrx_word' id='word_1_75' title='bbox 902 1112 1092 1153; x_wconf 87' lang='lat' dir='ltr'>negare</span> <span class='ocrx_word' id='word_1_76' title='bbox 1117 1096 1473 1153; x_wconf 85' lang='lat' dir='ltr'>compellimur,</span> <span class='ocrx_word' id='word_1_77' title='bbox 1500 1105 1649 1153; x_wconf 86' lang='lat' dir='ltr'>atque</span> <span class='ocrx_word' id='word_1_78' title='bbox 1684 1096 1771 1141; x_wconf 79' lang='lat' dir='ltr'>vti-</span> 
     </span>
     <span class='ocr_line' id='line_1_12' title="bbox 138 1173 1770 1231; baseline -0.002 -11"><span class='ocrx_word' id='word_1_79' title='bbox 138 1191 251 1220; x_wconf 87' lang='lat' dir='ltr'>nam</span> <span class='ocrx_word' id='word_1_80' title='bbox 277 1174 527 1231; x_wconf 88' lang='lat' dir='ltr'>duplicato</span> <span class='ocrx_word' id='word_1_81' title='bbox 552 1189 759 1219; x_wconf 89' lang='lat' dir='ltr'>numero</span> <span class='ocrx_word' id='word_1_82' title='bbox 784 1175 950 1230; x_wconf 89' lang='lat' dir='ltr'>plures</span> <span class='ocrx_word' id='word_1_83' title='bbox 974 1188 1215 1223; x_wconf 78' lang='lat' dir='ltr'>essemus:</span> <span class='ocrx_word' id='word_1_84' title='bbox 1244 1188 1399 1229; x_wconf 90' lang='lat' dir='ltr'>aegre</span> <span class='ocrx_word' id='word_1_85' title='bbox 1423 1173 1584 1218; x_wconf 87' lang='lat' dir='ltr'>adhuc</span> <span class='ocrx_word' id='word_1_86' title='bbox 1603 1189 1770 1219; x_wconf 89' lang='lat' dir='ltr'>aruer-</span> 
     </span>
     <span class='ocr_line' id='line_1_13' title="bbox 138 1250 1774 1308; baseline -0.002 -10"><span class='ocrx_word' id='word_1_87' title='bbox 138 1268 317 1298; x_wconf 91' lang='lat' dir='ltr'>norum</span> <span class='ocrx_word' id='word_1_88' title='bbox 343 1253 473 1298; x_wconf 87' lang='lat' dir='ltr'>votis</span> <span class='ocrx_word' id='word_1_89' title='bbox 499 1252 801 1308; x_wconf 84' lang='lat' dir='ltr'>respondere</span> <span class='ocrx_word' id='word_1_90' title='bbox 831 1266 1104 1308; x_wconf 71' lang='lat' dir='ltr'>possemus</span> <span class='ocrx_word' id='word_1_91' title='bbox 1142 1250 1345 1296; x_wconf 87' lang='lat' dir='ltr'>Nobiles</span> <span class='ocrx_word' id='word_1_92' title='bbox 1378 1265 1438 1296; x_wconf 92' lang='lat' dir='ltr'>ac</span> <span class='ocrx_word' id='word_1_93' title='bbox 1471 1250 1774 1307; x_wconf 85' lang='lat' dir='ltr'>praediuites</span> 
     </span>
     <span class='ocr_line' id='line_1_14' title="bbox 139 1328 1772 1389; baseline -0.002 -12"><span class='ocrx_word' id='word_1_94' title='bbox 139 1332 325 1389; x_wconf 82' lang='lat' dir='ltr'>aliquot</span> <span class='ocrx_word' id='word_1_95' title='bbox 352 1340 614 1376; x_wconf 87' lang='lat' dir='ltr'>matronae</span> <span class='ocrx_word' id='word_1_96' title='bbox 649 1329 912 1375; x_wconf 79' lang='lat' dir='ltr'>confessae</span> <span class='ocrx_word' id='word_1_97' title='bbox 945 1337 1154 1386; x_wconf 90' lang='lat' dir='ltr'>peccata</span> <span class='ocrx_word' id='word_1_98' title='bbox 1188 1328 1430 1385; x_wconf 83' lang='lat' dir='ltr'>singulari</span> <span class='ocrx_word' id='word_1_99' title='bbox 1454 1328 1638 1384; x_wconf 87' lang='lat' dir='ltr'>pietate</span> <span class='ocrx_word' id='word_1_100' title='bbox 1671 1329 1772 1374; x_wconf 91' lang='lat' dir='ltr'>illu-</span> 
     </span>
     <span class='ocr_line' id='line_1_15' title="bbox 137 1405 1771 1465; baseline -0.002 -10"><span class='ocrx_word' id='word_1_101' title='bbox 137 1410 346 1456; x_wconf 88' lang='lat' dir='ltr'>striores</span> <span class='ocrx_word' id='word_1_102' title='bbox 381 1423 609 1454; x_wconf 87' lang='lat' dir='ltr'>euasere.</span> <span class='ocrx_word' id='word_1_103' title='bbox 637 1407 922 1465; x_wconf 89' lang='lat' dir='ltr'>Impudicae</span> <span class='ocrx_word' id='word_1_104' title='bbox 961 1407 1148 1463; x_wconf 83' lang='lat' dir='ltr'>aliquot</span> <span class='ocrx_word' id='word_1_105' title='bbox 1173 1407 1404 1452; x_wconf 91' lang='lat' dir='ltr'>mulieres</span> <span class='ocrx_word' id='word_1_106' title='bbox 1440 1405 1624 1452; x_wconf 88' lang='lat' dir='ltr'>Christi</span> <span class='ocrx_word' id='word_1_107' title='bbox 1659 1422 1771 1464; x_wconf 88' lang='lat' dir='ltr'>gra-</span> 
     </span>
     <span class='ocr_line' id='line_1_16' title="bbox 139 1483 1773 1543; baseline -0.002 -10"><span class='ocrx_word' id='word_1_108' title='bbox 139 1488 238 1533; x_wconf 89' lang='lat' dir='ltr'>tiae</span> <span class='ocrx_word' id='word_1_109' title='bbox 262 1502 351 1543; x_wconf 90' lang='lat' dir='ltr'>per</span> <span class='ocrx_word' id='word_1_110' title='bbox 376 1485 726 1543; x_wconf 87' lang='lat' dir='ltr'>poenitentiam</span> <span class='ocrx_word' id='word_1_111' title='bbox 752 1495 922 1530; x_wconf 89' lang='lat' dir='ltr'>nostro</span> <span class='ocrx_word' id='word_1_112' title='bbox 946 1483 1217 1530; x_wconf 89' lang='lat' dir='ltr'>ministerio</span> <span class='ocrx_word' id='word_1_113' title='bbox 1242 1483 1595 1529; x_wconf 84' lang='lat' dir='ltr'>reconciliatae</span> <span class='ocrx_word' id='word_1_114' title='bbox 1620 1499 1680 1530; x_wconf 91' lang='lat' dir='ltr'>ac</span> <span class='ocrx_word' id='word_1_115' title='bbox 1699 1500 1773 1530; x_wconf 89' lang='lat' dir='ltr'>sa-</span> 
     </span>
     <span class='ocr_line' id='line_1_17' title="bbox 139 1561 1774 1618; baseline -0.001 -8"><span class='ocrx_word' id='word_1_116' title='bbox 139 1564 288 1610; x_wconf 85' lang='lat' dir='ltr'>lutari</span> <span class='ocrx_word' id='word_1_117' title='bbox 309 1563 658 1609; x_wconf 83' lang='lat' dir='ltr'>exhortatione</span> <span class='ocrx_word' id='word_1_118' title='bbox 679 1562 1023 1618; x_wconf 87' lang='lat' dir='ltr'>confirmatae,</span> <span class='ocrx_word' id='word_1_119' title='bbox 1047 1571 1185 1607; x_wconf 91' lang='lat' dir='ltr'>caste</span> <span class='ocrx_word' id='word_1_120' title='bbox 1206 1561 1350 1607; x_wconf 91' lang='lat' dir='ltr'>modo</span> <span class='ocrx_word' id='word_1_121' title='bbox 1371 1561 1542 1607; x_wconf 87' lang='lat' dir='ltr'>viuunt</span> <span class='ocrx_word' id='word_1_122' title='bbox 1560 1570 1709 1618; x_wconf 88' lang='lat' dir='ltr'>atque</span> <span class='ocrx_word' id='word_1_123' title='bbox 1728 1563 1774 1608; x_wconf 92' lang='lat' dir='ltr'>in</span> 
     </span>
     <span class='ocr_line' id='line_1_18' title="bbox 139 1639 1776 1698; baseline -0.002 -10"><span class='ocrx_word' id='word_1_124' title='bbox 139 1643 233 1688; x_wconf 89' lang='lat' dir='ltr'>Dei</span> <span class='ocrx_word' id='word_1_125' title='bbox 263 1642 440 1689; x_wconf 86' lang='lat' dir='ltr'>timore</span> <span class='ocrx_word' id='word_1_126' title='bbox 475 1650 819 1698; x_wconf 88' lang='lat' dir='ltr'>perseuerant.</span> <span class='ocrx_word' id='word_1_127' title='bbox 858 1639 1178 1698; x_wconf 78' lang='lat' dir='ltr'>[Omz&#39;ttz&#39;mus</span> <span class='ocrx_word' id='word_1_128' title='bbox 1212 1640 1454 1696; x_wconf 75' lang='lat' dir='ltr'>exempla</span> <span class='ocrx_word' id='word_1_129' title='bbox 1487 1640 1776 1697; x_wconf 55' lang='lat' dir='ltr'>nonnulla]</span> 
     </span>
    </p>

    <p class='ocr_par' dir='ltr' id='par_1_4' title="bbox 140 1717 1826 2240">
     <span class='ocr_line' id='line_1_19' title="bbox 198 1717 1826 1777; baseline -0.002 -11"><span class='ocrx_word' id='word_1_130' title='bbox 198 1720 239 1766; x_wconf 71' lang='grc' dir='ltr'>ζ).</span> <span class='ocrx_word' id='word_1_131' title='bbox 308 1719 404 1777; x_wconf 85' lang='lat' dir='ltr'>Qui</span> <span class='ocrx_word' id='word_1_132' title='bbox 436 1719 648 1765; x_wconf 89' lang='lat' dir='ltr'>antehac</span> <span class='ocrx_word' id='word_1_133' title='bbox 682 1719 746 1763; x_wconf 90' lang='lat' dir='ltr'>ab</span> <span class='ocrx_word' id='word_1_134' title='bbox 780 1732 955 1763; x_wconf 89' lang='lat' dir='ltr'>errore</span> <span class='ocrx_word' id='word_1_135' title='bbox 990 1717 1321 1774; x_wconf 87' lang='lat' dir='ltr'>resipuerunt,</span> <span class='ocrx_word' id='word_1_136' title='bbox 1349 1726 1639 1762; x_wconf 85' lang='lat' dir='ltr'>constanter</span> <span class='ocrx_word' id='word_1_137' title='bbox 1664 1733 1773 1773; x_wconf 90' lang='lat' dir='ltr'>pru·</span> <span class='ocrx_word' id='word_1_138' title='bbox 1824 1725 1826 1727; x_wconf 76' lang='grc'><strong><em>’</em></strong></span> 
     </span>
     <span class='ocr_line' id='line_1_20' title="bbox 142 1794 1775 1853; baseline -0.001 -11"><span class='ocrx_word' id='word_1_139' title='bbox 142 1798 414 1853; x_wconf 90' lang='lat' dir='ltr'>denterque</span> <span class='ocrx_word' id='word_1_140' title='bbox 454 1804 635 1842; x_wconf 90' lang='lat' dir='ltr'>cauent</span> <span class='ocrx_word' id='word_1_141' title='bbox 678 1811 738 1840; x_wconf 87' lang='lat' dir='ltr'>ne</span> <span class='ocrx_word' id='word_1_142' title='bbox 784 1795 1092 1840; x_wconf 88' lang='lat' dir='ltr'>relabantur.</span> <span class='ocrx_word' id='word_1_143' title='bbox 1141 1794 1279 1839; x_wconf 82' lang='lat' dir='ltr'>Multi</span> <span class='ocrx_word' id='word_1_144' title='bbox 1326 1810 1351 1839; x_wconf 92' lang='lat' dir='ltr'>e</span> <span class='ocrx_word' id='word_1_145' title='bbox 1396 1794 1538 1840; x_wconf 87' lang='lat' dir='ltr'>vario</span> <span class='ocrx_word' id='word_1_146' title='bbox 1582 1795 1775 1851; x_wconf 88' lang='lat' dir='ltr'>peccati</span> 
     </span>
     <span class='ocr_line' id='line_1_21' title="bbox 140 1872 1772 1929; baseline -0.001 -9"><span class='ocrx_word' id='word_1_147' title='bbox 140 1874 421 1920; x_wconf 88' lang='lat' dir='ltr'>discrimine</span> <span class='ocrx_word' id='word_1_148' title='bbox 461 1874 672 1919; x_wconf 89' lang='lat' dir='ltr'>salutem</span> <span class='ocrx_word' id='word_1_149' title='bbox 712 1872 876 1929; x_wconf 88' lang='lat' dir='ltr'>adepti</span> <span class='ocrx_word' id='word_1_150' title='bbox 912 1872 973 1918; x_wconf 90' lang='lat' dir='ltr'>ad</span> <span class='ocrx_word' id='word_1_151' title='bbox 998 1872 1243 1918; x_wconf 87' lang='lat' dir='ltr'>victoriae</span> <span class='ocrx_word' id='word_1_152' title='bbox 1268 1872 1497 1917; x_wconf 89' lang='lat' dir='ltr'>brauium</span> <span class='ocrx_word' id='word_1_153' title='bbox 1523 1872 1772 1918; x_wconf 89' lang='lat' dir='ltr'>anhelant.</span> 
     </span>
     <span class='ocr_line' id='line_1_22' title="bbox 141 1950 1775 2006; baseline -0.002 -8"><span class='ocrx_word' id='word_1_154' title='bbox 141 1952 328 1998; x_wconf 89' lang='lat' dir='ltr'>Omitto</span> <span class='ocrx_word' id='word_1_155' title='bbox 363 1951 557 1997; x_wconf 85' lang='lat' dir='ltr'>nefaria</span> <span class='ocrx_word' id='word_1_156' title='bbox 591 1951 785 1996; x_wconf 88' lang='lat' dir='ltr'>scelera</span> <span class='ocrx_word' id='word_1_157' title='bbox 820 1966 845 1995; x_wconf 90' lang='lat' dir='ltr'>e</span> <span class='ocrx_word' id='word_1_158' title='bbox 881 1950 1056 2006; x_wconf 89' lang='lat' dir='ltr'>quibus</span> <span class='ocrx_word' id='word_1_159' title='bbox 1091 1959 1403 1995; x_wconf 87' lang='lat' dir='ltr'>emerserunt</span> <span class='ocrx_word' id='word_1_160' title='bbox 1436 1950 1572 1995; x_wconf 88' lang='lat' dir='ltr'>multi</span> <span class='ocrx_word' id='word_1_161' title='bbox 1603 1950 1681 2006; x_wconf 92' lang='lat' dir='ltr'>qui</span> <span class='ocrx_word' id='word_1_162' title='bbox 1713 1950 1775 1995; x_wconf 88' lang='lat' dir='ltr'>ad</span> 
     </span>
     <span class='ocr_line' id='line_1_23' title="bbox 140 2027 1773 2084; baseline -0.002 -9"><span class='ocrx_word' id='word_1_163' title='bbox 140 2040 418 2076; x_wconf 82' lang='lat' dir='ltr'>extremum</span> <span class='ocrx_word' id='word_1_164' title='bbox 445 2029 679 2074; x_wconf 84' lang='lat' dir='ltr'>vitiorum</span> <span class='ocrx_word' id='word_1_165' title='bbox 705 2028 998 2073; x_wconf 88' lang='lat' dir='ltr'>barathrum</span> <span class='ocrx_word' id='word_1_166' title='bbox 1024 2027 1323 2084; x_wconf 87' lang='lat' dir='ltr'>praecipites</span> <span class='ocrx_word' id='word_1_167' title='bbox 1349 2028 1577 2083; x_wconf 78' lang='lat' dir='ltr'>ruebant,</span> <span class='ocrx_word' id='word_1_168' title='bbox 1606 2044 1773 2084; x_wconf 89' lang='lat' dir='ltr'>quam-</span> 
     </span>
     <span class='ocr_line' id='line_1_24' title="bbox 141 2105 1772 2164; baseline -0.001 -12"><span class='ocrx_word' id='word_1_169' title='bbox 141 2124 285 2164; x_wconf 88' lang='lat' dir='ltr'>quam</span> <span class='ocrx_word' id='word_1_170' title='bbox 312 2107 567 2163; x_wconf 86' lang='lat' dir='ltr'>plaerique</span> <span class='ocrx_word' id='word_1_171' title='bbox 592 2106 913 2162; x_wconf 89' lang='lat' dir='ltr'>incorruptae</span> <span class='ocrx_word' id='word_1_172' title='bbox 939 2106 1073 2151; x_wconf 84' lang='lat' dir='ltr'>vitae</span> <span class='ocrx_word' id='word_1_173' title='bbox 1097 2114 1535 2151; x_wconf 86' lang='lat' dir='ltr'>sacramentorum</span> <span class='ocrx_word' id='word_1_174' title='bbox 1569 2105 1772 2151; x_wconf 88' lang='lat' dir='ltr'>familia-</span> 
     </span>
     <span class='ocr_line' id='line_1_25' title="bbox 143 2183 1654 2240; baseline -0.001 -11"><span class='ocrx_word' id='word_1_175' title='bbox 143 2185 182 2229; x_wconf 91' lang='lat' dir='ltr'>ri</span> <span class='ocrx_word' id='word_1_176' title='bbox 212 2201 298 2229; x_wconf 85' lang='lat' dir='ltr'>vsu</span> <span class='ocrx_word' id='word_1_177' title='bbox 323 2184 497 2229; x_wconf 85' lang='lat' dir='ltr'>salutis</span> <span class='ocrx_word' id='word_1_178' title='bbox 522 2199 642 2230; x_wconf 91' lang='lat' dir='ltr'>suae</span> <span class='ocrx_word' id='word_1_179' title='bbox 666 2183 919 2240; x_wconf 85' lang='lat' dir='ltr'>negotium</span> <span class='ocrx_word' id='word_1_180' title='bbox 947 2199 1056 2228; x_wconf 88' lang='lat' dir='ltr'>cum</span> <span class='ocrx_word' id='word_1_181' title='bbox 1084 2183 1292 2228; x_wconf 91' lang='lat' dir='ltr'>foenore</span> <span class='ocrx_word' id='word_1_182' title='bbox 1312 2192 1654 2240; x_wconf 89' lang='lat' dir='ltr'>promoueant.</span> 
     </span>
    </p>

    <p class='ocr_par' dir='ltr' id='par_1_5' title="bbox 142 2260 1779 3172">
     <span class='ocr_line' id='line_1_26' title="bbox 200 2260 1775 2319; baseline -0.001 -12"><span class='ocrx_word' id='word_1_183' title='bbox 200 2262 240 2307; x_wconf 81' lang='lat'>7.</span> <span class='ocrx_word' id='word_1_184' title='bbox 311 2262 564 2319; x_wconf 86' lang='lat' dir='ltr'>Quantum</span> <span class='ocrx_word' id='word_1_185' title='bbox 600 2276 720 2306; x_wconf 87' lang='lat' dir='ltr'>vero</span> <span class='ocrx_word' id='word_1_186' title='bbox 756 2260 818 2306; x_wconf 91' lang='lat' dir='ltr'>ad</span> <span class='ocrx_word' id='word_1_187' title='bbox 853 2261 1143 2306; x_wconf 86' lang='lat' dir='ltr'>academiae</span> <span class='ocrx_word' id='word_1_188' title='bbox 1184 2270 1388 2306; x_wconf 88' lang='lat' dir='ltr'>nostrae</span> <span class='ocrx_word' id='word_1_189' title='bbox 1423 2262 1671 2306; x_wconf 88' lang='lat' dir='ltr'>celebrem</span> <span class='ocrx_word' id='word_1_190' title='bbox 1706 2260 1775 2306; x_wconf 90' lang='lat' dir='ltr'>fa-</span> 
     </span>
     <span class='ocr_line' id='line_1_27' title="bbox 142 2338 1776 2395; baseline -0.001 -10"><span class='ocrx_word' id='word_1_191' title='bbox 142 2356 273 2385; x_wconf 88' lang='lat' dir='ltr'>mam</span> <span class='ocrx_word' id='word_1_192' title='bbox 298 2355 358 2385; x_wconf 89' lang='lat' dir='ltr'>ac</span> <span class='ocrx_word' id='word_1_193' title='bbox 381 2339 657 2385; x_wconf 89' lang='lat' dir='ltr'>studiorum</span> <span class='ocrx_word' id='word_1_194' title='bbox 691 2338 933 2384; x_wconf 88' lang='lat' dir='ltr'>exercitia</span> <span class='ocrx_word' id='word_1_195' title='bbox 968 2339 1157 2395; x_wconf 85' lang='lat' dir='ltr'>attinet,</span> <span class='ocrx_word' id='word_1_196' title='bbox 1186 2339 1541 2395; x_wconf 90' lang='lat' dir='ltr'>discipulorum</span> <span class='ocrx_word' id='word_1_197' title='bbox 1566 2348 1776 2384; x_wconf 89' lang='lat' dir='ltr'>caterua</span> 
     </span>
     <span class='ocr_line' id='line_1_28' title="bbox 142 2416 1775 2473; baseline 0 -11"><span class='ocrx_word' id='word_1_198' title='bbox 142 2416 507 2462; x_wconf 88' lang='lat' dir='ltr'>confertissima</span> <span class='ocrx_word' id='word_1_199' title='bbox 541 2432 809 2461; x_wconf 90' lang='lat' dir='ltr'>numerum·</span> <span class='ocrx_word' id='word_1_200' title='bbox 825 2416 972 2461; x_wconf 86' lang='lat' dir='ltr'>facile</span> <span class='ocrx_word' id='word_1_201' title='bbox 997 2418 1211 2473; x_wconf 86' lang='lat' dir='ltr'>complet</span> <span class='ocrx_word' id='word_1_202' title='bbox 1245 2417 1590 2462; x_wconf 90' lang='lat' dir='ltr'>millenarium.</span> <span class='ocrx_word' id='word_1_203' title='bbox 1617 2416 1670 2461; x_wconf 88' lang='lat' dir='ltr'>In</span> <span class='ocrx_word' id='word_1_204' title='bbox 1695 2432 1775 2462; x_wconf 89' lang='lat' dir='ltr'>ex-</span> 
     </span>
     <span class='ocr_line' id='line_1_29' title="bbox 142 2493 1776 2550; baseline -0.001 -11"><span class='ocrx_word' id='word_1_205' title='bbox 142 2506 300 2540; x_wconf 91' lang='lat' dir='ltr'>trema</span> <span class='ocrx_word' id='word_1_206' title='bbox 335 2494 496 2539; x_wconf 89' lang='lat' dir='ltr'>classe</span> <span class='ocrx_word' id='word_1_207' title='bbox 531 2493 727 2538; x_wconf 91' lang='lat' dir='ltr'>ducenti</span> <span class='ocrx_word' id='word_1_208' title='bbox 762 2505 889 2550; x_wconf 80' lang='lat' dir='ltr'>sunt3</span> <span class='ocrx_word' id='word_1_209' title='bbox 917 2493 963 2538; x_wconf 92' lang='lat' dir='ltr'>in</span> <span class='ocrx_word' id='word_1_210' title='bbox 998 2494 1228 2550; x_wconf 85' lang='lat' dir='ltr'>proxima</span> <span class='ocrx_word' id='word_1_211' title='bbox 1263 2494 1483 2547; x_wconf 88' lang='lat' dir='ltr'>totidem;</span> <span class='ocrx_word' id='word_1_212' title='bbox 1518 2493 1563 2538; x_wconf 92' lang='lat' dir='ltr'>in</span> <span class='ocrx_word' id='word_1_213' title='bbox 1596 2502 1776 2550; x_wconf 88' lang='lat' dir='ltr'>quarta</span> 
     </span>
     <span class='ocr_line' id='line_1_30' title="bbox 142 2571 1776 2629; baseline -0.001 -11"><span class='ocrx_word' id='word_1_214' title='bbox 142 2572 523 2629; x_wconf 75' lang='lat' dir='ltr'>sesquicentum3</span> <span class='ocrx_word' id='word_1_215' title='bbox 552 2571 596 2616; x_wconf 91' lang='lat' dir='ltr'>in</span> <span class='ocrx_word' id='word_1_216' title='bbox 621 2571 768 2617; x_wconf 90' lang='lat' dir='ltr'>tertia</span> <span class='ocrx_word' id='word_1_217' title='bbox 803 2587 956 2628; x_wconf 89' lang='lat' dir='ltr'>prope</span> <span class='ocrx_word' id='word_1_218' title='bbox 980 2583 1191 2629; x_wconf 74' lang='lat' dir='ltr'>centum3</span> <span class='ocrx_word' id='word_1_219' title='bbox 1220 2572 1264 2616; x_wconf 93' lang='lat' dir='ltr'>in</span> <span class='ocrx_word' id='word_1_220' title='bbox 1290 2572 1508 2617; x_wconf 87' lang='lat' dir='ltr'>secunda</span> <span class='ocrx_word' id='word_1_221' title='bbox 1533 2587 1592 2617; x_wconf 91' lang='lat' dir='ltr'>ac</span> <span class='ocrx_word' id='word_1_222' title='bbox 1615 2572 1776 2628; x_wconf 87' lang='lat' dir='ltr'>prima</span> 
     </span>
     <span class='ocr_line' id='line_1_31' title="bbox 143 2648 1775 2706; baseline 0.001 -12"><span class='ocrx_word' id='word_1_223' title='bbox 143 2649 423 2706; x_wconf 84' lang='lat' dir='ltr'>pauciores,</span> <span class='ocrx_word' id='word_1_224' title='bbox 452 2658 621 2706; x_wconf 89' lang='lat' dir='ltr'>vtpote</span> <span class='ocrx_word' id='word_1_225' title='bbox 656 2648 969 2694; x_wconf 80' lang='lat' dir='ltr'>eruditiores,</span> <span class='ocrx_word' id='word_1_226' title='bbox 997 2649 1218 2694; x_wconf 86' lang='lat' dir='ltr'>[nfinitus</span> <span class='ocrx_word' id='word_1_227' title='bbox 1242 2658 1316 2694; x_wconf 86' lang='lat' dir='ltr'>est</span> <span class='ocrx_word' id='word_1_228' title='bbox 1340 2665 1575 2694; x_wconf 88' lang='lat' dir='ltr'>numerus</span> <span class='ocrx_word' id='word_1_229' title='bbox 1610 2650 1775 2706; x_wconf 91' lang='lat' dir='ltr'>alpha-</span> 
     </span>
     <span class='ocr_line' id='line_1_32' title="bbox 145 2726 1777 2784; baseline 0 -11"><span class='ocrx_word' id='word_1_230' title='bbox 145 2726 469 2783; x_wconf 79' lang='lat' dir='ltr'>betariorum,</span> <span class='ocrx_word' id='word_1_231' title='bbox 493 2727 573 2783; x_wconf 91' lang='lat' dir='ltr'>qui</span> <span class='ocrx_word' id='word_1_232' title='bbox 599 2742 628 2772; x_wconf 88' lang='lat' dir='ltr'>a</span> <span class='ocrx_word' id='word_1_233' title='bbox 652 2727 753 2772; x_wconf 90' lang='lat' dir='ltr'>suis</span> <span class='ocrx_word' id='word_1_234' title='bbox 777 2727 1087 2784; x_wconf 81' lang='lat' dir='ltr'>paedagogis</span> <span class='ocrx_word' id='word_1_235' title='bbox 1113 2727 1344 2784; x_wconf 90' lang='lat' dir='ltr'>priuatim</span> <span class='ocrx_word' id='word_1_236' title='bbox 1368 2727 1707 2782; x_wconf 88' lang='lat' dir='ltr'>instituuntur,</span> <span class='ocrx_word' id='word_1_237' title='bbox 1729 2738 1777 2773; x_wconf 92' lang='lat' dir='ltr'>et</span> 
     </span>
     <span class='ocr_line' id='line_1_33' title="bbox 144 2804 1777 2862; baseline -0.001 -12"><span class='ocrx_word' id='word_1_238' title='bbox 144 2805 341 2861; x_wconf 89' lang='lat' dir='ltr'>legendi</span> <span class='ocrx_word' id='word_1_239' title='bbox 385 2804 732 2862; x_wconf 89' lang='lat' dir='ltr'>scribendique</span> <span class='ocrx_word' id='word_1_240' title='bbox 786 2805 1027 2850; x_wconf 87' lang='lat' dir='ltr'>exercitio</span> <span class='ocrx_word' id='word_1_241' title='bbox 1082 2805 1380 2850; x_wconf 75' lang='lat' dir='ltr'>formantur.</span> <span class='ocrx_word' id='word_1_242' title='bbox 1428 2804 1633 2850; x_wconf 89' lang='lat' dir='ltr'>Nobiles</span> <span class='ocrx_word' id='word_1_243' title='bbox 1683 2805 1777 2850; x_wconf 87' lang='lat' dir='ltr'>viri</span> 
     </span>
     <span class='ocr_line' id='line_1_34' title="bbox 143 2883 1778 2940; baseline 0 -12"><span class='ocrx_word' id='word_1_244' title='bbox 143 2883 377 2940; x_wconf 90' lang='lat' dir='ltr'>ciuesque</span> <span class='ocrx_word' id='word_1_245' title='bbox 420 2883 802 2940; x_wconf 89' lang='lat' dir='ltr'>praecipuarum</span> <span class='ocrx_word' id='word_1_246' title='bbox 840 2883 1034 2928; x_wconf 87' lang='lat' dir='ltr'>vrbium</span> <span class='ocrx_word' id='word_1_247' title='bbox 1071 2883 1255 2928; x_wconf 88' lang='lat' dir='ltr'>liberos</span> <span class='ocrx_word' id='word_1_248' title='bbox 1288 2898 1405 2928; x_wconf 90' lang='lat' dir='ltr'>suos</span> <span class='ocrx_word' id='word_1_249' title='bbox 1446 2883 1541 2928; x_wconf 92' lang='lat' dir='ltr'>huc</span> <span class='ocrx_word' id='word_1_250' title='bbox 1580 2884 1778 2929; x_wconf 86' lang='lat' dir='ltr'>mittunt</span> 
     </span>
     <span class='ocr_line' id='line_1_35' title="bbox 143 2959 1775 3017; baseline 0.001 -13"><span class='ocrx_word' id='word_1_251' title='bbox 143 2960 456 3006; x_wconf 91' lang='lat' dir='ltr'>erudiendos.</span> <span class='ocrx_word' id='word_1_252' title='bbox 487 2959 529 3005; x_wconf 86' lang='lat' dir='ltr'>E</span> <span class='ocrx_word' id='word_1_253' title='bbox 563 2960 830 3016; x_wconf 87' lang='lat' dir='ltr'>prouinciis</span> <span class='ocrx_word' id='word_1_254' title='bbox 867 2960 1219 3006; x_wconf 87' lang='lat' dir='ltr'>remotioribus</span> <span class='ocrx_word' id='word_1_255' title='bbox 1254 2969 1402 3017; x_wconf 89' lang='lat' dir='ltr'>atque</span> <span class='ocrx_word' id='word_1_256' title='bbox 1437 2961 1563 3006; x_wconf 86' lang='lat' dir='ltr'>adeo</span> <span class='ocrx_word' id='word_1_257' title='bbox 1588 2976 1615 3006; x_wconf 90' lang='lat' dir='ltr'>e</span> <span class='ocrx_word' id='word_1_258' title='bbox 1640 2961 1775 3006; x_wconf 82' lang='lat' dir='ltr'>Pari-</span> 
     </span>
     <span class='ocr_line' id='line_1_36' title="bbox 144 3036 1777 3093; baseline 0.001 -12"><span class='ocrx_word' id='word_1_259' title='bbox 144 3037 331 3082; x_wconf 86' lang='lat' dir='ltr'>siorum</span> <span class='ocrx_word' id='word_1_260' title='bbox 384 3037 644 3082; x_wconf 89' lang='lat' dir='ltr'>academia</span> <span class='ocrx_word' id='word_1_261' title='bbox 695 3037 883 3093; x_wconf 88' lang='lat' dir='ltr'>aliquot</span> <span class='ocrx_word' id='word_1_262' title='bbox 929 3038 990 3082; x_wconf 91' lang='lat' dir='ltr'>ad</span> <span class='ocrx_word' id='word_1_263' title='bbox 1035 3052 1124 3082; x_wconf 88' lang='lat' dir='ltr'>nos</span> <span class='ocrx_word' id='word_1_264' title='bbox 1164 3038 1514 3083; x_wconf 87' lang='lat' dir='ltr'>conuolarunt.</span> <span class='ocrx_word' id='word_1_265' title='bbox 1562 3036 1777 3083; x_wconf 83' lang='lat' dir='ltr'>Scholae</span> 
     </span>
     <span class='ocr_line' id='line_1_37' title="bbox 146 3114 1779 3172; baseline 0.001 -13"><span class='ocrx_word' id='word_1_266' title='bbox 146 3114 395 3159; x_wconf 85' lang='lat' dir='ltr'>exercitia</span> <span class='ocrx_word' id='word_1_267' title='bbox 419 3130 481 3160; x_wconf 85' lang='lat' dir='ltr'>ex</span> <span class='ocrx_word' id='word_1_268' title='bbox 505 3114 676 3160; x_wconf 89' lang='lat' dir='ltr'>ordine</span> <span class='ocrx_word' id='word_1_269' title='bbox 701 3115 1039 3160; x_wconf 87' lang='lat' dir='ltr'>obseruantur</span> <span class='ocrx_word' id='word_1_270' title='bbox 1072 3114 1399 3172; x_wconf 86' lang='lat' dir='ltr'>praescripto,</span> <span class='ocrx_word' id='word_1_271' title='bbox 1426 3130 1537 3161; x_wconf 91' lang='lat' dir='ltr'>cum</span> <span class='ocrx_word' id='word_1_272' title='bbox 1562 3115 1779 3161; x_wconf 83' lang='lat' dir='ltr'>maxima</span> 
     </span>
    </p>
   </div>
  </div>
 </body>
</html>
