2051 3516
497 323 787 361 221.-PRAGA
813 323 855 360 31
885 324 1134 360 DECEMBms
1162 323 1253 360 1558
1576 321 1646 357 917

63 435 182 467 uere
221 429 437 476 possent,
481 419 800 466 libentissime
834 419 928 465 hoc
967 418 1207 476 facerent,
1245 433 1455 475 quorum
1496 417 1692 475 quidam

64 495 245 554 aliquid
270 496 418 542 etiam
445 496 707 542 conferunt
730 511 1079 552 nonnunquam
1115 496 1159 541 in
1196 511 1338 541 usum
1369 510 1543 540 eorum
1570 509 1694 551 quae

64 582 294 630 spectant
317 573 379 618 ad
404 573 603 628 altaria,
630 573 715 618 sed
739 572 887 618 modo
921 572 980 618 de
1014 572 1144 618 italis
1178 582 1226 618 et
1259 571 1476 629 hispanis
1500 572 1692 628 loquor;

63 650 353 696 boemorum
388 649 536 695 etiam
572 649 710 695 multi
744 650 1048 705 singularem
1085 649 1334 705 quandam
1369 664 1504 706 spem
1535 648 1694 693 conci-

64 727 201 784 piunt
225 725 531 772 reformandi
567 727 686 772 cleri
725 727 875 773 totius
909 726 1052 772 huius
1075 727 1235 783 regni,
1262 726 1317 783 si,
1344 736 1398 772 ut
1422 726 1510 783 ipsi
1541 725 1693 782 aiunt,

65 802 294 849 Societas
317 813 490 849 nostra
515 805 662 860 paulo
685 804 845 861 magis
870 804 980 849 hinc
1005 803 1116 849 inde
1136 804 1181 849 in
1206 804 1300 849 hoc
1324 819 1532 860 regnum
1558 818 1696 859 spar-

71 890 293 938 geretur.
321 880 384 926 Et
408 896 505 937 ego
530 896 650 926 sane
674 881 828 927 multa
853 881 962 926 loca
987 880 1244 926 nominare
1269 895 1480 937 possem,
1508 879 1590 925 ubi
1615 895 1695 924 no-

64 959 156 1004 stri
190 973 382 1003 summo
407 958 568 1003 studio
602 967 835 1015 petuntur
869 973 929 1003 ac
963 958 1268 1015 flagitantur,
1296 967 1344 1003 et
1369 957 1414 1002 in
1438 957 1532 1003 hac
1556 967 1697 1014 parte

69 1051 419 1091 nonnunquam
461 1036 523 1080 ab
563 1035 735 1080 amicis
773 1035 956 1080 nostris
990 1051 1049 1080 ac
1082 1035 1288 1080 dominis
1322 1034 1698 1080 acerbiusculas

66 1112 282 1171 patimur
307 1112 736 1169 reprehensiones,
765 1112 961 1168 quando
986 1112 1201 1168 aliquam
1227 1112 1392 1157 nostrl
1420 1111 1696 1157 excusatio-

67 1206 177 1235 nem
212 1190 275 1235 ad
309 1190 526 1246 ipsorum
558 1189 844 1246 petitionem
868 1188 1155 1245 adferimus,
1184 1189 1312 1246 quod
1338 1189 1567 1234 uidelicet
1601 1204 1697 1234 non

70 1268 340 1313 habeamus
366 1281 489 1323 quos
513 1266 710 1313 mittere
734 1266 993 1322 possimus.

124 1346 166 1389 8.
235 1344 511 1389 Praeterea
535 1347 735 1389 ueniunt
769 1343 831 1388 ad
864 1358 956 1388 nos
989 1343 1279 1400 saepissime
1305 1343 1398 1389 uiri
1423 1344 1591 1400 magni
1617 1344 1696 1401 qui

67 1438 182 1468 suos
217 1421 341 1467 filios
375 1421 612 1476 offerunt,
641 1436 761 1478 quos
795 1421 842 1466 in
876 1420 1192 1466 conuictores
1226 1420 1572 1477 suscipiamus,
1600 1421 1699 1478 qui-

68 1501 159 1546 bus
184 1514 292 1545 cum
318 1499 614 1544 satisfacere
639 1507 844 1555 propter
862 1498 1147 1555 angustiam
1166 1497 1260 1544 loci
1280 1514 1375 1543 non
1396 1499 1639 1555 possimus
1658 1503 1694 1554 ἢ,

70 1588 118 1624 et
142 1578 201 1623 de
225 1577 414 1623 securis
439 1575 670 1633 hospiciis
694 1586 839 1622 extra
863 1576 1129 1633 collegium
1154 1585 1376 1622 nostrum
1409 1576 1696 1633 prospicere

68 1671 158 1701 nos
197 1654 289 1700 illis
329 1653 526 1699 minime
565 1668 710 1711 posse
750 1668 1131 1711 conqueramur,
1175 1653 1440 1699 admodum
1483 1668 1513 1698 a
1556 1653 1697 1699 nobis

69 1732 294 1790 suspensi
333 1747 393 1777 ac
432 1732 574 1789 aegri
609 1731 882 1788 discedunt3
920 1731 1048 1788 quod
1082 1731 1262 1782 accidit
1300 1731 1429 1777 inter
1467 1731 1592 1777 alios
1624 1731 1697 1776 his

67 1809 365 1868 praesertim
391 1809 562 1855 diebus
585 1824 768 1866 magno
799 1808 994 1854 cuidam
1024 1809 1191 1854 comiti
1225 1808 1460 1865 palatino,
1488 1809 1626 1854 cuius
1650 1808 1696 1853 in

69 1904 122 1934 re
146 1887 230 1932 tali
255 1898 557 1943 procurator
592 1885 722 1943 apud
755 1901 845 1931 nos
879 1886 1130 1942 repulsam
1165 1901 1340 1943 passus
1375 1896 1464 1932 est.
1492 1885 1600 1931 Hos
1623 1895 1694 1931 ta-

67 1981 178 2011 men
203 1965 339 2010 uiros
363 1964 431 2009 ita
454 1979 664 2021 magnos
687 1979 783 2009 non
805 1963 953 2009 facile
977 1964 1350 2021 repelleremus,
1374 1964 1464 2009 nisi
1489 1979 1601 2020 spes
1625 1979 1698 2009 es·

68 2053 140 2087 set
165 2042 294 2099 quod
318 2041 538 2098 ipsorum
563 2056 718 2098 opera
742 2056 1001 2098 possemus
1024 2041 1225 2087 tandem
1251 2041 1562 2098 postlongas
1587 2056 1700 2086 cau-

69 2135 166 2177 sas,
194 2119 384 2164 vicinas
415 2119 654 2175 quasdam
688 2128 737 2165 et
769 2118 1153 2176 percommodas
1187 2119 1337 2164 aedes
1372 2119 1614 2173 obtinere,
1643 2118 1702 2163 de

70 2197 246 2254 quibus
271 2196 493 2242 uidemus
527 2206 576 2242 et
609 2196 894 2253 experimur
918 2196 1050 2253 ipsos
1084 2212 1180 2242 non
1217 2196 1394 2242 minori
1419 2212 1542 2242 cura
1567 2196 1703 2242 labo-

72 2290 189 2320 rare
213 2274 320 2320 fere
345 2284 494 2331 atque
517 2290 624 2320 nos.

129 2351 171 2397 9.
239 2352 393 2397 Venit
417 2360 532 2397 ante
558 2351 659 2397 dies
683 2351 870 2408 aliquot
894 2352 1069 2398 doctor
1094 2352 1307 2409 quidam,
1337 2351 1414 2397 uir
1447 2361 1623 2409 potens
1656 2362 1705 2397 et

70 2429 229 2474 bonus
253 2429 272 2456 b
297 2445 360 2475 ex
382 2429 565 2474 ducatu
589 2429 818 2475 electoris
843 2429 1368 2487 brandemburgensis,
1397 2429 1477 2485 qui
1501 2438 1706 2486 praeter

71 2522 124 2552 se
149 2521 208 2551 ac
232 2521 372 2551 suam
396 2505 633 2551 familiam
667 2515 716 2552 et
750 2507 987 2563 pauculos
1023 2507 1295 2552 monachos
1329 2505 1407 2564 (16
1441 2507 1590 2552 credo
1626 2522 1706 2552 no-

72 2584 309 2641 minabat)
335 2593 382 2629 et
407 2583 654 2640 quendam
678 2600 847 2630 senem
882 2585 1196 2631 sacerdotem
1231 2585 1373 2641 (quos
1408 2600 1578 2630 omnes
1602 2585 1705 2642 ipse

73 2662 203 2708 bona
227 2677 288 2707 ex
314 2671 457 2719 parte
480 2661 544 2706 ibi
563 2664 827 2719 sustentat)
847 2662 997 2708 alium
1019 2662 1261 2708 neminem
1285 2662 1332 2707 in
1356 2671 1462 2707 tota
1487 2662 1569 2707 illa
1593 2677 1706 2718 pro-

72 2738 226 2784 uintia
249 2739 550 2785 catholicum
583 2739 780 2785 nouisse
814 2756 868 2786 se
902 2740 1083 2786 aiebat.
1112 2740 1205 2785 Hic
1241 2740 1333 2797 vir,
1360 2740 1579 2797 zelosus,
1607 2740 1705 2785 lon-

73 2831 138 2873 go
177 2825 292 2861 ante
332 2825 555 2872 tempore
593 2816 836 2863 instanter
875 2826 1150 2874 rogauerat
1188 2827 1241 2862 ut
1280 2817 1326 2862 in
1364 2817 1704 2862 conuictorem

74 2893 437 2949 susciperemus
477 2893 721 2950 quendam
757 2910 897 2940 suum
938 2893 1105 2950 filium,
1141 2894 1217 2940 cui
1257 2894 1303 2939 id
1343 2902 1580 2951 negatum
1615 2893 1706 2939 fuit

75 2985 270 3027 semper
294 2985 448 3027 usque
473 2969 587 3016 dum
611 2971 804 3018 ueniret
827 2971 889 3017 R.
924 2970 977 3016 P.
1015 2970 1263 3029 Victoria,
1291 2986 1387 3029 quo
1411 2986 1542 3016 nunc
1565 2985 1706 3027 prae-

130 3119 150 3138 ἃ
201 3119 293 3166 Seq.
314 3131 393 3156 non
412 3119 609 3165 possimus
636 3120 769 3157 oblz’tt.
823 3119 889 3147 -b
922 3131 967 3156 ac
986 3119 1222 3156 catholicus.
