2051 3516
525 283 866 324 207.—PAN0RM0
891 283 938 323 25
964 283 1170 324 OcToBms
1201 287 1294 325 1558
1611 285 1681 325 849

103 384 353 440 berantes‚
381 394 428 429 et
450 400 608 442 nuper
631 387 823 444 puellae
847 387 1043 434 cuidam
1077 403 1269 446 egenae
1303 388 1366 435 ad
1384 389 1639 446 religionis
1661 389 1727 436 in-

100 476 326 518 gressum
351 463 614 520 octoginta
638 478 826 510 aureos
847 471 865 492 ³
892 481 1085 512 summa
1108 482 1219 512 cum
1242 467 1489 514 charitate
1506 467 1727 525 suppedi-

99 546 283 584 tarunt.
310 538 419 584 Sed
438 540 575 597 quod
594 541 897 588 mirandum
916 543 1108 601 magis,
1129 543 1366 601 ipsaemet
1384 559 1532 601 saepe
1551 559 1728 601 panem

99 614 146 660 in
171 615 455 662 alimentum
480 633 756 675 pauperum
779 619 993 677 pinsere,
1025 629 1074 666 et
1098 621 1351 678 religionis
1384 620 1566 679 officia,
1603 637 1729 679 quae

98 691 215 738 uilia
249 693 458 740 mundus
489 694 638 753 ducit,
665 712 905 743 exercere
938 713 1036 743 non
1070 707 1368 756 grauantur,
1406 698 1729 745 confessionis

99 778 147 815 et
170 771 529 817 communionis
553 784 873 819 sacramenta
896 774 1102 832 singulis
1122 775 1379 821 dominicis
1402 791 1593 822 summa
1617 791 1729 822 cum

98 847 282 905 pietate
305 848 637 906 frequentant.
666 850 857 907 Quibus
882 852 1032 898 rebus
1057 852 1136 909 (ne
1160 853 1249 898 sim
1272 868 1434 910 aequo
1468 853 1728 911 prolixior)

99 924 277 970 mirum
316 940 463 982 quam
502 926 650 971 diuini
671 927 832 974 cultus
872 943 1014 974 amor
1047 938 1294 976 acrescat.
1333 928 1511 976 Gloria
1549 930 1609 976 sit
1643 930 1725 975 uni

98 1001 226 1059 Deo,
284 1002 361 1048 cui
410 1002 639 1059 quicquid
692 1004 933 1051 habemus
986 1006 1118 1063 boni,
1170 1015 1424 1064 tamquam
1474 1007 1729 1053 donorum

99 1078 315 1124 omnium
340 1079 686 1126 liberalissimo
710 1080 729 1108 ¹³
760 1090 1023 1139 acceptum
1048 1082 1306 1129 ferendum
1331 1093 1422 1130 est.

154 1157 198 1203 5.
264 1157 410 1203 Haec
432 1158 539 1204 sint
559 1159 715 1214 satis,·
737 1159 1022 1206 modestiae
1045 1161 1336 1218 enimfines
1359 1161 1650 1219 egrederer,
1683 1161 1733 1207 si

96 1234 221 1280 milii
241 1235 419 1281 omnia
441 1236 715 1293 sigillatim
741 1240 912 1282 essent
933 1238 1253 1284 enarranda.
1281 1238 1390 1283 Res
1412 1252 1535 1284 uero
1559 1238 1728 1284 litera-

97 1311 194 1370 ria,
237 1326 300 1358 ne
332 1312 395 1358 de
432 1313 529 1359 lzac
563 1318 781 1370 prorsus
819 1314 951 1360 nihil
985 1314 1182 1361 dixisse
1221 1315 1420 1372 uidear,
1471 1316 1730 1361 consuetis

97 1390 567 1448 exercitationibus,
595 1391 847 1448 uersibus,
885 1392 1119 1449 epistolis
1152 1407 1242 1438 nec
1276 1407 1378 1438 non
1413 1397 1461 1438 et
1488 1394 1729 1439 orationi-

97 1466 191 1513 bus
214 1469 583 1524 componendis
606 1473 963 1516 conseruatur.
996 1469 1064 1515 At
1094 1470 1343 1528 discipuli
1373 1471 1530 1517 bonos
1561 1485 1731 1517 mores

97 1558 214 1590 cum
237 1545 399 1591 literis
422 1546 754 1604 coniungere,
782 1551 881 1604 pro
916 1547 1062 1593 uirili
1091 1548 1308 1606 quisque
1339 1563 1439 1594 sua
1472 1549 1732 1606 laborants

97 1622 404 1681 illorumque
427 1637 693 1681 numerus)
728 1625 844 1671 licet
873 1626 1140 1684 hucusque
1168 1630 1387 1683 propter
1408 1627 1626 1685 infestos
1658 1627 1730 1673 ni—

98 1700 262 1746 mium
296 1701 495 1747 calores
532 1702 807 1749 mediocris
841 1704 1023 1762 fuerit,
1058 1705 1363 1762 augendum
1393 1705 1732 1751 nihilominus

97 1777 195 1823 hac
216 1778 510 1825 studiorum
529 1779 867 1826 innouatione
884 1786 1182 1838 speramus.
1205 1781 1310 1828 Sed
1325 1782 1629 1828 laetandum
1648 1796 1730 1827 no-

97 1854 174 1900 bis
196 1860 285 1913 est,
313 1856 451 1914 quod
466 1870 552 1902 eos
574 1856 732 1915 z'p308‚
760 1858 850 1916 qui
871 1872 962 1903 nec
984 1858 1269 1904 admodum
1292 1859 1452 1914 pauci
1466 1863 1602 1917 sunt,
1630 1873 1731 1904 non

95 1932 302 1987 frustra
344 1938 551 1991 tempus
594 1936 888 1982 exercuisse
931 1941 1251 1993 compertum
1289 1937 1378 1993 sit,·
1421 1937 1473 1982 in
1519 1937 1730 1995 collegio

98 2024 296 2068 quoque
320 2013 675 2071 unusquisque
698 2014 751 2059 in
776 2014 993 2060 comisso
1016 2013 1115 2060 sibi
1136 2014 1200 2060 ab
1233 2014 1524 2060 obedientia
1556 2029 1731 2060 mune·

98 2101 154 2133 re
177 2087 456 2146 diligenter
470 2094 780 2148 strenueque
804 2104 859 2136 se
887 2091 1043 2149 gerit.
1077 2090 1331 2148 Superest
1358 2105 1494 2137 nunc
1530 2095 1585 2136 ut
1615 2091 1731 2136 R.‘¹‘¹

98 2164 160 2210 P.
196 2165 244 2211 T.
272 2165 325 2211 in
352 2167 551 2212 sanctis
583 2167 904 2214 orationibus
936 2182 998 2214 ac
1029 2169 1304 2226 sacrificiis
1337 2183 1430 2214 nos
1464 2172 1732 2214 aeternam

98 2241 190 2288 tibi
200 2242 549 2300 foelicitatem
578 2249 857 2301 precantes
888 2260 1047 2304 quain
1081 2245 1371 2291 arctissime
1404 2245 1733 2291 comendatos

99 2319 299 2365 habeat.
336 2320 469 2367 Vale.
498 2320 697 2368 Octauo
722 2323 956 2369 calendas
976 2322 1278 2369 Nouembris
1302 2323 1368 2368 M.
1396 2322 1459 2368 D.
1485 2322 1669 2368 LVIII.

188 2397 472 2444 Admodum
496 2397 621 2443 Rflae
641 2399 734 2445 P.³t
755 2408 872 2446 tuae
895 2415 1074 2446 seruus
1099 2399 1296 2456 inutilis,

965 2507 1232 2554 GEORGIUS
1265 2507 1544 2554 MERCATUS
1578 2508 1609 2552 ¹.

145 2631 163 2652 a
212 2624 359 2662 dotem.
398 2625 464 2653 ——b
495 2625 782 2664 liberalissimo
796 2626 994 2666 donatori.

147 2759 157 2778 ¹
208 2758 253 2795 In
272 2757 556 2795 informatione
575 2757 739 2804 collegii
758 2758 1029 2806 panormitani
1049 2758 1200 2796 mensis
1219 2757 1402 2805 Augusti
1424 2759 1528 2803 1558,
1548 2760 1650 2797 haec
1676 2760 1733 2798 in·

100 2821 162 2854 ter
191 2818 272 2854 alia
299 2818 348 2855 de
377 2818 572 2865 epistolae
603 2823 769 2856 auctore
795 2819 985 2856 dicuntur
1015 2818 1069 2863 (in
1104 2818 1240 2855 codice
1273 2818 1357 2856 Sic.
1390 2818 1460 2862 59,
1493 2832 1558 2857 nn.
1593 2819 1730 2866 78-79):

104 2877 219 2914 «MJO
238 2876 421 2925 Georgio
439 2876 637 2923 Mercato,
659 2878 698 2915 di
716 2878 920 2924 Palermo;
942 2879 981 2915 di
1002 2882 1067 2916 eta
1094 2878 1133 2915 di
1163 2878 1208 2914 18
1238 2878 1277 2914 in
1306 2878 1353 2915 20
1379 2879 1487 2925 anni;
1517 2880 1610 2927 lege
1639 2881 1733 2917 nela

99 2942 245 2984 quarta
271 2937 409 2974 schola
435 2937 646 2974 humanita
672 2943 712 2975 et
739 2951 874 2985 greco.
902 2938 969 2975 Ha
989 2939 1095 2975 lecto
1123 2938 1163 2974 in
1182 2936 1410 2985 Saragossa
1428 2939 1523 2975 nela
1542 2951 1733 2985 suprema

99 2996 237 3034 schola
255 3009 420 3044 apresso
439 2997 478 3033 di
496 3010 549 3034 vn
568 3010 673 3035 anno
691 3011 767 3035 con
785 2999 909 3036 molto
928 3002 1257 3035 contentamento
1277 2998 1358 3034 deli
1376 2998 1550 3035 scholari
1580 3004 1620 3035 et
1650 3011 1733 3036 cre-

99 3056 194 3094 dito.
222 3056 289 3094 Ha
315 3057 420 3094 bona
450 3057 620 3094 habilita
647 3063 686 3094 et
712 3059 792 3096 ben
818 3058 984 3095 fundato
1012 3058 1054 3094 in
1080 3059 1229 3095 lettere
1249 3058 1426 3095 humane
1447 3063 1487 3095 et
1505 3058 1674 3106 greche,
1694 3059 1733 3096 le

99 3116 220 3163 quale
250 3117 303 3153 ha
331 3116 530 3164 imparato
560 3118 655 3155 nela
683 3118 939 3166 Compagnia
970 3118 1072 3155 doue
1099 3118 1205 3155 intro
1232 3117 1271 3154 di
1301 3117 1345 3154 14
1370 3117 1478 3155 anni.
1507 3116 1579 3155 Ma
1606 3118 1657 3155 ha
1681 3131 1734 3155 vn

245 3198 413 3229 LITTERAE
432 3199 731 3234 QUADR1MESTRES.
753 3201 844 3229 TOM.
866 3200 903 3230 V.
