2051 3516
602 310 990 347 172.2PLACENT1A
1016 310 1059 347 31
1090 309 1200 357 MAJi
1233 310 1321 346 1558
1670 310 1740 346 693

153 408 305 453 Pater
329 415 496 452 rector
521 406 566 451 in
592 406 757 451 multis
787 421 991 451 suarum
1017 406 1308 451 concionum
1334 405 1460 451 solet
1489 405 1784 451 declaratio-

153 500 263 530 nem
288 484 494 529 alicuius
519 483 716 528 articuli
742 482 851 529 fidei
878 484 955 528 uel
982 483 1235 540 praecepti
1259 483 1383 539 legis
1407 483 1600 528 diuinae
1635 482 1784 528 admi-

153 576 311 618 scere,
340 562 539 606 breuem
565 560 698 605 illam
724 560 937 617 quidem,
964 560 1049 606 sed
1074 575 1202 617 quae
1231 559 1462 615 sufficiat,
1501 575 1595 616 quo
1631 559 1786 605 credi·

152 655 260 684 mus
285 639 377 684 hac
402 639 548 684 etiam
573 654 636 683 ex
671 647 814 694 parte
850 638 1046 694 populo*
1067 637 1379 683 satisfacere.
1418 637 1680 694 Nunquam
1717 646 1785 683 ta-

155 732 263 762 men
288 716 529 762 hactenus
553 715 616 760 ab
641 715 899 761 audiendis
922 722 938 742 ³
961 715 1126 772 pueris
1151 724 1398 760 cessatum
1425 724 1515 771 est,
1543 715 1657 771 quin
1688 715 1784 760 imo

152 795 285 840 hisce
309 794 571 850 postremis
599 793 770 839 diebus
794 809 1063 850 puerorum
1094 809 1330 838 numerus
1363 792 1604 847 acci-enit,
1632 792 1787 848 degu-

151 871 295 917 statis
320 870 614 927 quibusdam
639 870 956 924 munusculis,
995 886 1122 927 quae
1158 871 1316 917 solent
1350 871 1552 927 fratres,
1589 869 1669 926 qui
1704 885 1790 915 eos

153 957 436 1005 accersunt,
464 948 572 993 uice
597 947 805 1004 praemii
830 947 1229 1004 diligentioribus
1253 947 1512 1005 impartiri.

210 1026 253 1071 S.
322 1025 539 1070 Domum
585 1025 864 1081 recepimus
907 1025 1069 1070 uirum
1109 1026 1351 1081 quendam
1387 1025 1445 1070 de
1489 1024 1791 1082 primoribus

154 1103 291 1148 urbis
317 1102 530 1158 Abulae,
560 1112 611 1147 ut
635 1118 686 1147 se
711 1118 798 1159 per
823 1117 1013 1159 paucos
1047 1102 1150 1147 dies
1186 1112 1406 1148 semotus
1440 1118 1469 1147 a
1504 1102 1789 1148 tumultibus

154 1190 202 1227 et
233 1180 471 1238 negociis,
510 1180 555 1225 in
592 1179 931 1237 spiritualibus
961 1189 1239 1237 exerceret3
1278 1189 1326 1226 et
1359 1180 1405 1225 in
1440 1179 1701 1225 exerciciis
1736 1194 1788 1226 se

155 1267 360 1303 nostrae
384 1255 623 1302 Societati
649 1257 864 1313 deuouit,
893 1257 1156 1314 diligenter
1180 1257 1284 1302 eius
1302 1257 1524 1302 instituto
1545 1266 1593 1302 et
1612 1257 1788 1302 consti-

156 1335 426 1381 tutionibus
451 1334 586 1391 prius
611 1333 924 1379 examinatis.
951 1334 1141 1379 Nomen
1167 1344 1241 1379 est
1272 1334 1336 1379 illi
1372 1334 1655 1379 Ludouicus
1689 1333 1787 1379 Me-

157 1413 410 1459 thinensis.
442 1412 537 1458 Vir
561 1421 635 1457 est
659 1411 678 1439 b
700 1427 819 1457 sane
844 1427 1029 1469 magno
1055 1412 1233 1458 iudicio
1258 1412 1608 1470 multiplicique
1643 1402 1791 1468 expe-

154 1491 349 1547 rientia,
378 1490 554 1548 quippe
580 1505 724 1547 quem
749 1489 979 1536 docuerit
1002 1490 1153 1547 longa
1177 1490 1280 1536 uita
1311 1492 1444 1547 (nam
1478 1489 1537 1536 40
1570 1489 1711 1535 annis
1747 1498 1795 1534 et

156 1585 215 1614 eo
239 1568 447 1624 amplius
472 1577 617 1613 natus
642 1567 751 1624 est),
779 1577 827 1613 et
851 1583 967 1613 usus
992 1583 1160 1613 rerum
1195 1568 1527 1614 maximarum
1563 1556 1609 1613 et
1644 1583 1794 1625 nego-

156 1647 362 1703 ciorum,
392 1660 517 1702 quae
543 1655 644 1690 tam
680 1645 812 1702 apud
847 1645 1002 1701 indos,
1041 1661 1189 1702 quam
1224 1647 1355 1703 apud
1388 1646 1534 1692 italos
1569 1645 1794 1702 aliasque

156 1733 332 1780 gentes
357 1722 735 1775 remotissimas,
763 1732 867 1767 tum
892 1723 1094 1777 auxilio,
1127 1733 1230 1768 tum
1261 1723 1466 1769 consilio
1501 1723 1793 1778 confecerit,

159 1800 304 1857 idque
328 1799 419 1845 fuit
450 1809 692 1856 perpetuo
727 1799 910 1846 homini
944 1800 1097 1846 foelix
1134 1801 1399 1857 ingenium,
1438 1818 1497 1846 ea
1533 1801 1708 1858 pietas,
1745 1810 1798 1846 ut

159 1878 339 1934 ubique
356 1892 573 1933 magnae
594 1876 847 1934 religionis
867 1878 1116 1934 specimen
1133 1879 1193 1923 de
1218 1894 1270 1924 se
1296 1879 1600 1936 praebuerit;
1621 1888 1670 1924 et
1685 1894 1797 1924 cum

160 1955 326 2000 omnia
360 1954 466 1999 fere
501 1954 835 1999 successerint
868 1954 934 2000 illi
969 1956 1188 2001 secunda
1215 1965 1261 2001 et
1286 1972 1348 2001 ex
1372 1956 1522 2001 animi
1553 1956 1797 2001 sententia

157 2048 216 2078 ea
242 2040 257 2060 Ε
287 2031 578 2087 confecerit,
615 2047 865 2089 nunquam
900 2041 1066 2077 tamen
1102 2049 1211 2078 eam
1247 2049 1336 2078 nec
1373 2033 1483 2091 loci,
1521 2049 1612 2078 nec
1646 2033 1795 2079 animi

159 2109 570 2166 tranquillitatem
595 2118 670 2154 est
693 2118 973 2164 assecutus,
1000 2126 1148 2168 quam
1174 2111 1277 2168 ipse
1313 2111 1517 2156 summis
1552 2111 1680 2156 uotis
1714 2127 1794 2156 ex-

158 2188 362 2245 petebat
397 2197 444 2232 et
478 2203 631 2232 uerae
666 2187 864 2243 pietatis
898 2188 1133 2244 operibus
1167 2188 1420 2234 iudicabat
1454 2188 1794 2233 accomodam.

158 2265 300 2311 Nunc
324 2265 392 2310 ita
416 2263 587 2310 firmus
606 2265 652 2310 in
672 2265 849 2311 itinere
869 2275 1014 2323 cepto
1035 2278 1344 2323 perseuerat,
1368 2277 1604 2323 tantoque
1624 2282 1796 2312 amore

159 2347 207 2388 et
235 2342 478 2399 Opinione
512 2341 815 2388 Societatem
851 2344 1186 2401 prosequitur,
1225 2355 1274 2389 ut
1308 2344 1416 2390 fere
1450 2360 1700 2402 nunquam
1736 2346 1799 2390 ab

161 2421 267 2467 eius
291 2435 378 2465 ore
404 2420 636 2466 excidant
660 2419 929 2466 Societatis
953 2422 1196 2479 encomia,
1230 2423 1405 2480 quibus
1440 2422 1658 2468 inculcat
1691 2438 1799 2479 per-

158 2514 309 2554 saepe
340 2497 466 2543 illius
491 2499 908 2554 opportunitates
941 2503 989 2544 et
1025 2501 1304 2557 commoda,
1348 2510 1654 2557 anteponens
1688 2515 1799 2545 eam

159 2575 350 2622 cunctis
374 2575 651 2621 rationibus
676 2576 888 2633 uiuendi,
917 2593 1040 2634 quas
1064 2578 1141 2623 uel
1176 2578 1279 2635 ipse
1313 2578 1487 2624 fuisset
1513 2593 1600 2635 pei·
1625 2586 1800 2623 semet-

159 2654 317 2711 ipsum
353 2664 605 2710 expertus,
644 2655 722 2700 uel
753 2669 843 2710 per
867 2655 990 2700 alios
1015 2654 1280 2711 didicisset,
1319 2656 1540 2713 diligenti
1572 2655 1709 2701 facta
1733 2655 1800 2701 in-

162 2730 497 2787 uestigatione
521 2730 806 2777 multarum.
834 2732 1032 2778 Nullum
1057 2733 1169 2778 item
1196 2743 1271 2779 est
1294 2749 1384 2778 nec
1408 2733 1556 2783 domi,
1594 2749 1685 2778 nec
1720 2750 1801 2778 ex-

160 2819 240 2854 tra
264 2817 366 2854 tam
392 2809 639 2854 abiectum
665 2818 751 2854 aut
775 2810 1077 2856 laboriosum
1103 2827 1294 2867 munus,
1321 2811 1384 2856 ad
1408 2811 1536 2867 quod
1561 2811 1666 2856 eius
1701 2811 1800 2856 ani-

136 2893 270 2932 'mus
305 2887 476 2932 alacer
510 2902 607 2932 non
642 2887 704 2932 sit
739 2899 785 2933 et
819 2888 1095 2946 expeditus,
1133 2889 1358 2946 quamuis
1392 2889 1498 2934 eius
1532 2889 1802 2936 exercendi

209 3080 227 3100 ³
273 3073 442 3110 Forsan
464 3074 607 3110 voluit
624 3073 767 3111 dicere
789 3074 1035 3111 erudiendis.
1089 3073 1158 3100 —b
1194 3072 1312 3110 Verb.
1331 3078 1391 3109 est
1407 3073 1513 3110 add.
1535 3078 1673 3120 supra
1691 3084 1802 3112 vers,

161 3139 272 3182 alia,
297 3143 345 3176 ztt
365 3139 554 3185 videtur,
575 3149 729 3176 manu.
782 3147 844 3166 ——C
889 3138 1099 3176 szeced.
1121 3150 1159 3175 v.
1182 3138 1288 3176 add.
1310 3143 1447 3184 supra
1466 3150 1580 3176 vers.
