2051 3516
499 313 887 350 7.——VALLISOLETO
915 314 930 349 1
956 313 1158 360 JANUARII
1189 314 1278 350 1557
1611 315 1657 352 39

68 407 266 465 pissime
289 407 560 466 configunt,
587 408 819 455 continuo
843 423 960 454 suas
983 408 1190 454 technas
1213 417 1261 454 et
1285 423 1558 455 uenenatas
1588 425 1700 467 sug-

69 485 323 542 gestiones
346 500 516 531 coram
541 486 766 531 omnibus
789 485 1126 542 propalantes.

127 561 168 607 2.
236 561 385 607 Hisce
404 561 612 618 denique
631 561 920 607 firmissimis
940 561 1275 606 fundamentis
1294 561 1476 618 optime
1494 562 1701 608 insiden-

66 648 156 696 tes,
183 638 317 684 facili
340 639 542 695 negotio
566 639 664 685 alia
699 638 863 684 omnia
895 654 1045 695 super
1079 637 1359 684 aedificant.
1397 638 1526 684 Nam
1561 639 1700 685 scho-

67 716 226 762 lastici
255 731 377 762 suae
407 717 610 773 quisque
634 715 862 761 facultati
886 715 1150 772 diligenter
1174 715 1295 761 satis
1318 716 1532 773 insudat,
1560 733 1701 773 prae-

67 793 199 839 uisas
238 793 365 839 enim
400 793 616 851 quotidie
650 793 886 839 lectiones
921 802 1110 839 attente
1149 793 1370 850 audiunt,
1407 793 1701 851 auditasque

65 871 352 916 memoriter
375 871 616 928 recolunt,
644 879 692 916 et
722 870 922 915 tandem
954 879 1066 927 post
1100 870 1356 916 meridiem
1390 871 1553 916 omnia
1587 886 1699 917 con-

67 947 250 1004 ferunt,
275 947 425 993 latine
450 963 646 1004 semper
669 955 895 1004 agentes.

122 1026 165 1070 4.
234 1024 432 1071 Octauo
456 1040 650 1081 quoque
675 1023 751 1069 die
782 1024 1003 1070 deidicae
1033 1025 1306 1081 sapientiae
1340 1034 1388 1071 et
1421 1026 1701 1072 liberalium

64 1102 245 1147 artium
279 1101 514 1159 cultores,
552 1101 754 1147 mutatis
790 1101 996 1155 vicibus,
1030 1117 1146 1147 suas
1172 1102 1477 1148 assertiones
1502 1102 1700 1149 fortiter

63 1194 124 1224 ac
158 1178 411 1235 ingeniose
449 1179 571 1224 satis
605 1178 888 1241 discutiunt:
932 1179 1212 1225 admirabili
1252 1188 1416 1225 tamen
1457 1180 1701 1227 modestia

63 1256 221 1302 aciem
266 1272 327 1302 ac
375 1257 621 1302 luxuriem
664 1256 814 1313 ipsius
858 1256 1135 1303 intellectus
1183 1267 1360 1314 suapte
1405 1267 1588 1304 natura
1632 1258 1698 1304 ef-

62 1333 253 1380 frenem
277 1334 299 1355 a
322 1335 654 1380 moderantes.

123 1411 142 1419 .-

120 1426 163 1457 O.
230 1411 326 1468 Ipsi
350 1411 498 1456 etiam
521 1411 701 1457 Patres
725 1427 821 1457 non
856 1412 1034 1457 minori
1069 1412 1215 1457 animi
1251 1422 1436 1458 conatu
1470 1413 1516 1458 in
1552 1413 1698 1459 vinea

61 1488 259 1534 Domini
284 1489 592 1535 incessanter
616 1490 863 1535 laborant.
890 1489 1161 1546 Hucusque
1181 1489 1441 1535 lectionem
1460 1506 1522 1536 ex
1541 1490 1700 1536 Thre-

60 1566 135 1610 nis
158 1565 401 1611 Ieremiae
425 1566 679 1612 dominicis
705 1566 876 1612 diebus
900 1566 1031 1612 dorni
1054 1567 1331 1622 habuimus,
1360 1583 1505 1624 quern
1529 1577 1698 1612 noster

62 1642 144 1688 Pr.
172 1642 473 1688 Franciscus
497 1643 732 1700 copiosae
755 1643 919 1700 populi
944 1643 1241 1689 multitudini
1267 1660 1379 1689 cum
1403 1644 1590 1701 ingenti
1624 1644 1698 1701 <vt

62 1720 231 1776 credo)
271 1719 491 1777 ejusdem
531 1720 743 1766 Vtilitate
783 1721 914 1778 cepit
953 1721 1322 1778 interpraetari,
1360 1722 1438 1767 cui
1478 1722 1541 1766 ob
1579 1737 1696 1767 suas

60 1796 346 1842 innumeras
386 1798 739 1854 occupationes
777 1799 1017 1844 successit
1056 1798 1136 1843 Pr.
1181 1799 1357 1844 doctor
1397 1799 1593 1844 Madrid
1637 1814 1697 1844 ac

61 1873 210 1918 etiam
249 1873 330 1919 Pr.
373 1874 550 1919 doctor
588 1874 897 1931 Rodrl'guez,
941 1876 1020 1932 qui
1061 1891 1156 1921 non
1200 1876 1377 1921 minori
1417 1876 1696 1922 animarum

59 1949 228 1996 fructu
272 1951 480 2008 idipsum
521 1953 801 1998 executioni
847 1953 1145 1998 mandarunt
1190 1955 1220 1998 ¹.
1268 1953 1482 1999 Peracto
1527 1963 1695 1999 autern

60 2028 218 2085 primo
243 2029 420 2086 capite,
449 2030 657 2075 arbitrio
682 2029 827 2087 hujus
860 2039 1062 2076 nostrae
1098 2031 1378 2088 prouintiae
1412 2031 1692 2077 moderato-

60 2105 144 2161 ris,
180 2105 346 2151 Patris
382 2106 566 2163 Araoz,
604 2106 731 2153 idem
756 2107 837 2153 Pr.
864 2107 1152 2165 Rodriguez
1176 2123 1374 2153 sacram
1400 2107 1586 2153 Christi
1612 2109 1693 2154 do-

60 2183 271 2228 ctrinam
310 2183 380 2229 sic
418 2184 610 2230 erudite
649 2185 777 2242 cepit
816 2185 1187 2242 interpraetari,
1232 2195 1284 2231 vt
1323 2186 1495 2231 doctus
1534 2185 1693 2243 quiuis

59 2259 322 2315 plurimum
346 2261 590 2306 commodi
614 2270 782 2318 posset
806 2271 1085 2318 reportare:
1111 2262 1239 2319 quod
1261 2278 1381 2308 sane
1406 2262 1693 2319 experimur

59 2351 122 2381 ex
145 2352 203 2381 eo
229 2337 356 2394 quod
380 2337 554 2395 ingens
579 2339 742 2395 populi
767 2339 1028 2385 multitudo
1053 2348 1157 2385 turn
1181 2340 1442 2385 illustrium
1468 2339 1692 2384 virorum

60 2422 108 2458 et
131 2413 444 2464 feminarum.
478 2431 589 2460 cum
621 2416 771 2461 etiarn
803 2431 976 2461 eorum
1011 2417 1091 2473 qui
1127 2416 1303 2462 officiis
1337 2417 1591 2473 regalibus
1626 2416 1690 2462 in-

57 2490 296 2546 seruiunt,
335 2491 733 2548 frequentissime
766 2493 830 2538 ad
864 2493 1126 2539 salutifera
1157 2493 1340 2539 Christi
1371 2502 1690 2539 sacramenta

58 2567 317 2624 accedunt,
354 2568 595 2626 adeoque,
633 2579 686 2615 vt
719 2585 837 2627 sepe
871 2585 959 2615 sex
994 2570 1173 2617 Patres
1207 2570 1460 2616 audiendis
1499 2569 1689 2616 confes-

56 2644 273 2689 sionibus
296 2660 393 2690 non
417 2645 679 2692 sufficiant.

115 2720 157 2766 6.
223 2721 474 2767 Multoties
513 2723 661 2768 etiam
702 2734 946 2770 vocantur
989 2740 1080 2781 pro
1120 2724 1345 2780 infirmis,
1391 2739 1582 2769 necnon
1626 2724 1689 2770 ad

105 2899 124 2917 a
175 2899 318 2936 effrem
338 2911 417 2937 ms.

106 3066 115 3084 ¹
168 3065 410 3103 Franciscus
438 3067 608 3114 Borgia,
641 3067 847 3103 Antonius
879 3066 1056 3111 Madrid,
1092 3065 1403 3113 Christophorus
1435 3067 1682 3114 Rodriguez.

59 3123 121 3161 Cf.
144 3124 389 3168 ΡοιΑΝευΜ,
414 3126 581 3169 0]ῑνοιι.,
603 3126 677 3169 VI,
698 3126 767 3162 579
786 3132 825 3162 et
844 3126 924 3162 651.
