2051 3516
400 275 470 312 8:52
867 279 1086 318 LITTERAE
1113 284 1204 327 QUA
1212 294 1465 321 DRIMESTRES

353 371 535 416 jandin
561 374 704 420 uobis
728 376 1022 421 innotuerit.
1059 376 1114 421 Vt
1136 378 1272 423 enim
1297 385 1314 405 ³
1341 380 1676 427 docendorum
1709 400 1974 440 puerorum

353 449 504 493 semel
528 463 557 494 a
582 451 720 496 nobis
744 462 978 509 succepta
1003 453 1274 511 prouincia,
1303 457 1365 501 ab
1384 456 1603 503 instituto
1628 469 1798 505 nostro
1823 461 1973 507 disce·

353 523 470 569 dere
494 540 587 570 non
615 528 815 586 patitur,
843 529 909 574 ita
933 539 1070 575 certe
1094 532 1403 578 exercendae
1436 534 1478 578 in
1514 550 1683 580 omnes
1717 535 1973 583 charitatis

353 600 562 646 studium
587 614 888 662 sanctaeque
923 607 1231 653 obedientiae
1266 609 1492 655 meritum
1529 612 1689 668 magis
1723 629 1782 658 ac
1816 615 1973 670 magis

354 677 396 721 in
422 677 525 723 dies
547 695 751 727 munere
775 694 945 728 nostro
970 682 1107 739 fungi
1132 685 1307 731 suadet
1331 686 1645 745 impellitque,
1684 698 1734 735 ut
1767 706 1862 735 non
1898 707 1969 736 so-

351 754 448 798 lum
473 755 612 801 bonis
636 758 826 804 artibus
850 775 909 805 ac
929 759 1206 817 discipliniS,
1234 763 1318 808 sed
1339 764 1487 809 etiam
1512 765 1730 811 honestis
1755 768 1973 814 moribus

352 831 688 890 religioneque
729 836 996 882 christiana
1030 853 1294 894 puerorum
1318 841 1464 886 animi
1492 843 1821 889 instituantur.
1849 844 1975 891 Hinc

351 907 400 953 fit
425 918 475 954 ut
498 910 542 955 in
569 911 660 956 hac
685 923 825 968 parte
846 930 1041 971 quoque
1062 916 1322 971 plurimum
1351 920 1480 975 apud
1506 935 1676 966 omnes
1700 920 1719 948 b
1740 923 1898 979 magis
1917 939 1975 968 ac

350 986 509 1042 magis
533 988 584 1032 in
609 989 721 1034 dies
753 991 954 1036 scholae
989 1001 1189 1038 nostrae
1230 995 1648 1053 commendentur,
1689 1008 1832 1054 vtque
1866 999 1972 1045 hinc

351 1062 555 1119 triginta
580 1075 627 1110 et
651 1067 858 1124 amplius
883 1068 1154 1115 miliaribus
1179 1086 1274 1115 una
1299 1087 1406 1116 cum
1433 1072 1533 1117 suis
1552 1074 1860 1132 paedagogis
1878 1092 1969 1121 non

351 1154 535 1194 paruus
559 1141 847 1188 discentium
874 1160 1107 1191 numerus
1138 1147 1199 1191 ad
1230 1163 1320 1192 nos
1350 1148 1580 1206 confluat,
1617 1149 1883 1198 Societatis
1908 1153 1970 1198 in-

349 1216 518 1261 stituto
548 1220 869 1278 applaudens,
907 1238 1034 1278 quae
1068 1236 1116 1268 et
1150 1224 1328 1269 adultis
1363 1234 1409 1270 et
1445 1227 1662 1281 paruulis
1697 1230 1972 1275 consultum

349 1308 457 1338 esse
492 1295 658 1340 uoluit.
697 1295 889 1354 Quippe
925 1299 1004 1354 qui
1046 1315 1228 1354 magna
1268 1316 1416 1357 saepe
1451 1303 1726 1350 animarum
1762 1307 1970 1363 iactura,

350 1368 602 1427 falsaeque
627 1372 881 1419 doctrinae
907 1376 1143 1431 periculO,
1171 1377 1260 1422 sub
1291 1378 1398 1423 aliis
1422 1382 1831 1437 praeceptoribus
1854 1383 1975 1429 dare

350 1461 553 1502 operam
594 1449 727 1504 prius
766 1461 1084 1507 cogerentur.
1128 1452 1362 1499 Futurum
1398 1456 1521 1501 enim
1559 1456 1650 1503 Dei
1686 1473 1777 1514 ope
1812 1460 1973 1505 existi·

350 1533 485 1569 mant
509 1540 695 1579 omnes,
722 1542 816 1572 non
848 1543 1032 1583 paucos
1067 1545 1091 1574 e
1122 1530 1301 1575 scholis
1336 1533 1515 1578 nostris
1546 1550 1842 1590 egressuros
1875 1537 1970 1593 qui,

349 1600 679 1646 hereticorum
721 1603 909 1648 technis
944 1606 1142 1651 retectis
1177 1614 1208 1661 ⁰,
1251 1608 1358 1653 aliis
1383 1611 1609 1667 exemplo
1633 1612 1727 1656 sint
1764 1628 1972 1669 quonam

349 1676 731 1723 christianorum
756 1696 893 1725 more
917 1681 1017 1727 uita
1041 1682 1101 1728 sit
1125 1683 1436 1731 instituenda.
1466 1687 1717 1743 Quantum
1754 1705 1874 1734 uero
1909 1691 1968 1735 ad

348 1753 474 1799 hanc
500 1770 601 1799 rem
633 1757 943 1803 emolumenti
970 1761 1178 1805 crebrae
1203 1761 1540 1809 confessiones
1566 1764 1800 1820 afferant,
1828 1782 1970 1812 nemo

348 1840 421 1875 est
447 1832 526 1887 qui
551 1848 645 1877 non
673 1833 852 1886 uideat,
881 1837 1007 1891 quod
1035 1848 1080 1882 et
1106 1838 1321 1884 nonnulli
1346 1840 1521 1886 horum
1545 1842 1750 1899 singulis
1774 1843 1970 1889 domini-

349 1908 434 1962 cis,
462 1910 690 1964 permulti
716 1926 834 1956 uero
858 1913 1157 1959 solemnibus
1177 1915 1345 1961 diebus
1365 1929 1741 1965 sacrosanctum
1763 1921 1842 1966 xi.
1865 1937 1969 1966 cor-

348 2000 438 2040 pus
461 2001 657 2031 sumere
681 1987 809 2032 soliti
833 1988 941 2034 sint.
970 1989 1081 2046 Quo
1106 2001 1269 2037 autem
1291 2009 1378 2038 nos
1399 2010 1570 2041 amore
1589 2007 1967 2055 prosequantur,

352 2077 445 2106 non
480 2062 625 2108 facile
661 2064 883 2111 dixerim.
924 2067 1105 2113 Nescio
1140 2070 1275 2114 enim
1313 2075 1485 2117 utrem!
1520 2073 1595 2118 illa·
1626 2088 1732 2125 nos,
1776 2089 1841 2119 (m
1882 2090 1974 2120 uos

350 2138 462 2183 illos
497 2141 672 2196 magis
706 2142 1050 2189 J‘ecz'anzenms.
1090 2144 1311 2201 Quorum
1353 2164 1585 2195 numerus
1621 2151 1745 2195 haud
1783 2151 1970 2197 dubita—

350 2230 455 2260 mus
479 2216 587 2272 quin
616 2218 768 2263 multo
795 2220 1040 2275 copiosior
1064 2221 1253 2279 fuisset,
1281 2224 1325 2269 ni
1351 2227 1522 2271 morbo
1558 2227 1739 2283 passim
1775 2243 1969 2284 serpen-

350 2302 398 2338 te
423 2308 481 2338 ac
506 2294 569 2338 ab
594 2294 824 2352 Augusto
850 2296 1182 2344 inualescente
1208 2301 1304 2356 (qui
1327 2317 1454 2348 nunc
1473 2303 1667 2349 demum
1693 2305 1779 2350 Dei
1804 2305 1970 2362 gratia

351 2386 402 2415 se
433 2371 653 2428 remittit)
682 2373 844 2429 plures
879 2374 1009 2419 a'eris
1044 2377 1312 2422 mutatione
1349 2379 1438 2424 sibi
1473 2381 1848 2439 consuluissent,
1887 2392 1971 2427 aut

349 2447 476 2492 male
501 2447 671 2493 affecti
696 2450 885 2505 patrios
909 2452 1040 2497 lares
1067 2453 1367 2500 reuisissent.
1397 2457 1502 2513 Qui
1529 2459 1803 2514 quominus
1837 2473 1972 2504 mim·

348 2537 525 2569 (menes
554 2526 753 2571 reuersi
783 2527 901 2579 sint,
936 2529 1231 2575 ztslzdelm'as
1265 2531 1316 2576 in
1353 2534 1713 2590 (taztsafllt'sse
1748 2541 1971 2591 comper-

349 2604 457 2646 tum
481 2601 743 2648 habemns
773 2603 882 2649 Non
908 2614 1174 2662 propterea
1199 2616 1363 2654 tamen
1402 2609 1782 2657 aduentantibus
1818 2613 1971 2669 quoti-

350 2678 424 2722 die
457 2679 599 2724 nouis
632 2680 954 2737 scholasticiS,
993 2683 1139 2729 etiam
1175 2685 1343 2731 diebus
1379 2687 1744 2734 canicularibus
1777 2689 1970 2746 (quibus

350 2754 673 2801 antecedente
698 2772 826 2802 anno
852 2758 1086 2804 lectiones
1111 2760 1417 2808 intermissae
1442 2764 1605 2820 erant)
1625 2780 1654 2809 a
1674 2765 1868 2820 publico
1887 2766 1967 2811 do-

349 2829 488 2875 cendi
508 2846 709 2877 munere
730 2834 1034 2891 uacauimus,
1054 2836 1261 2882 eundem
1281 2838 1531 2896 horarum,
1552 2840 1813 2886 lectionum
1833 2852 1880 2887 et
1897 2857 1970 2887 re-

349 2906 635 2961 petitionum
660 2908 880 2954 ordinem
905 2921 1179 2969 seruantes‚
1208 2929 1349 2969 quem
1376 2916 1566 2961 romani
1604 2917 1799 2973 collegii
1834 2933 1970 2964 more

400 3073 418 3091 ³
468 3079 520 3110 vt.
576 3075 641 3101 —b
674 3075 713 3110 in
732 3075 826 3112 dies.
881 3084 940 3104 —C
974 3077 1153 3114 doctrina
1171 3078 1375 3116 resistant.
