2051 3516
475 284 887 321 154.-1N<;o1„smmo
913 283 960 320 26
984 283 1162 321 APRILIS
1190 284 1280 321 1558
1564 284 1629 321 601

119 381 388 428 quibusdam
408 383 448 417 et
465 380 520 417 de
538 380 793 417 candidatis
811 380 872 417 ad
891 380 1165 422 Socz'etatem,·
1187 379 1242 417 de
1269 381 1438 426 collegii
1462 381 1681 425 angustiis

118 452 170 478 ac
196 441 251 478 de
274 441 434 478 domus
449 440 722 486 probationis
742 441 1012 483 necessitates
1029 439 1083 476 de
1102 440 1330 477 monachis
1354 441 1548 477 aliorum
1567 440 1679 477 ordi-

120 511 230 538 num
260 501 386 537 domi
413 504 588 537 nostrae
615 510 664 536 ex
690 501 916 537 voluntate
938 501 1157 546 principis
1184 499 1583 536 instituendis—8.
1617 500 1682 536 De

110 560 231 607 soml
264 560 441 603 Adlem,
479 559 715 605 trmzsfnga
752 560 995 602 Societatis,
1034 559 1160 606 cnjus
1195 561 1419 596 occasione
1453 560 1681 606 episcopus

88 643 92 646 >
117 622 387 665 eystatensis
407 622 575 656 nostros
583 619 773 666 juvenes
791 619 1000 657 ordinare
1019 623 1203 656 recusat.

110 704 147 749 1.
213 708 238 757 †
272 704 380 749 Pax
415 703 599 749 Christi
635 704 743 749 Iesu
779 704 1052 749 nobiscum.
1091 703 1214 748 Rde.
1255 704 1422 749 Pater.
1460 703 1681 749 Tametsi

48 780 201 826 Rdus.
236 780 317 826 Pr.
351 781 671 837 prouincialis
705 781 836 838 apud
870 780 1221 838 paternitatem
1261 790 1397 826 tuam
1437 796 1546 826 esse
1585 780 1680 837 epi-

46 859 204 903 stolae
231 858 339 903 vice
362 857 532 914 possit,
559 867 726 903 tamen
760 873 855 903 non
891 857 1137 914 displicuit
1171 873 1232 902 ea
1266 873 1394 914 quae
1428 867 1539 914 post
1572 873 1679 914 spa-

47 936 175 980 cium
201 944 505 980 menstruum
531 935 672 981 nobis
691 950 783 980 vsu
802 944 1048 981 venerunt
1071 935 1242 991 paucis
1261 935 1619 992 perstringere.

134 1011 296 1058 Sacra
321 1027 564 1057 caesarea
589 1013 826 1058 maiestas
855 1020 903 1058 et
937 1027 1174 1057 romanus
1207 1012 1479 1068 imperator
1512 1012 1680 1057 Ferdi-

46 1090 254 1147 nandus,
292 1105 437 1146 quem
472 1090 549 1136 hic
579 1105 690 1135 cum
721 1090 941 1147 principe
965 1089 1118 1135 Illust.
1149 1091 1342 1135 bauaro
1367 1092 1379 1114 ¹
1407 1090 1680 1147 praestola-

46 1168 194 1212 batur
227 1167 381 1212 Rdus.
419 1167 688 1213 cardinalis
711 1167 870 1212 tribus
893 1166 1064 1213 diebus
1089 1176 1204 1212 ante
1234 1166 1388 1212 ferias
1422 1167 1683 1223 paschales

46 1245 139 1290 hac
172 1245 423 1290 Viennam
463 1245 716 1301 profectus
754 1254 846 1302 est,
889 1245 1092 1290 humato
1131 1260 1221 1290 sex
1261 1244 1533 1290 miliaribus
1572 1245 1682 1290 hinc

45 1322 311 1367 Rdissimo.
359 1322 591 1379 episcopo
636 1322 891 1368 labacensi
947 1323 978 1376 2,
1027 1321 1107 1379 qui
1156 1322 1417 1379 repentino
1467 1337 1588 1367 casu
1636 1322 1682 1367 in

45 1400 260 1457 quodam
284 1400 588 1446 monasterio
618 1399 1008 1455 Donauuerdae‚
1046 1409 1100 1445 vt
1135 1400 1334 1457 publica
1367 1410 1414 1445 et
1448 1409 1684 1445 constans

45 1479 182 1524 fama
206 1487 295 1535 est,
323 1478 570 1524 extinctus
594 1478 786 1524 dicitur.

105 1556 148 1602 2.
216 1557 454 1614 Magnam
489 1556 878 1602 consolationem
920 1557 1059 1602 nobis
1100 1556 1321 1602 adhibuit
1361 1556 1685 1601 admirandae

45 1634 334 1680 humilitatis
378 1634 828 1680 reuerendissimus
871 1634 954 1680 Pr.
1007 1643 1320 1690 augustanus
1375 1634 1407 1691 3,
1460 1634 1540 1691 qui
1589 1651 1683 1680 non

45 1712 192 1757 modo
217 1711 432 1758 inuisere
455 1727 545 1757 nos
565 1720 619 1757 vt
642 1712 884 1758 hactenus
903 1713 1043 1766 solet,
1067 1728 1244 1757 verum
1265 1712 1415 1757 etiam
1436 1712 1499 1757 ad
1518 1712 1683 1757 aulam

44 1788 198 1834 Illust.
228 1788 461 1845 principis
485 1788 748 1845 aliquoties
773 1805 850 1835 me
875 1804 1062 1835 vocare
1087 1789 1320 1847 dignatus
1345 1798 1435 1835 est.
1468 1789 1545 1834 De
1579 1789 1682 1835 fun-

45 1866 207 1912 dando
242 1866 456 1923 collegio
491 1866 751 1924 dilingensi
781 1867 1088 1923 propositum
1120 1866 1433 1913 confirmauit
1457 1876 1683 1917 constan-

44 1944 247 2000 tissime,
274 1943 405 2001 quod
438 1952 604 1989 tamen
638 1960 735 1990 non
769 1953 961 2001 potero,
1000 1945 1083 1997 ait,
1122 1942 1363 1990 Societati
1398 1944 1683 2001 consignari

45 2033 159 2067 ante
198 2022 494 2067 electionem
532 2022 648 2067 noui
688 2022 960 2079 praepositi
998 2027 1033 2067 ἃ.
1078 2022 1358 2068 Postulauit
1396 2023 1559 2068 locum
1594 2022 1683 2068 sibi

45 2099 152 2145 dari
192 2099 255 2144 ad
296 2099 651 2145 celebrandum
691 2100 737 2145 in
782 2100 996 2146 ecclesia
1040 2109 1214 2145 nostra
1259 2100 1495 2157 postridie
1540 2116 1685 2157 quam

45 2193 185 2222 suam
211 2176 558 2222 excellentiam
582 2177 600 2204 b
627 2178 962 2223 conuenirem.
986 2178 1147 2223 Porro
1171 2193 1282 2223 cum
1301 2194 1331 2223 a
1350 2194 1426 2223 me
1446 2178 1682 2234 intellige-

45 2264 122 2300 ret
160 2254 335 2300 eodem
376 2270 572 2311 quoque
607 2255 684 2300 die
724 2254 921 2300 futuras
956 2255 1315 2312 disputationes
1354 2256 1681 2312 theologicas,

45 2331 202 2377 voluit
226 2332 393 2377 statim
417 2332 603 2377 habere
627 2332 974 2378 conclusiones
999 2348 1183 2389 easque
1202 2333 1248 2378 in
1268 2348 1387 2378 arce
1407 2333 1537 2390 apud
1557 2333 1684 2390 prin-

45 2410 203 2467 cipem
243 2409 394 2455 Illust.
439 2409 529 2455 sibi
570 2411 899 2466 praesentari,
942 2410 1169 2456 nimirum
1206 2420 1258 2456 vt
1296 2427 1406 2456 cum
1445 2411 1684 2456 facultate

45 2487 294 2545 principis,
322 2488 462 2533 cuius
498 2497 614 2534 tunc
648 2489 957 2534 voluntatem
997 2499 1045 2535 et
1084 2489 1485 2534 beneuolentiam
1522 2489 1684 2546 magis

45 2566 322 2622 spectabat,
345 2580 404 2611 eo
430 2566 560 2622 quod
584 2565 630 2610 in
656 2566 772 2612 aula
797 2582 886 2611 sua
910 2575 1067 2612 totam
1087 2566 1355 2611 cardinalis
1379 2565 1616 2611 familiam
1637 2576 1685 2612 et

45 2657 198 2698 equos
222 2642 395 2696 aleret,
425 2642 842 2699 disputationibus
871 2643 1114 2688 interesse
1148 2653 1259 2700 post
1293 2643 1575 2688 absolutum
1609 2659 1684 2688 sa-

91 2824 110 2843 a
160 2823 353 2871 propositi
373 2834 453 2860 ms.
509 2823 574 2851 —b
609 2823 822 2861 Pmeced.
844 2835 882 2860 v.
906 2824 1085 2861 obscure
1104 2826 1348 2871 atczrcztzstm.

94 2988 102 3005 ¹
156 2985 357 3022 Albertus
378 2985 431 3022 V.

93 3046 106 3065 ‘2
157 3045 355 3082 Urbanus
378 3045 531 3082 Textor
550 3045 752 3090 (Weber).

93 3106 106 3125 ³
159 3103 254 3142 Otto
276 3105 515 3142 Truchsess.
