2051 3516
475 246 799 283 197.—C01„0N1A
824 247 871 284 ‘28
901 247 1164 285 SEPTEMBRIS
1194 247 1285 284 1558
1578 246 1646 283 811

53 342 282 388 habenda
305 351 379 387 est
404 341 550 399 ratio,
576 342 666 398 qni
688 355 788 385 non
813 342 995 386 leniter
1012 342 1339 387 estimandus
1358 346 1448 397 est,
1476 341 1695 397 reliquas

56 420 236 464 bursas
261 434 573 475 superamus.
616 416 669 463 Si
703 418 932 463 nobilitas
966 429 1234 475 spectetur,
1277 429 1364 464 aut
1398 433 1694 475 superamus

55 505 143 541 aut
166 507 302 541 certe
325 502 342 523 ³
383 510 676 552 aequamus,
703 493 755 539 Si
781 510 903 538 vero
928 496 987 539 de
1007 511 1200 540 morum
1219 495 1547 552 ingenuitate,
1570 494 1693 540 litte-

55 589 227 618 rarum
262 583 310 618 et
345 573 543 629 pietatis
579 587 852 628 progressu
887 587 1051 616 sermo
1087 583 1176 624 est,
1215 573 1444 630 profecto
1480 573 1630 628 longo
1669 572 1690 599 b

55 650 179 696 alios
199 651 461 696 interuallo
483 661 592 713 post
612 656 627 676 ς
650 660 798 705 terga
819 649 1154 704 relinquimus:
1179 651 1306 695 hunc
1327 649 1606 706 profectum
1627 664 1690 694 ex

53 728 300 784 frequenti
326 726 687 781 communione,
715 741 806 771 ceu
831 741 894 770 ex
919 725 1086 770 radice
1108 726 1418 771 ramusculos
1442 726 1690 782 suppullu-

54 806 161 850 lare
185 803 536 860 comperimus.
565 804 645 848 Ad
664 804 791 848 hanc
810 818 966 858 usque
983 803 1108 847 adeo
1128 804 1363 848 anhelant
1382 803 1693 860 frequenter,

55 893 106 926 ut
130 881 175 926 in
211 881 340 926 festo
374 880 650 926 natiuitatis
682 879 733 926 S.
772 880 964 925 Mariae
998 879 1224 935 proxime
1259 881 1428 936 elapso
1463 891 1693 926 caterua-

56 959 158 1012 tim,
197 974 293 1003 non
330 958 434 1003 sine
469 958 794 1013 plurimorum
836 956 1168 1001 admiratione
1208 957 1556 1014 confluxerint,
1595 974 1693 1004 non

55 1036 210 1080 solum
236 1050 299 1080 ex
318 1035 587 1080 mediocris
612 1034 847 1079 fortunae
872 1033 1150 1088 iuuenibus,
1177 1034 1263 1078 sed
1288 1035 1436 1079 etiam
1472 1050 1534 1079 ex
1558 1036 1692 1081 nobi-

61 1111 279 1157 lioribus.
303 1111 526 1156 Praeter
540 1111 671 1156 alios
686 1111 844 1156 etiam
861 1111 1078 1156 accessit
1092 1109 1402 1156 nobilissimi
1418 1113 1695 1158 cniusdam

56 1188 269 1233 baronis
278 1188 431 1245 filins
454 1202 605 1245 quem
631 1189 682 1233 z‘n
703 1187 977 1244 collegium
1001 1187 1263 1233 sollicitati
1293 1189 1559 1244 suscipere
1594 1204 1697 1234 non

51 1268 320 1321 potuimus
343 1264 402 1310 ob
421 1265 519 1310 locz'
540 1265 846 1321 angustiam
871 1263 889 1290 ⁰¹
915 1302 922 1309 .
951 1263 1088 1309 Sunt
1109 1264 1384 1322 em'mfere
1411 1266 1485 1310 70
1506 1267 1597 1323 (μα’
1614 1281 1696 1311 120-

55 1342 252 1388 ln'scmn
275 1343 527 1387 victitant.

113 1419 154 1466 2.
222 1419 438 1476 Quidam
463 1420 871 1477 gymnasiarcha,
899 1435 994 1464 non
1021 1420 1307 1465 aa'lnoa'mn
1331 1420 1377 1465 in
1403 1419 1497 1466 fide
1522 1437 1695 1477 synce-

54 1513 155 1554 rus‚
182 1497 321 1542 fouet
346 1497 390 1541 in
416 1497 587 1542 schola
613 1498 827 1553 quadam
858 1497 1041 1542 triuiali
1078 1498 1185 1553 plus
1209 1498 1369 1543 minus
1405 1498 1535 1543 mille
1560 1499 1694 1555 quin-

53 1584 233 1632 gentos
256 1574 602 1619 adolescentes
628 1576 656 1618 ¹.
686 1574 731 1619 Is
756 1583 1056 1630 conquestus
1080 1586 1152 1619 est
1188 1574 1246 1631 (si
1282 1576 1477 1620 cuidam
1513 1577 1692 1632 proba-

54 1662 136 1698 tae
161 1651 272 1697 fidei
308 1652 414 1697 uiro
449 1651 569 1697 fides
595 1651 873 1697 adhibenda
898 1652 991 1707 est)
1016 1652 1106 1697 sibi
1133 1652 1403 1698 maximam
1431 1652 1605 1698 inferri
1626 1654 1691 1699 ia-

56 1740 270 1784 cturam,
305 1731 434 1787 quod
469 1730 798 1775 celeberrima
822 1729 978 1775 nostri
1005 1730 1204 1786 collegii
1233 1730 1370 1775 fama
1396 1731 1694 1787 quampluri-

57 1823 164 1852 mos
203 1807 470 1864 discipulos
500 1807 564 1852 ab
599 1807 727 1852 illius
763 1807 933 1852 schola
970 1816 1147 1851 euocet
1183 1822 1242 1852 ac
1279 1808 1496 1853 abducat
1531 1808 1577 1853 in
1612 1825 1697 1854 no-

53 1897 209 1930 strum
242 1885 541 1941 conuictum,
569 1894 655 1929 aut
679 1885 856 1930 saltem
882 1886 972 1929 sub
1004 1893 1227 1930 nostram
1264 1885 1590 1942 disciplinam.
1618 1886 1691 1931 In-

53 1963 289 2008 credibile
308 1963 442 2008 dictu
461 1972 698 2018 quantam
720 1978 848 2008 nunc
868 1962 947 2007 ille
967 1973 1118 2008 nauet
1137 1978 1344 2019 operam
1366 1973 1417 2008 ut
1435 1979 1553 2009 suos
1577 1980 1689 2009 con—

52 2050 235 2095 seruet,
265 2040 445 2097 partim
470 2055 560 2095 per
585 2050 942 2096 praeceptores
968 2055 1091 2096 quos
1114 2039 1206 2085 sibi
1236 2040 1562 2098 vndecunque
1587 2050 1692 2097 pot-

54 2126 129 2162 est
163 2117 379 2162 accersit
419 2116 749 2173 doctissimOS,
792 2116 973 2172 partim
1013 2116 1160 2161 solito
1200 2117 1377 2162 maiori
1417 2117 1690 2175 diligentia,

53 2183 149 2250 qua
181 2200 197 2220 e
220 2193 719 2252 legeslscholasticas
754 2203 981 2248 renouat,
1013 2193 1298 2250 praefectos
1338 2195 1569 2240 iuuenum
1606 2211 1697 2252 per

54 2271 228 2316 domos
263 2271 445 2316 ciuium
480 2270 735 2316 constituit
770 2283 819 2316 ut
855 2271 1139 2328 perdendae
1179 2271 1421 2317 iuuentuti
1466 2282 1611 2318 vacet
1645 2283 1695 2319 et

52 2348 153 2393 suis
178 2348 429 2393 crumenis
447 2348 692 2393 consulat.
716 2347 987 2394 Caeterum
1009 2360 1199 2394 tantum
1221 2350 1361 2394 abest
1382 2359 1432 2395 ut
1453 2364 1694 2406 sparsum

53 2425 113 2470 de
138 2425 280 2471 nobis
303 2439 568 2471 rumorem
601 2424 612 2451 f
636 2430 729 2471 ant
750 2426 1027 2471 obscurare
1060 2430 1152 2471 ant
1181 2427 1339 2471 etiam
1373 2427 1692 2483 labefactare

52 2512 217 2559 queat,
246 2513 298 2547 ut
328 2503 479 2548 etiarn
513 2518 610 2547 non
635 2503 953 2548 mediocriter
978 2503 1205 2548 illustret.
1245 2503 1371 2549 Nam
1397 2504 1523 2550 illius
1547 2520 1688 2561 prae-

50 2579 230 2636 stigiae
255 2594 315 2625 ac
348 2580 739 2638 sycophantiae,
766 2580 942 2636 quibus
961 2581 1190 2626 incautos
1215 2581 1564 2627 adolescentes
1588 2581 1694 2628 illa-

50 2672 238 2714 queare
262 2672 322 2702 ac
346 2656 544 2702 irretire
570 2657 837 2710 contendit,
865 2657 992 2702 adeo
1027 2658 1348 2703 innotuerunt
1372 2668 1424 2703 ut
1458 2659 1692 2704 catholici

98 2807 116 2827 ³
149 2805 262 2836 recte
281 2799 335 2836 H.
389 2799 455 2826 —b
490 2801 612 2846 longe
632 2799 686 2837 H.
743 2807 804 2828 —C
842 2800 890 2847 p9
922 2812 1003 2837 ms.
1064 2800 1123 2826 —d
1159 2801 1191 2837 Α
1224 2812 1291 2837 vv.
1327 2800 1394 2837 Ad
1426 2801 1530 2838 hanc
1557 2814 1691 2848 usque

50 2864 216 2901 desunt
233 2866 279 2901 in
299 2864 352 2901 H.
406 2872 470 2891 -θ
490 2877 612 2911 quam
631 2864 688 2901 H.
748 2865 804 2891 ——f
842 2878 1024 2912 sparsam
1108 2864 1272 2902 famam.

99 2997 108 3015 ¹
160 2995 218 3033 Ut
236 3000 405 3032 annotat
424 2994 614 3039 HANSEN,
637 2996 711 3032 loc.
733 2996 815 3039 cit„
846 2996 983 3041 agitur
1010 2996 1058 3032 de
1088 2995 1311 3039 Monheim,
1343 2997 1571 3043 professore
1602 2998 1695 3034 dus-

50 3054 331 3102 seldorpiensi.
