2051 3516
355 296 423 333 420
823 297 1039 334 LITTERAE
1065 297 1419 342 QUADRIMESTRES

308 402 421 436 cata
455 391 743 437 confitentes
776 393 927 450 audit,
964 403 1111 449 atque
1145 392 1428 438 Aristotelis
1459 392 1768 438 dialecticam
1792 392 1920 437 domi

309 468 534 512 absoluit.
576 468 720 513 Foris
755 485 875 514 uero
915 468 1269 526 propemodum
1308 469 1603 525 Magistrum
1647 468 1919 514 Sententia-

309 560 415 589 rum
440 554 487 589 et
511 545 571 591 D.
599 545 794 591 Ioannis
829 546 1037 602 apostoli
1071 546 1319 602 epistolas.
1348 545 1542 591 Verum
1577 546 1748 602 reliqui
1782 561 1921 602 prae-

308 631 533 676 ceptores
557 637 652 666 non
677 622 824 667 etiam
859 623 962 667 sine
992 623 1163 667 labore
1197 621 1412 667 fuerunt.
1450 621 1575 666 Nam
1611 621 1675 666 M.
1713 621 1922 667 loannes

307 696 574 753 Bercelius,
604 698 775 743 nobilis
800 698 1231 754 buschoducensis,
1258 699 1301 743 in
1329 698 1547 743 inferiori
1573 699 1921 754 grammatico-

309 789 416 818 rum
440 775 609 819 schola
635 775 880 820 laborauit
898 775 1177 831 plurimum,
1200 774 1490 820 adolescens
1508 775 1569 820 ad
1590 775 1741 820 multa
1761 784 1919 831 aptus3

308 859 355 894 et
389 850 410 870 ²¹
444 851 508 895 M.
546 849 825 907 Gregorius
859 851 1058 906 Fabius,
1096 850 1444 910 dionantensis,
1481 851 1720 907 superiori
1759 866 1921 907 gram—

307 927 601 972 maticorum
626 928 825 973 scholae
850 928 1079 984 praefuit.

364 1003 405 1047 2.
471 1003 560 1047 His
585 1012 749 1048 autem
784 1004 987 1049 istorum
1024 1004 1288 1057 laboribus,
1325 1013 1374 1048 et
1407 1003 1626 1060 inprimis
1660 1003 1752 1049 Dei
1787 1003 1919 1060 Opti.

306 1078 437 1124 Max.
476 1081 657 1137 gratia,
695 1082 987 1136 permultum
1022 1081 1112 1125 hoc
1146 1095 1312 1125 mense
1347 1079 1612 1126 Societatis
1646 1090 1921 1137 promotum

306 1164 379 1200 est
412 1157 678 1212 negotium:
717 1158 844 1213 quod
879 1158 944 1202 ita
978 1158 1231 1214 paulatim,
1268 1172 1430 1213 spem,
1464 1157 1819 1202 incrementum
1844 1173 1919 1203 ca-

306 1232 419 1287 piet,
447 1233 601 1277 donec
625 1233 898 1289 perfectum
923 1233 1021 1278 fiat.
1057 1234 1115 1278 Et
1147 1244 1328 1290 quanto
1362 1233 1553 1278 tardius
1586 1248 1646 1278 ac
1679 1232 1922 1278 difficilius

305 1308 573 1365 perficitur,
601 1319 736 1354 tanto
763 1320 870 1366 post
904 1311 1060 1355 maius
1094 1322 1139 1354 et
1176 1309 1376 1366 firmius,
1413 1309 1580 1365 credO,
1622 1310 1731 1355 erit.
1769 1309 1921 1356 Certe

305 1385 582 1430 auditorum
621 1402 855 1431 numerus
892 1403 986 1432 non
1026 1403 1199 1443 parum
1239 1387 1396 1432 creuit
1435 1397 1483 1432 et
1521 1387 1700 1432 crescit
1740 1387 1786 1431 in
1820 1387 1922 1432 dies

306 1462 480 1517 magiS.
508 1462 762 1507 Hactenus
786 1463 1045 1508 inferiores
1071 1463 1373 1519 potissimum
1399 1472 1639 1508 uenerunt
1672 1464 1916 1519 germani,

304 1553 432 1582 nunc
461 1547 509 1583 et
532 1540 812 1594 superiores
835 1540 1085 1595 gregatim
1110 1539 1280 1584 uenire
1315 1539 1563 1597 incipiunt,
1602 1555 1663 1584 ex
1698 1540 1918 1585 remotis-

306 1615 439 1659 simis
478 1616 625 1660 etiam
659 1617 939 1673 prouinciis,
981 1626 1033 1662 vt
1072 1617 1309 1661 comitatu
1343 1617 1597 1673 tyrolensi,
1635 1616 1918 1673 episcopatu

305 1691 583 1737 eistadiensi
609 1702 656 1738 et
680 1693 1022 1749 herbipolensi.
1057 1694 1122 1738 At
1156 1693 1409 1749 diligentia
1442 1693 1792 1750 discipulorum
1824 1709 1918 1738 non

304 1769 459 1813 minus
498 1785 689 1827 quoque
727 1779 874 1815 aucta
913 1779 1000 1816 est.
1044 1770 1169 1815 Nam
1205 1770 1415 1827 quinque
1451 1780 1735 1816 nostrorum
1769 1770 1914 1815 diale-

303 1846 542 1890 cticorum
568 1846 698 1902 digni
724 1847 903 1892 inuenti
930 1846 1127 1892 fuerunt
1152 1847 1230 1903 qui
1265 1863 1294 1891 a
1328 1856 1433 1891 tota
1466 1846 1705 1892 facultate
1739 1847 1916 1892 artium

304 1922 691 1967 baccalaureatu
716 1923 1095 1967 honorarentur.
1124 1922 1254 1967 Inter
1273 1938 1395 1978 quos
1421 1932 1520 1967 tres
1540 1923 1695 1967 nostri
1720 1922 1918 1967 fuerunt

303 1998 503 2044 fratres:
532 1999 774 2044 Henricus
798 1998 1058 2054 Somalius,
1081 1999 1429 2054 dionantensiS,
1458 1999 1636 2044 Petrus
1655 1998 1914 2055 Hophtius,

304 2076 611 2132 coloniensis,
644 2085 691 2121 et
726 2076 1022 2120 Franciscus
1057 2077 1334 2129 Emerulus,
1372 2076 1804 2122 buschoducensiS.
1844 2075 1919 2121 Ex

303 2154 461 2197 classe
497 2168 616 2198 uero
650 2153 900 2197 rhetorica
938 2154 988 2197 14
1019 2153 1338 2209 produximus
1362 2153 1662 2205 dialecticos;
1689 2162 1737 2198 et
1760 2169 1820 2198 ex
1846 2168 1919 2198 su-

304 2230 483 2285 periori
525 2231 683 2275 classe
721 2231 1051 2285 grammatica
1095 2231 1147 2274 is)
1185 2230 1444 2275 eduximus
1483 2231 1729 2287 rhetores;
1771 2239 1818 2275 et
1857 2245 1917 2275 ex

303 2306 468 2351 infima
501 2307 939 2362 grammaticorum
976 2308 1143 2351 schola
1177 2307 1239 2352 ad
1268 2308 1574 2363 superiorem
1609 2306 1666 2352 20
1688 2307 1920 2352 ascende-

304 2392 430 2438 runt3
454 2383 663 2428 fratrum
690 2384 914 2428 rhetores
938 2383 1053 2428 facti
1079 2393 1189 2428 sunt
1208 2384 1319 2437 duo,
1343 2384 1584 2428 dialectici
1609 2393 1773 2429 autem
1799 2393 1915 2429 tres.

302 2459 460 2504 Porro
494 2460 569 2504 hic
603 2474 839 2504 ascensus
872 2475 965 2504 non
1003 2469 1075 2505 est
1106 2459 1266 2504 factus
1292 2460 1380 2504 nisi
1412 2459 1631 2516 diligenti
1656 2460 1919 2505 admodum

302 2537 575 2592 praemisso
599 2536 841 2581 examine.
880 2536 1207 2592 Preceptores
1247 2552 1415 2581 omnes
1449 2537 1619 2581 ordine
1658 2537 1916 2590 sedebant,

302 2614 520 2669 discipuli
554 2617 596 2671 o,
633 2616 797 2670 plures
831 2623 914 2658 aut
948 2614 1225 2670 paucioreS,
1263 2615 1478 2670 stabant,
1515 2623 1562 2659 et
1597 2614 1658 2659 ad
1694 2615 1917 2671 quaesita

303 2692 683 2748 respondebant,
705 2700 829 2748 post,
851 2701 1058 2747 accepto
1077 2692 1309 2747 themate,
1332 2707 1454 2747 pene
1474 2707 1535 2736 ex
1560 2700 1783 2748 tempore
1807 2707 1924 2736 ora*

303 2767 484 2812 tionem
525 2778 608 2813 aut
647 2769 902 2824 epistolam
937 2769 1236 2813 scribebant.
1275 2768 1499 2825 Denique
1533 2785 1622 2825 pro
1654 2769 1839 2814 meritis
1874 2769 1917 2814 in

304 2844 402 2887 suis
427 2845 665 2889 classibus
689 2845 866 2901 singuli
890 2845 1080 2900 publice
1104 2845 1278 2889 ordine
1302 2854 1413 2890 sunt
1439 2845 1683 2890 collocati.

359 2919 401 2965 Β.
469 2920 607 2965 Haec
641 2922 699 2965 de
733 2921 916 2971 schola,
953 2935 1080 2966 nunc
1115 2921 1172 2965 de
1207 2921 1453 2966 conuictu.
1494 2920 1624 2965 Dum
1660 2920 1795 2965 Deus
1830 2920 1916 2965 Pa-

349 3085 367 3103 s*
418 3085 552 3121 Prius
571 3086 652 3121 sed.
