2051 3516
344 283 415 319 300
812 283 1030 320 LITTERAE
1057 283 1408 328 QUADMMESOEES

298 377 406 422 dem
431 377 782 433 discipulorum
808 378 1089 435 complures
1114 378 1157 422 in
1184 377 1308 421 festo
1338 375 1633 421 uisitationis
1667 376 1915 432 Deipa“rae

296 453 531 510 Uirginis3
560 453 645 498 sed
670 454 886 499 nonnulli
911 470 1103 511 quoque
1129 453 1257 497 domi
1282 452 1324 496 in
1352 452 1535 496 sacello
1558 461 1745 498 nostro,

358 530 424 575 12.
492 530 685 575 Nouum
710 530 782 575 his
805 531 974 575 diebus
994 530 1123 575 nacti
1145 544 1310 574 sumus
1330 529 1596 584 consulem,
1618 529 1815 585 collegii
1834 545 1914 575 no-

296 606 383 651 stri
408 616 455 651 et
479 606 836 651 catholicorum
861 607 1074 652 omnium
1096 607 1359 651 fautorem.
1385 604 1634 650 Curamus
1653 605 1914 662 diligenter

295 691 348 727 ut
376 683 658 728 scholarum
684 684 893 728 aliarum
918 693 1141 728 rectores
1165 698 1253 727 nos
1277 690 1458 726 ament.
1488 681 1559 726 Illi
1585 682 1710 727 enim
1733 682 1772 727 si
1796 698 1912 727 non·

294 759 409 804 nihil
433 759 726 816 excitentur,
755 760 898 805 utiles
933 760 1159 805 Eclesiae
1194 769 1241 804 et
1275 757 1515 803 Societati
1549 774 1656 803 esse
1691 768 1910 815 possunt.

356 836 422 881 13.
491 837 643 881 Amat
681 852 769 880 nos
804 836 1067 892 collegium
1109 845 1395 880 montanum
1430 843 1604 891 totum,
1648 835 1912 880 laurentia-

296 928 409 958 num
441 912 547 957 fere
580 922 752 967 totum,
780 913 1115 958 uniuersitatis
1139 921 1306 957 rector
1330 913 1341 935 ¹
1368 912 1465 956 iam
1490 927 1580 956 nos
1604 912 1913 957 commenda-

294 1004 348 1033 re
372 989 553 1045 incipit,
582 998 629 1034 et
661 989 825 1034 dicere
859 1005 912 1034 se
947 990 1149 1034 multum
1183 988 1355 1033 mirari
1389 988 1678 1033 iesuitarum
1714 988 1913 1045 diligen-

292 1065 426 1121 tiam,
455 1065 746 1111 modestiam
778 1075 827 1110 et
862 1065 1203 1111 eruditionem.
1241 1065 1433 1110 Fauent
1466 1064 1543 1109 hic
1576 1065 1716 1109 nobis
1749 1075 1797 1109 et
1830 1065 1913 1110 ali·

292 1152 409 1200 quot
433 1143 822 1200 hypodidascali3
850 1152 899 1189 et
922 1143 1200 1199 discipulos,
1228 1142 1458 1187 absoluta
1482 1152 1728 1198 utcunque
1747 1157 1912 1199 gram-

293 1220 490 1277 matica,
519 1221 579 1264 ad
605 1235 692 1264 nos
715 1220 959 1265 deducere
983 1221 1217 1276 gaudent.
1247 1219 1406 1264 Fauet
1440 1219 1647 1275 denique
1671 1219 1912 1264 embrica-

292 1312 383 1341 nus
407 1298 421 1321 ‘2
461 1308 506 1342 et
538 1296 941 1342 monasteriensis
974 1306 1158 1351 rector,
1196 1311 1403 1351 quorum
1439 1295 1518 1341 ille
1552 1295 1710 1340 amice
1744 1296 1909 1341 admo-

294 1374 406 1418 dum
430 1373 717 1429 frequenter
740 1389 829 1418 nos
853 1374 1052 1429 salutat,
1079 1373 1157 1418 hic
1181 1387 1302 1418 uero
1336 1387 1492 1428 nuper
1528 1372 1696 1417 literas
1730 1371 1915 1417 amoris

294 1459 430 1496 certe
455 1451 626 1507 plenas
649 1466 759 1495 cum
784 1450 956 1495 libellis
980 1449 1270 1505 quibusdam
1295 1449 1357 1494 ad
1384 1464 1472 1494 nos
1497 1448 1641 1493 misit.

356 1528 423 1573 14.
490 1528 699 1584 Agimus
724 1537 775 1572 ut
805 1528 933 1583 apud
968 1527 1155 1572 uicinos
1190 1527 1436 1583 principes
1470 1526 1696 1571 fautores
1729 1526 1915 1582 aliquot

295 1604 475 1649 habeat
499 1603 741 1649 Societas,
776 1604 920 1659 Apud
957 1603 1380 1659 archiepiscopum
1414 1612 1637 1648 nostrum
1672 1603 1913 1648 colonien-

293 1696 396 1725 sem
421 1682 452 1737 3,
498 1682 751 1726 doctorem
776 1680 1080 1725 Micandrum
1107 1681 1270 1736 habet,
1299 1680 1378 1736 qui
1403 1696 1499 1736 quo
1529 1680 1575 1725 in
1610 1678 1912 1726 Societatem

295 1757 458 1802 animo
484 1758 560 1813 sit,
588 1757 707 1802 satis
731 1764 747 1783 ³
774 1757 999 1802 ostendit.
1027 1757 1204 1802 Libros
1229 1773 1349 1813 quos
1384 1757 1598 1802 habebat
1633 1757 1911 1802 haereticos

294 1835 434 1879 nobis
458 1835 816 1880 comburendos
840 1834 1056 1879 tradidit:
1079 1833 1379 1879 Societatem
1405 1834 1646 1879 aduersus
1666 1835 1910 1880 obtrecta-

292 1922 428 1956 tores
461 1911 693 1956 defendit:
721 1926 848 1967 quae
882 1910 1017 1956 Deus
1052 1927 1138 1967 per
1174 1911 1474 1957 Societatem
1508 1920 1747 1968 operatur
1781 1927 1909 1956 com-

293 1988 533 2033 municari
557 2003 723 2033 secum
748 1996 968 2044 exoptat:
996 1986 1261 2032 Societatis
1296 1987 1631 2033 defensionem
1667 1988 1911 2034 conscribi

294 2065 441 2109 uellet
461 2064 780 2120 prolixiorem
800 2065 1007 2121 epistola
1027 2064 1088 2109 D.
1110 2064 1329 2109 Lucretii
1354 2065 1387 2109 4;
1415 2079 1564 2122 seque
1592 2065 1634 2109 id
1659 2064 1905 2110 facturum

289 2142 542 2199 promittit,
569 2142 607 2187 si
630 2142 979 2198 occupationes
1003 2141 1360 2197 permitterent.
1395 2141 1492 2187 Vir
1510 2158 1605 2187 non
1626 2150 1815 2187 tantum
1836 2150 1910 2188 est

292 2219 411 2264 iuris
435 2219 841 2274 consultissimus,
867 2219 949 2262 sed
977 2219 1123 2263 etiam
1159 2218 1456 2274 linguarum,
1495 2219 1831 2275 philosophiae
1865 2230 1911 2264 et

297 2295 677 2340 mathematicae
704 2295 1039 2351 peritissimus.
1642 2307 1644 2309 ’

337 2478 353 2497 ³
427 2471 516 2507 Hoc
532 2482 571 2506 v.
593 2472 765 2514 scrispsit
785 2470 1008 2505 Polam-ns
1028 2474 1161 2514 snper
1186 2481 1307 2509 vers„
1337 2470 1489 2507 deletis
1516 2470 1687 2507 dnobus
1705 2482 1771 2507 vv.
1802 2482 1914 2516 qnae

293 2531 375 2575 legi
394 2542 477 2566 1101!
498 2533 691 2575 possunt.

342 2716 348 2732 ¹
403 2713 604 2749 Henricus
631 2727 652 2748 a
680 2712 894 2758 Tongeris,
928 2713 1081 2749 electus
1109 2719 1241 2749 rector
1268 2713 1544 2751 universitatis
1583 2714 1646 2751 die
1674 2715 1697 2752 9
1724 2713 1913 2751 Octobris

296 2772 397 2808 1556.
422 2772 606 2814 ΗΑΝεΕΝ,
628 2772 700 2807 loc.
723 2771 803 2816 cit.,
825 2771 906 2807 275.

339 2832 350 2849 ²
404 2831 596 2867 Matthias
616 2830 894 2867 Bredenbach.
915 2831 1100 2871 HANSEN‚
1123 2832 1196 2867 loc.
1215 2832 1295 2877 cit,
1317 2832 1387 2868 300

336 2891 348 2908 ³
406 2890 609 2925 Antonius·
629 2890 676 2925 de
697 2889 1007 2936 Schauenburg,
1030 2891 1183 2926 electus
1202 2891 1526 2938 archiepiscopus
1545 2892 1799 2928 coloniensis.

337 2950 349 2967 ⁴
401 2949 462 2984 De
484 2950 556 2985 hac
588 2950 774 2994 epistola,
799 2962 872 2986 seu
891 2950 1022 2996 potius
1040 2949 1192 2992 libello,
1214 2950 1253 2986 in
1282 2950 1497 2987 Societatis
1524 2951 1909 2988 commendationem

290 3021 313 3044 a
327 3008 482 3054 joanne
503 3007 676 3044 Alberto
696 3008 1019 3045 Widmanstadio
1038 3008 1231 3046 Lucretio
1250 3009 1412 3056 scripta,
1436 3010 1526 3046 vide
1542 3023 1646 3056 quae
1663 3010 1820 3047 erudite
1836 3011 1909 3046 dis-

289 3067 415 3103 seruit
435 3066 789 3111 BRAUNssERcER,
813 3081 873 3114 op.
896 3068 976 3112 cit,
996 3067 1047 3111 II,
1067 3067 1189 3104 30-32.
