2051 3516
564 320 887 359 187.—C0L0x1.÷
912 320 954 356 131
984 320 1178 356 AUGUSTI
1207 317 1298 354 1558
1634 313 1701 349 771

114 421 204 465 hos
227 434 323 464 non
349 417 494 474 pauci
520 417 785 462 admodum
811 426 924 461 sunt
948 415 1154 470 nobiles,
1181 424 1234 459 ut
1264 412 1390 458 filius
1414 409 1525 456 Dni.
1549 409 1609 454 de
1633 409 1754 453 Bos-

116 512 191 553 su,
218 494 344 540 filius
374 493 488 539 Dni.
517 493 576 539 de
611 493 823 539 Vadans
857 495 888 548 ¹,
925 507 1080 549 nepos
1114 488 1476 546 archiepiscopi
1510 485 1753 542 mogunti-

116 571 282 618 nensis
306 582 353 616 et
378 570 503 616 filius
528 571 755 628 magistri
782 570 952 615 curiae
983 570 997 594 2
1033 566 1391 624 archiepiscopi
1425 562 1751 614 treuerensis,

117 659 165 695 et
189 648 372 694 similes
396 647 550 693 multi.
578 648 818 693 Libenter
836 645 1250 704 praeceptoribus
1274 652 1468 700 parent,
1490 651 1539 686 et
1559 640 1761 697 legibus

71 716 76 723 ⁵
118 742 171 772 se
195 725 477 780 subiiciunt,
505 724 601 769 imo
626 725 757 770 ultro
782 724 870 769 sibi
895 725 1033 780 leges
1058 722 1423 780 praescribunt,
1444 728 1492 765 et
1511 718 1652 764 nobis
1671 733 1755 774 ap-

118 802 404 861 probandas
429 800 663 847 offerunt.
692 800 850 858 Signa
874 800 1005 845 domi
1030 810 1078 845 et
1108 800 1154 844 in
1190 787 1361 844 schola
1397 797 1441 842 in
1476 796 1758 852 delinquen-

117 893 192 926 tes
215 878 543 931 transferunt;
572 877 857 935 praefectos
882 877 1058 933 quibus
1082 884 1308 933 pareant,
1336 874 1485 920 etiam
1521 872 1649 918 dorni
1674 872 1758 917 ha-

123 959 255 1003 bent.
282 957 335 1001 In
366 955 800 1013 disputationibus,
837 953 1282 1000 declamationibus
1316 962 1364 997 et
1398 949 1758 1007 compositioni-

121 1036 211 1080 bus
244 1042 357 1079 sunt
391 1033 669 1089 diligentes,
706 1047 798 1089 pro
832 1030 1001 1087 primis
1036 1030 1156 1075 locis
1190 1045 1287 1074 non
1326 1043 1445 1073 raro
1485 1027 1676 1072 orando
1712 1035 1761 1072 et

122 1109 417 1167 disputando
453 1118 664 1155 certant.
707 1107 818 1153 Non
852 1106 1000 1163 pauci
1033 1105 1156 1150 foris
1186 1104 1498 1161 theologicas
1523 1103 1762 1148 lectiones

124 1187 270 1234 auide
295 1202 489 1244 quoque
514 1186 733 1232 audiunt.
757 1184 968 1230 Vtinam
993 1184 1161 1240 plures
1191 1190 1356 1227 essent
1389 1180 1470 1238 qui
1505 1180 1765 1225 docerent,

124 1263 204 1310 Ex
226 1263 411 1309 nostris
436 1262 564 1308 enim
588 1263 721 1308 solus
745 1261 811 1307 M.
838 1260 1089 1306 Henricus
1113 1262 1133 1280 a
1156 1259 1171 1283 ³
1196 1259 1342 1304 docet
1366 1257 1482 1315 (ego
1507 1256 1635 1302 enim
1660 1255 1761 1300 Ma-

88 1354 94 1365 ‘
122 1342 334 1400 gistrum
358 1339 729 1386 Sententiarum
755 1338 896 1384 breui
915 1336 1210 1393 absoluam).
1231 1336 1299 1380 At
1319 1349 1473 1391 opera
1493 1343 1661 1379 tamen
1681 1348 1762 1377 no-

125 1429 345 1465 strorum
369 1417 605 1463 effectum
631 1426 722 1472 est,
744 1425 798 1462 ut
817 1415 1013 1472 quidam
1035 1413 1321 1470 theologiae
1340 1411 1620 1457 licentiatus
1639 1411 1772 1455 benev

125 1497 316 1553 doctus,
343 1505 391 1541 et
417 1493 657 1540 Societati
681 1494 827 1539 ualde
852 1492 1095 1547 addictus,
1122 1491 1386 1536 lectionem
1417 1504 1565 1534 unam
1599 1487 1619 1514 b
1643 1488 1690 1532 in
1713 1502 1766 1532 se

127 1573 418 1630 susceperit,
445 1581 494 1617 et
518 1588 628 1617 cum
654 1571 719 1616 M.
747 1570 967 1616 Henrico
992 1578 1039 1615 et
1063 1569 1254 1613 duobus
1278 1565 1566 1622 theologiae
1597 1565 1766 1610 docto-

127 1651 263 1696 ribus
298 1650 512 1707 quotidie
548 1649 742 1694 doceat.
780 1647 944 1693 Auide
978 1662 1174 1704 quoque
1203 1645 1433 1691 iuuentus
1468 1643 1687 1699 suscipit,
1726 1641 1770 1687 si*

126 1728 242 1786 quid
266 1727 396 1773 forte
420 1727 643 1783 edamus,
670 1735 723 1772 ut
746 1725 1047 1770 Rudimenta
1082 1723 1266 1768 latinae
1301 1721 1676 1778 grammatices,
1715 1728 1765 1764 et

126 1805 303 1851 librum
328 1804 389 1849 de
414 1803 573 1860 Copia
598 1803 655 1848 R·
678 1802 917 1847 Andreae
941 1800 1121 1856 Frusii,
1150 1801 1310 1845 bonae
1334 1797 1624 1843 memoriae.

189 1882 228 1927 2.
293 1881 503 1927 Vtinam
527 1891 691 1926 essent
716 1879 797 1936 qui
831 1888 878 1924 et
912 1877 1178 1923 haereticis
1213 1875 1410 1932 scriptis
1449 1874 1773 1930 obsisterent,

128 1975 189 2005 ne
214 1959 279 2004 illi
304 1958 396 2004 soli
419 1973 598 2014 sapere
622 1967 670 2003 et
694 1956 824 2002 docti
855 1971 964 2002 esse
999 1955 1279 2006 uideantur,
1319 1962 1371 1998 ut
1406 1951 1559 2007 multi,
1597 1951 1773 2005 credo„

130 2036 222 2082 sibi
246 2035 373 2081 falso
398 2034 701 2092 persuadent
725 2043 773 2079 et
796 2034 842 2078 in
867 2048 1094 2078 errorem
1118 2032 1370 2076 labuntur.
1399 2029 1575 2074 Plures
1595 2028 1633 2072 si
1658 2042 1772 2084 ope-

129 2113 251 2159 rarii
276 2121 457 2165 essent,
485 2128 582 2157 non
606 2112 766 2156 solum
791 2110 1032 2166 discipuli,
1066 2109 1151 2154 sed
1187 2108 1321 2154 ciues
1356 2122 1551 2163 quoque
1586 2119 1774 2161 magna

130 2190 441 2236 multitudine
461 2189 524 2234 ad
549 2188 911 2234 confessionem
936 2201 1257 2242 mensamque
1281 2183 1579 2229 dominicam
1600 2197 1772 2227 accur·

132 2277 319 2314 serent.
369 2266 767 2312 Concionatores
811 2265 850 2310 si
895 2273 1077 2319 essent,
1121 2271 1336 2321 quantus
1374 2261 1568 2307 fructus
1612 2259 1769 2305 fieret!

132 2344 337 2390 Paruuli
362 2353 534 2401 petunt
560 2358 754 2400 panem,
782 2351 830 2388 et
853 2357 950 2387 non
975 2351 1049 2386 est
1074 2341 1152 2397 qui
1182 2340 1389 2396 frangat
1423 2339 1493 2384 eis
1526 2340 1558 2383 ⁴.
1596 2336 1692 2382 Hic
1726 2336 1774 2381 in

131 2432 273 2468 tanta
296 2421 498 2467 ciuitate
523 2421 606 2466 uix
630 2420 881 2466 excellens
912 2419 1160 2476 reperitur
1194 2417 1537 2468 concionator;
1575 2425 1623 2461 et
1658 2430 1773 2472 qua-

133 2500 204 2544 les
230 2499 345 2544 alibi
370 2514 480 2544 esse
504 2497 756 2554 putamus?
788 2496 863 2541 Ex
899 2496 1006 2553 ipsa
1030 2495 1293 2552 Turingia,
1322 2504 1523 2539 senatus
1558 2492 1777 2537 ciuitatis

135 2577 406 2634 imperialis
436 2576 697 2621 Mulhusen
731 2575 794 2620 ad
827 2582 1053 2620 nostrum
1089 2582 1315 2618 senatum
1351 2571 1550 2628 scripsit
1586 2569 1783 2627 (literas

182 2745 200 2763 a
253 2745 462 2791 Sequitur
478 2742 625 2779 ibidem
646 2742 780 2778 oblitt.
836 2741 901 2767 —b
925 2740 1134 2786 Sequitur
1150 2738 1327 2785 quotidie
1347 2737 1481 2773 oblitt.

186 2891 193 2908 ¹
248 2888 356 2924 Vide
377 2886 577 2934 superius,
597 2899 690 2933 pag.
711 2885 795 2928 688,
817 2891 953 2921 annot.
981 2885 1015 2929 3,
1037 2884 1104 2920 ubi
1125 2883 1271 2919 dicitur
1291 2896 1313 2919 a
1333 2882 1518 2918 Vadaus.

183 2950 195 2967 2
243 2948 415 2995 Juvenis
435 2947 497 2983 hic
518 2946 740 2982 vocabatur
757 2944 993 2982 Bernardus
1013 2943 1275 2980 Metternich.
1305 2941 1368 2979 Cf.
1391 2941 1581 2983 HANSEN,
1599 2942 1674 2977 loc.
1693 2940 1778 2984 cit.,

138 3008 221 3045 311.

182 3067 196 3087 ⁸
248 3067 454 3104 Henricus
474 3065 710 3112 Dionysius.

183 3126 198 3147 ⁴
249 3124 313 3163 Cf.
336 3125 517 3170 THREN.,
540 3124 614 3169 IV,
636 3125 669 3162 4.
