2051 3516
406 324 475 359 <576
868 324 1086 360 LITTERAE
1114 324 1469 369 QUADRIMESTRES

419 419 459 463 2.
526 419 727 463 Plurimi
752 429 862 464 sunt
887 419 1100 475 optimae
1125 420 1225 476 spei
1251 420 1593 465 adolescentes
1617 420 1696 477 qui
1726 435 1779 465 se
1809 418 1973 465 Socie-

359 496 447 540 tati
472 495 702 540 addicere
725 510 1034 551 summopere
1061 495 1363 552 desiderant,
1391 510 1513 551 quos
1537 495 1608 541 his
1632 495 1877 552 principiis
1903 512 1976 540 re-

358 572 524 627 cipere
548 587 644 616 non
669 572 788 616 satis
813 581 986 629 tutum,
1014 587 1102 616 suo
1125 582 1349 628 tempore
1374 571 1635 617 difficultas
1658 573 1782 617 haec
1813 573 1977 628 plures

357 663 467 692 cum
502 647 706 692 foenore
742 648 929 693 reddet.
967 647 1104 693 Visis
1139 648 1202 692 illi
1236 649 1421 693 sanctis
1457 657 1836 705 praeceptorum
1869 663 1979 693 suo-

360 740 466 768 rum
501 725 718 770 moribus
754 724 825 781 (vt
860 725 974 770 mihi
1009 725 1202 781 quidem
1238 725 1455 770 nonnulli
1486 740 1658 770 eorum
1684 725 1978 781 retulerunt)

360 810 636 846 mouentur.

416 877 458 922 3.
527 876 885 922 Conuictorum
925 892 1135 933 magnus
1180 893 1412 922 numerus
1451 877 1715 934 collegium
1754 885 1977 921 nostrum

358 954 619 1010 plurimum
659 954 985 1009 commendat,
1028 954 1241 999 maxime
1282 969 1403 999 vero
1442 954 1630 998 nobiles
1664 954 1743 1009 qui
1782 953 1859 998 hic
1897 969 1978 998 no-

358 1031 544 1075 biscum
571 1041 727 1086 agunt
750 1046 847 1075 non
871 1030 1029 1086 pauci.
1065 1029 1419 1076 Conuenerunt
1449 1030 1576 1075 enirn
1608 1040 1865 1087 regentem
1898 1045 1980 1075 no·

358 1116 514 1151 strum
550 1108 561 1130 ¹
599 1105 678 1150 filii
713 1106 916 1163 aliquot,
953 1115 1053 1151 tum
1086 1107 1334 1162 comitum,
1374 1117 1476 1152 tum
1510 1107 1771 1163 baronum,
1808 1107 1888 1162 qui
1927 1121 1980 1151 se

358 1194 559 1228 nostrae
583 1198 734 1228 curae
759 1183 1054 1228 erudiendos
1079 1184 1404 1239 tradiderunt,
1431 1192 1479 1227 et
1503 1183 1548 1227 in
1573 1199 1830 1228 numerum
1866 1198 1979 1228 con-

358 1261 599 1305 uictorum
625 1276 723 1305 vna
747 1275 859 1305 cum
883 1261 981 1305 suis
1006 1260 1314 1317 paedagogis
1339 1260 1526 1317 recepti
1551 1271 1661 1305 sunt
1684 1266 1720 1305 ὃ.

415 1338 457 1381 4.
524 1337 714 1381 Domus
738 1337 974 1381 hactenus
999 1351 1161 1392 capax
1194 1337 1409 1382 omnium
1443 1352 1538 1381 non
1576 1336 1679 1393 fuit,
1717 1337 1803 1382 sed
1838 1337 1980 1383 hodie

356 1423 457 1458 tres
501 1413 628 1458 aliae
672 1412 935 1458 adiunctae
979 1424 1104 1469 sunt,
1142 1422 1189 1458 et
1228 1423 1457 1469 quartam
1497 1428 1587 1469 pro
1625 1413 1869 1459 nobilibus
1907 1413 1979 1459 his

356 1490 560 1546 aliisque
585 1490 971 1544 conuictoribus,
998 1490 1138 1535 nobis
1162 1490 1500 1535 conduximus.

414 1567 457 1612 5.
524 1566 767 1611 Miramur
792 1582 959 1611 omnes
983 1566 1110 1611 inter
1134 1566 1477 1611 adolescentes
1500 1566 1619 1611 istos
1643 1576 1832 1611 tantam
1866 1582 1977 1623 pro-

357 1644 576 1698 bitatem,
613 1658 821 1699 quorum
857 1644 993 1688 multi
1028 1643 1045 1670 b
1080 1659 1190 1688 cum
1226 1652 1274 1688 et
1307 1643 1495 1688 nobiles
1519 1643 1614 1689 sint
1638 1653 1686 1688 et
1710 1655 1976 1700 prouectae

296 1776 298 1780 ,
355 1721 476 1765 satis
515 1720 709 1775 aetatis,
737 1728 838 1765 tam
878 1719 971 1764 sint
994 1726 1009 1746 ⁰
1039 1720 1100 1764 ad
1130 1720 1362 1776 pietatem
1393 1719 1588 1765 addicti.
1618 1718 1870 1776 Optimam
1902 1720 1979 1766 hic

356 1796 588 1841 discimus
611 1811 720 1841 esse
744 1795 953 1840 indolem
978 1796 1333 1853 germanicam,
1362 1796 1507 1840 modo
1531 1795 1550 1822 ‘¹
1574 1811 1634 1841 ea
1658 1797 1811 1852 probe
1834 1811 1978 1842 exco-

356 1873 502 1917 latur.

413 1949 455 1993 ί).
523 1948 633 1993 Hac
657 1949 965 1994 solemnitate
996 1948 1209 1993 omnium
1245 1960 1532 1994 sanctorum
1567 1949 1770 1994 studiosi
1805 1949 1974 2006 nostri,

355 2036 400 2070 et
435 2025 691 2069 domestici
726 2034 773 2069 et
807 2025 1014 2082 externi,
1051 2024 1201 2069 credo
1237 2040 1390 2081 prope
1421 2040 1590 2070 omnes
1630 2024 1979 2070 confessisunt

355 2101 511 2157 nobis,
539 2116 748 2157 quorum
774 2101 1109 2146 confessiones
1134 2101 1212 2157 qui
1245 2101 1521 2155 audierunt,
1555 2101 1770 2157 quidam,
1812 2101 1893 2146 vix
1926 2116 1979 2147 se

358 2187 586 2234 poterant
620 2192 649 2221 a
683 2177 932 2222 lachrimis
965 2186 1262 2233 temperare.
1289 2177 1404 2234 Ego
1443 2178 1621 2222 multos
1660 2177 1825 2222 audiui
1850 2183 1866 2204 e
1897 2177 1977 2233 qui

355 2258 546 2311 quanto
581 2253 836 2310 ftempore
859 2254 1114 2299 haeretica
1145 2254 1392 2310 prauitate
1431 2254 1618 2311 imbuti,
1651 2269 1746 2298 non
1780 2253 1977 2299 fuerant

354 2331 566 2376 confessi
601 2331 799 2388 ignoro.
836 2330 1051 2390 Juuenes
1085 2341 1228 2376 erant
1262 2331 1476 2386 optimae
1509 2331 1683 2376 indolis
1717 2330 1797 2387 qui
1827 2330 1975 2376 etiam

354 2406 485 2451 milti
507 2413 525 2439 g
549 2406 826 2452 haereticos
850 2422 965 2451 suos
990 2406 1140 2451 libros
1164 2407 1490 2452 tradiderunt.
1515 2406 1838 2463 Deploranda
1857 2407 1975 2452 mul-

355 2483 416 2528 tis
440 2483 691 2528 lachrimis
716 2498 795 2528 res
819 2493 908 2539 est,
936 2483 1065 2539 quod
1089 2483 1226 2539 pueri
1258 2483 1527 2528 istiusmodi
1562 2484 1801 2528 hactenus
1834 2482 1974 2538 pesti-

355 2559 465 2604 fera
501 2559 581 2604 illa
616 2559 855 2616 dogmata
889 2559 1182 2615 imbiberint,
1217 2559 1296 2616 qui
1331 2559 1526 2616 alioqui,
1562 2559 1602 2604 si
1636 2559 1846 2604 indolem
1870 2573 1988 2615 spe-¹

354 2646 475 2692 ctes,
508 2637 571 2681 ad
605 2636 698 2680 Dei
733 2636 935 2681 seruitia
969 2636 1466 2682 accommodatissimi
1500 2636 1741 2682 videntur.
1778 2634 1975 2680 Verum

353 2712 445 2757 illis
469 2713 615 2757 modo
650 2712 1062 2768 congaudendum
1097 2721 1187 2768 est,
1225 2713 1352 2768 quod
1386 2712 1548 2769 patria
1583 2711 1756 2757 relicta
1791 2711 1854 2756 ad
1887 2726 1976 2756 nos

399 2883 417 2903 a
463 2876 498 2913 A
531 2888 570 2913 v.
603 2876 773 2913 Plurimi
804 2877 963 2914 desunt
992 2877 1117 2923 apud
1147 2876 1200 2913 H.
1254 2877 1318 2903 —b
1358 2876 1569 2922 [non]nulli
1600 2876 1652 2913 H.
1708 2883 1768 2903 -c
1806 2876 1971 2921 tam[en]

352 2941 444 2971 sunt
464 2936 517 2973 H.
571 2935 635 2962 —d
664 2936 905 2981 [dum]m0d0
924 2936 976 2972 H.
1030 2942 1092 2963 -e
1129 2935 1367 2972 audiuimus.
1418 2935 1476 2962 —f
1512 2936 1649 2982 longo.
1709 2943 1773 2970 —g
1798 2934 1924 2972 nobis.

400 3103 410 3121 ¹
462 3101 507 3138 P.
524 3101 701 3148 Joannes
720 3102 906 3139 Rethius.
