2051 3516
322 275 413 311 1022

317 370 371 406 tio
390 369 645 415 piscatorum,
665 366 747 411 3363
770 366 855 413 ejus
879 376 1045 410 congre-

317 428 438 474 gatio,
469 440 505 464 V.
536 424 813 471 Congregatio
844 423 1042 468 Mariana3

317 486 488 522 officium
503 498 526 521 a
541 483 833 521 convictoribus
849 482 1045 519 colonien-

318 546 427 582 sibus
457 549 676 587 cantatum,
703 542 784 587 687;
807 542 939 587 imago
971 541 1047 577 sin-

317 604 450 650 gulari
471 603 581 639 cultu
608 603 815 645 honorata,
836 601 917 645 7773
940 611 1047 636 coro-

318 676 411 699 nam
447 661 671 707 efflagitant
707 671 871 696 carcere
906 659 1042 702 vincti,

318 722 400 767 8053
424 734 511 757 eam
531 720 692 767 quidam
717 719 906 764 abnegat,
929 729 1048 764 quem

321 781 414 817 dein
446 779 637 826 poenitet,
658 777 825 823 &tw-80&
846 782 1006 823 captum
1025 789 1048 811 a

319 839 441 876 turcis
461 839 618 881 liberat,
639 836 698 879 2&
715 837 900 872 invocata
915 835 954 871 in
969 835 1049 870 dia-

321 900 412 945 logo
442 897 483 934 V
488 897 710 933 indobonae
735 900 836 939 acto,
857 894 940 936 86&
962 906 1050 941 per-

319 970 416 994 sona
435 957 474 993 in
495 955 710 998 comoedia,
731 954 812 998 547,
834 953 1044 999 templum,

323 1031 359 1053 v.
382 1016 542 1053 Genua.

275 1076 449 1112 Mariani
497 1075 674 1116 sodales,
711 1073 951 1118 religionem
996 1071 1051 1107 in-

323 1135 464 1182 gressi,
485 1134 566 1170 499.

276 1194 438 1238 Marini,
460 1192 710 1234 Leonardus,
734 1192 894 1236 legatus
926 1189 1050 1236 ponti-

323 1254 419 1295 ficis,
441 1252 572 1288 fautor
590 1251 631 1288 S.
648 1249 701 1296 J.,
723 1249 892 1286 708-709.

277 1312 569 1349 Marischalcus
584 1310 757 1355 Pragae,
776 1309 927 1345 amicus
943 1307 984 1345 S.
998 1307 1050 1354 J.,

323 1371 495 1415 380-381,
532 1370 614 1414 3853
651 1369 827 1405 rationes
863 1379 1054 1414 expensa-

324 1444 411 1467 rum
431 1430 543 1476 petit,
564 1428 645 1466 436.

279 1489 479 1526 Marlinch
510 1488 581 1532 (sic
612 1488 651 1523 in
683 1487 946 1534 autographo,
970 1485 1054 1521 Ma-

324 1549 470 1594 ringue
504 1559 575 1583 seu
610 1546 849 1593 Maringues
882 1545 925 1590 P),
963 1558 1051 1591 opp.

326 1607 502 1651 Galliae,
523 1606 603 1642 831.

281 1667 457 1710 Martha,
481 1667 568 1713 ejus
587 1664 773 1708 officium,
794 1664 875 1708 545,
896 1663 976 1699 883.

280 1726 493 1769 Ma1·t1'nez‚
513 1724 715 1767 Andreas,
735 1722 980 1760 Societatem
1000 1723 1056 1758 in—

327 1784 523 1831 greditur,
544 1782 626 1820 725.

287 1866 309 1868 --
328 1844 524 1890 Ignatius,
547 1856 583 1879 V.
606 1842 791 1879 Martins.

284 1903 514 1950 —Joannes,
550 1900 592 1938 S.
621 1900 673 1947 J.,
707 1901 756 1937 de
788 1903 874 1946 eius
905 1901 987 1937 Vita
1019 1906 1058 1937 et

330 1967 471 2006 morte,
493 1961 577 1997 446.

286 2022 488 2061 *ssPetruffi
523 2019 565 2057 S.
593 2019 646 2066 J.,
681 2019 943 2063 contionator,
975 2018 1056 2064 2533

330 2080 372 2116 fit
406 2080 604 2123 sacerdos,
637 2078 807 2123 609-6103
845 2078 988 2113 missus
1019 2077 1059 2113 in

331 2139 560 2185 Argeliam,
593 2137 674 2177 6083
706 2137 754 2173 de
790 2138 876 2185 ejus
906 2137 988 2173 Vita
1020 2143 1058 2173 et

332 2207 470 2241 morte,
487 2199 545 2243 843
568 2211 604 2233 V.
627 2197 801 2233 INDICEM
819 2196 868 2233 ΙΙ.

286 2257 518 2300 —Siliceus,
542 2271 579 2293 V.
602 2256 789 2294 Siliceus.

286 2318 485 2361 Martinis,
512 2317 692 2363 Joannes
719 2316 780 2361 de,
815 2315 857 2353 S.
881 2315 934 2361 J.,
961 2316 1060 2352 miro

333 2377 446 2413 modo
465 2376 615 2419 scribit,
636 2386 690 2417 X1;
708 2375 757 2411 de
778 2376 864 2423 ejus
883 2375 1058 2421 ingenio,

332 2436 391 2481 92,
414 2450 450 2472 V.
473 2435 645 2471 INDICEM
664 2434 712 2470 Π.

287 2495 477 2539 Martius,
514 2494 713 2539 Ignatius,
753 2493 800 2530 S.
832 2493 855 2539 J
870 2523 897 2537 .,
938 2494 1062 2529 lector

333 2554 505 2594 Eborae.
542 2553 618 2597 1983
654 2552 950 2597 Conimbricae,
978 2552 1059 2597 019,

335 2613 513 2649 infirmus
532 2612 778 2655 valetudine,
799 2611 878 2648 323.

289 2673 481 2713 Marsala,
503 2685 540 2708 V.
563 2670 809 2707 Lilibaeum.

289 2731 495 2767 Masserus
546 2729 733 2774 (Masser)
750 2759 757 2773 ,
811 2728 1060 2770 Leonardus,

336 2790 443 2836 §.J.,
465 2789 660 2834 magister
691 2788 866 2833 Billomi,
893 2788 1062 2832 451-452,

335 2850 416 2893 547,
443 2849 524 2892 714,
544 2848 625 2893 8333
647 2848 832 2894 graviter
861 2853 1062 2893 aegrotat,

337 2908 418 2952 5493
439 2911 577 2942 auctor
595 2906 905 2949 comoediarum,
928 2906 1008 2941 714.

292 2966 426 3002 Mater
444 2965 492 3000 de
512 2963 682 3000 filiorum
714 2964 960 3000 institutione
992 2966 1064 3000 sol-

340 3024 460 3066 licita,
481 3022 539 3067 983
561 3023 641 3058 alia
661 3023 871 3068 parricida,
892 3023 971 3058 881.

784 272 1001 307 LITTERAE
1027 271 1382 315 QUADRniEsTREs

1119 363 1352 409 Maffliolus,
1375 365 1566 409 medicus,
1587 365 1668 401 783.

1119 423 1346 469 Mathisius‚
1380 423 1601 467 Gerardus,
1635 437 1784 471 regens
1819 425 1897 462 col-

1167 483 1264 528 legii
1284 483 1474 526 montani,
1495 482 1576 519 514.

1120 542 1392 585 Matrimonia,
1415 542 1612 587 ordinata,
1632 542 1713 586 597,
1735 542 1815 579 785.

1120 600 1330 637 Matritum
1350 600 1553 646 (Madrid),
1575 614 1664 648 opp.
1683 606 1802 647 caput
1827 601 1897 637 Hi-

1167 659 1345 705 spaniae,
1367 659 1448 703 360,
1474 659 1556 696 909.

1121 717 1321 762 Matrona,
1334 718 1464 754 subito
1480 718 1635 754 reddita
1650 718 1826 761 sanitati,
1838 718 1895 755 43.

1123 777 1344 820 Mattehca,
1367 777 1570 823 Virgilius
1589 777 1652 821 de,
1676 776 1753 813 102.

1123 835 1269 872 Maura
1289 835 1436 872 mulier
1455 848 1663 880 conversa,
1684 836 1766 872 354.

1124 894 1328 939 Maurisci,
1362 895 1472 931 utilis
1507 895 1621 931 labor
1656 895 1763 931 inter
1794 895 1907 938 illos,

1168 953 1249 997 387,
1282 954 1364 997 473,
1396 953 1477 996 80⁴2,
1510 954 1592 999 8703
1622 967 1657 990 V.
1680 953 1897 991 Alvotodo.

1124 1013 1404 1060 Maurolycus,
1442 1012 1701 1057 Franciscus,
1739 1013 1897 1060 script.,

1169 1072 1252 1108 520.

1124 1131 1438 1174 Maximilianus‚
1473 1144 1545 1167 rex
1576 1130 1780 1176 Boemiae,
1817 1130 1907 1177 8723.

1171 1190 1347 1236 Pragam
1379 1190 1502 1234 venit,
1535 1190 1612 1237 1683
1636 1191 1900 1235 coronandus,

1174 1250 1250 1294 1703
1273 1250 1501 1286 haereticus
1526 1250 1682 1294 dicitur,
1703 1250 1785 1296 576;
1806 1251 1907 1294 alia,

1176 1308 1252 1352 173,
1275 1308 1357 1353 330,
1379 1308 1460 1345 639.

1126 1367 1384 1411 Maximinus,
1407 1367 1461 1412 S.,
1484 1383 1521 1404 v.
1545 1367 1726 1405 Colonia.

1126 1426 1345 1463 Mechlinia
1398 1427 1613 1472 (Mahnes,
1667 1428 1899 1472 Mecheln),

1173 1498 1277 1532 opp.,
1304 1486 1381 1522 185.

1127 1543 1506 1591 Meckelburgensis
1549 1545 1760 1582 comitatus
1802 1545 1904 1583 Ger-

1175 1604 1346 1644 maniae,
1385 1604 1504 1640 mittit
1554 1605 1737 1641 alumnos
1787 1604 1902 1642 Colo-

1176 1663 1295 1707 niam,
1317 1662 1398 1700 295.

1129 1722 1309 1766 Medicis,
1333 1722 1556 1759 Catharina
1576 1723 1637 1767 de,
1660 1722 1824 1760 Galliae
1844 1737 1905 1760 re-

1176 1781 1283 1827 gina,
1303 1782 1385 1819 833.

1130 1838 1345 1876 ῌ(ἶοεῑῃεῑε,
1364 1839 1426 1883 de,
1447 1840 1526 1876 dux
1550 1839 1800 1886 florentinus,
1820 1841 1902 1878 841.

1129 1898 1457 1935 —Ferdinandus
1487 1900 1548 1945 de,
1582 1899 1688 1936 filius
1717 1899 1905 1942 Cosmae,

1177 1958 1405 2003 cardinalis,
1427 1958 1508 1995 841.

1132 2016 1328 2053 —Garcia
1348 2017 1410 2061 de,
1432 2017 1537 2054 filius
1558 2017 1745 2063 Cosmae,
1767 2018 1848 2055 841.

1132 2075 1326 2120 Medicus,
1348 2088 1518 2123 persona
1537 2077 1577 2112 in
1597 2077 1792 2121 dramate,
1821 2078 1902 2115 548.

1132 2134 1308 2181 Medina,
1331 2135 1561 2172 Ludovicus
1592 2137 1653 2181 de,
1681 2136 1723 2173 S.
1742 2137 1794 2183 J.,
1821 2138 1903 2174 439.

1137 2215 1175 2218 —
1195 2208 1277 2230 -—V.
1300 2194 1633 2241 Methymnensis‚
1658 2195 1812 2233 Ludov.

1131 2254 1244 2290 -del
1261 2253 1426 2300 Campo,
1445 2268 1481 2291 V.
1499 2254 1737 2302 Methymna
1750 2255 1908 2302 Campi·

1131 2313 1227 2348 -de
1248 2313 1433 2356 Rioseco,
1456 2327 1492 2350 V.
1514 2313 1763 2360 Methymna.

1132 2371 1410 2408 Mediolanum
1430 2372 1627 2418 (Milano),
1649 2386 1750 2420 opp.,
1768 2374 1853 2410 367.

1133 2431 1256 2474 Melo,
1287 2430 1563 2468 Gundisalvus
1598 2432 1683 2468 Vaz
1714 2433 1775 2477 de,
1793 2432 1835 2470 S.
1853 2433 1905 2480 J.,

1181 2504 1216 2526 V.
1241 2490 1343 2533 Vaz,
1365 2490 1653 2528 Gundisalvus.

1134 2556 1220 2585 —et
1257 2548 1414 2593 Castro,
1448 2549 1624 2596 joannes
1659 2551 1721 2594 de,
1760 2552 1906 2598 episco-

1182 2621 1254 2654 pus
1273 2609 1543 2654 algarbiensis
1561 2609 1642 2645 962.

1136 2667 1385 2710 Mendesius,
1419 2668 1634 2714 Antonius,
1669 2668 1711 2706 S.
1748 2669 1791 2715 J.,
1820 2671 1908 2706 mis—

1182 2739 1248 2762 sus
1268 2727 1307 2762 in
1327 2727 1546 2772 Angolam,
1566 2726 1647 2764 962.

1137 2784 1346 2828 Mendoza,
1370 2785 1681 2832 Christophorus
1699 2787 1760 2832 de,
1795 2786 1836 2825 S.
1854 2788 1907 2834 J.,

1183 2850 1315 2880 rector
1364 2845 1663 2891 neapolitanus,
1717 2848 1908 2884 exercitia

1185 2903 1304 2939 tradit
1324 2904 1484 2940 mulieri
1503 2905 1640 2949 nobili,
1661 2905 1743 2942 396.

1140 2962 1365 3000 —Didacus
1407 2963 1592 3000 Hurtado
1634 2965 1695 3008 de,
1740 2965 1818 3001 dux
1860 2966 1919 3002 der

1191 3022 1461 3063 Francavilla,
1482 3022 1539 3059 79.
