2051 3516
465 298 844 336 121.—PLA<:ENT1A
871 299 916 335 27
943 299 1192 335 DECEmBffls
1225 302 1313 336 1537
1583 302 1652 338 450

66 391 350 436 stimonium
383 392 442 437 de
477 394 674 449 publica
709 394 956 439 moestitia
991 394 1206 440 ciuitatis
1243 397 1390 441 totius
1415 397 1701 453 addidisset,

66 483 213 523 quam
248 478 462 515 testatus
496 480 571 515 est
603 472 763 526 magis
799 470 1012 516 doluisse
1047 472 1313 517 orbitatem
1348 489 1504 528 suam,
1532 472 1702 524 Salina

65 543 314 600 defuncto,
342 561 490 601 quam
516 556 726 592 mortem
750 547 901 604 ipsius
927 546 1163 593 Caesaris
1189 550 1404 595 dolitura
1426 551 1699 596 videretur.

65 620 347 666 Postremus
372 623 490 668 obiit
513 623 565 668 P.
596 624 837 670 Caruaial
862 627 893 676 ¹,
922 626 1000 681 qui
1025 640 1138 670 cum
1163 628 1314 671 semel
1348 628 1699 683 conualuisset,

63 698 238 744 domus
271 699 495 745 aedificio
536 702 839 759 praefectus,
877 702 1053 747 iterum
1089 703 1256 759 lapsus
1291 714 1380 749 est.
1419 703 1608 750 Omitto
1643 705 1697 750 P.

69 775 397 822 Villanueuae
431 787 479 822 et
513 777 566 822 P.
595 778 729 824 Petri
762 778 989 824 Sanchez
1013 780 1028 803 ²²
1052 780 1356 836 antiquiores
1390 796 1554 833 casus,
1583 798 1698 838 quo-

62 869 171 898 rum
195 854 271 898 hic
296 853 571 899 dominicae
597 856 979 901 resurrectionis
1002 866 1244 913 tempore,
1268 858 1346 903 ille
1367 874 1487 903 vere
1514 859 1698 904 intran—

60 940 107 976 te
132 931 366 976 defuncti:
395 933 454 977 de
490 933 545 978 iis
578 932 678 990 jam
715 935 901 991 pridem
935 944 987 979 tu
1020 935 1237 980 noueris.
1266 935 1418 981 Certe
1454 936 1601 992 (quod
1636 936 1709 982 de'

60 1008 285 1054 omnibus
310 1009 568 1080 affirmare
594 1012 875 1068 possumus)
900 1027 995 1057 non
1026 1011 1225 1069 inglorii
1249 1028 1275 1057 e
1300 1013 1425 1058 uiuis
1460 1013 1698 1059 discesse-

59 1095 187 1130 runt:
217 1086 296 1142 qui
321 1086 366 1130 in
394 1086 540 1131 vinea
575 1087 773 1133 Domini
808 1088 875 1134 ita
911 1088 1120 1133 viriliter
1154 1101 1367 1145 egerunt
1399 1106 1457 1135 ac
1489 1091 1694 1136 desuda-

59 1171 186 1213 runt,
210 1172 262 1206 ut
287 1177 459 1207 eorum
485 1164 677 1220 aliquos
702 1181 763 1210 cx
787 1180 845 1209 eo
870 1164 1111 1210 defecisse
1136 1166 1373 1211 credibile
1401 1167 1559 1212 videri
1585 1184 1692 1224 pos-

56 1239 133 1283 sit.
172 1239 282 1284 Hoc
319 1240 465 1284 modo
499 1240 749 1286 funestam
794 1242 992 1287 domurn
1039 1243 1345 1300 reliquerant
1385 1246 1592 1290 aestatis
1627 1246 1695 1290 in-

56 1316 228 1369 iuriae,
257 1332 367 1361 cum
394 1333 587 1363 summa
614 1318 808 1364 bonitas
832 1330 1071 1364 autumno
1095 1318 1195 1376 jam
1221 1332 1480 1366 crescente
1515 1322 1692 1368 iterum

54 1393 287 1449 probauit
311 1409 513 1439 suorum
549 1396 704 1440 corda
738 1396 884 1452 graui
919 1397 1132 1453 quadam
1158 1413 1218 1442 ac
1242 1399 1589 1444 molestissima
1627 1400 1691 1455 pi-

54 1470 195 1527 tuita,
224 1486 350 1527 quae
376 1471 439 1515 ad
464 1488 612 1517 unum
639 1488 808 1518 omnes
832 1473 1028 1519 inuasit.
1057 1473 1199 1519 Tunc
1225 1475 1419 1531 quidem
1446 1476 1614 1521 videre
1640 1477 1692 1521 li-

53 1548 151 1593 cuit
176 1557 412 1605 quantum
436 1559 541 1594 tota
566 1550 780 1607 pendeat
803 1566 829 1596 e
864 1551 1027 1596 diuina
1052 1553 1274 1607 potentia
1298 1553 1514 1598 humana
1540 1554 1691 1599 imbe-

53 1624 245 1670 cillitas.
270 1625 365 1682 Qui
392 1627 515 1671 alios
540 1637 689 1673 antea
714 1644 804 1673 sua
828 1644 984 1685 opera
1009 1638 1056 1673 et
1082 1629 1354 1675 ministerio
1380 1631 1526 1675 etiam
1552 1647 1693 1687 pere-

51 1702 222 1758 grinos
262 1701 520 1760 juuabant‚
563 1704 624 1748 ad
664 1705 738 1749 sui
778 1720 951 1750 curam
986 1706 1175 1751 alienos
1214 1722 1480 1753 accersere
1525 1709 1689 1754 coacti

50 1789 179 1835 sunt,
203 1780 480 1837 acciditque
499 1790 615 1826 ante
641 1782 686 1826 id
711 1782 984 1838 consilium,
1008 1792 1061 1828 ut
1081 1783 1272 1829 visente
1291 1785 1484 1830 medico
1510 1801 1691 1842 aegro-

50 1865 142 1913 tos,
170 1872 312 1901 nemo
347 1867 485 1902 stans
519 1858 842 1915 inueniretur,
871 1860 950 1916 qui
974 1860 1220 1905 hominem
1255 1861 1526 1907 deduceret
1561 1863 1691 1908 exci-

49 1945 286 1990 peretque
320 1934 447 1980 illius
481 1936 731 1982 salutares
767 1937 1160 1994 praeceptiones3
1199 1938 1459 1995 abiretque
1498 1940 1567 1985 ita
1609 1956 1691 1986 res

48 2011 138 2056 nisi
162 2027 224 2056 ex
245 2010 524 2068 jacentibus
548 2029 675 2058 unus
699 2024 948 2071 surgeret,
977 2015 1056 2072 qui
1083 2025 1130 2060 et
1155 2031 1246 2061 sua
1281 2026 1330 2061 et
1364 2016 1579 2062 aliorum
1606 2033 1688 2063 cu-

50 2098 203 2133 raret.

106 2164 149 2211 2.
216 2164 398 2210 Totum
424 2166 517 2211 hoc
542 2175 736 2223 tempus
771 2168 1004 2213 miserum
1028 2170 1162 2238 axpia
1187 2184 1324 2214 cura·
1344 2171 1688 2227 proximorum

47 2254 297 2288 cessatum
322 2254 396 2289 est
427 2260 521 2289 non
558 2245 661 2290 sine
697 2261 880 2302 magna
915 2262 1090 2292 eorum
1126 2248 1580 2306 commiseratione,
1608 2250 1687 2306 qui

47 2320 388 2376 spiritualibus
423 2322 701 2367 animarum
738 2324 1174 2369 commoditatibus
1209 2325 1471 2371 ducuntur.
1509 2325 1687 2372 Studia

46 2398 163 2442 item
187 2398 369 2454 partim
395 2400 564 2444 calore
588 2400 734 2445 nimio
754 2402 1010 2457 temporis,
1032 2402 1213 2458 partim
1237 2403 1574 2449 studiosorum
1604 2420 1685 2450 va-

47 2475 259 2520 letudine
294 2476 611 2532 languerunt.
640 2477 1015 2523 praeterierant
1048 2495 1197 2535 quam
1222 2481 1390 2536 plures
1425 2480 1529 2525 dies
1555 2497 1584 2526 a
1609 2497 1684 2526 so-

46 2552 174 2596 lenni
208 2552 288 2597 illo
324 2553 612 2609 auspicandi
648 2570 754 2599 rem
790 2554 1083 2611 lsterariam,
1123 2568 1330 2613 eratque
1370 2557 1533 2603 adhuc
1568 2567 1685 2604 ante

45 2630 307 2685 gymnasia
340 2631 566 2685 solitudo}
604 2632 761 2677 donec
794 2641 905 2688 post
939 2632 1119 2679 festum
1145 2634 1360 2679 omnium
1396 2644 1684 2680 sanctorum

45 2705 231 2751 initium
256 2707 443 2752 factum
474 2717 548 2753 est
581 2724 610 2753 a
644 2709 842 2765 publica
875 2710 1102 2756 oratione
1139 2711 1184 2755 in
1221 2711 1418 2756 laudem
1452 2713 1682 2758 scientia-

45 2799 153 2828 rum
179 2784 365 2837 habita,
393 2786 456 2830 ad
480 2801 625 2842 quam
661 2787 799 2832 vrbis
832 2788 1061 2833 nobilitas
1096 2799 1144 2833 et
1179 2788 1313 2834 ciues
1337 2789 1418 2835 alii
1451 2789 1679 2847 frequen-

43 2869 118 2905 tes
147 2872 504 2908 conuenerunt.
534 2862 611 2907 Ex
645 2878 703 2908 eo
738 2863 939 2910 feruere
974 2865 1137 2909 onmia
1172 2866 1411 2921 paulatim
1446 2882 1678 2924 coepere.

92 3061 99 3078 ¹
135 3059 251 3096 ‘Ibid.

90 3119 103 3137 ²
152 3118 251 3154 Ibid.
274 3124 313 3155 et
333 3132 425 3166 pag.
446 3119 528 3156 225.
