2051 3516
401 280 624 318 APPENDIX
649 280 885 318 L-PRAGA
914 281 956 317 17
982 280 1184 327 JANUARH
1213 280 1258 325 (Ρ)
1289 279 1379 316 1558
1587 276 1656 323 927

79 376 341 421 maiestate
366 377 397 430 ¹,
424 377 765 422 uehementius
789 391 935 433 quam
960 376 1084 422 alias
1107 375 1289 421 fuimus
1318 373 1533 420 nonnihil
1558 373 1708 430 impe-

77 452 176 498 diti.
206 451 284 497 Ac
308 453 534 508 quamuis
561 468 641 499 res
665 453 925 499 bohemica
949 453 1018 498 sic
1052 452 1308 498 nobiscum
1344 459 1635 508 perseueret
1658 459 1710 495 ut

78 529 238 586 potius
263 529 322 575 T.
350 529 403 575 P.
432 530 684 576 orationes
709 546 768 576 ac
804 530 1020 576 omnium
1057 545 1379 576 romanorum
1413 528 1627 574 fratrum
1651 542 1710 573 ac

78 606 281 652 Patrum
306 604 604 652 charitatem
630 608 873 665 imploret,
901 617 1067 654 tamen
1093 608 1277 665 nesciO,
1303 607 1342 652 si
1366 622 1463 652 non
1488 607 1534 652 in
1558 606 1709 651 omni-

79 686 184 740 bus,
212 699 272 729 ac
296 694 434 729 certe
460 684 505 729 in
529 685 772 741 aliquibus
797 686 889 731 hoc
913 685 1276 742 quadrimestre
1302 684 1542 730 maiorem
1562 683 1711 729 diuini

79 760 265 807 seruitii
290 776 427 817 spem
453 761 629 807 erexit.

137 837 179 883 2.
246 837 374 882 Nam
400 847 451 883 ut
474 839 533 883 de
558 839 730 884 studiis
754 839 966 895 primum
1001 838 1183 896 aliquid
1218 838 1392 894 dicam,
1419 837 1647 894 dialogus
1682 852 1712 882 a

80 915 243 971 pueris
267 915 326 960 de
351 915 611 961 natiuitate
636 925 710 962 est
732 918 1032 969 celebratus,
1054 916 1212 962 tribus
1245 915 1590 973 praesentibus
1616 915 1710 972 epi-

79 993 241 1049 scopis
276 994 308 1047 2,
350 1008 535 1049 magna
570 993 818 1039 hominum
853 993 1147 1050 frequentia,
1185 993 1513 1039 admiratione
1547 1002 1596 1039 et
1630 1008 1711 1050 ap-

80 1070 270 1127 plausu;
299 1070 377 1126 qui
403 1080 710 1127 quantopere
734 1069 1082 1128 satisfecerint,
1110 1070 1271 1117 exitus
1296 1071 1399 1128 ipse
1419 1070 1709 1126 declarauit,

81 1163 191 1193 curn
214 1152 236 1173 a
260 1163 289 1192 a
312 1147 534 1204 plurimis
557 1147 763 1194 eruditis
788 1157 836 1193 et
861 1148 1104 1194 nobilibus
1137 1148 1363 1205 personis
1397 1148 1459 1193 sit
1498 1148 1712 1193 maxime

81 1224 392 1271 collaudatus
415 1234 463 1270 et
486 1241 581 1271 non
607 1225 776 1282 paucis
800 1225 999 1283 aliquod
1023 1226 1128 1271 eius
1152 1225 1410 1282 exemplar
1433 1225 1711 1271 describen-

85 1303 198 1348 dum
224 1301 577 1360 efflagitatum.

140 1380 184 1425 3.
251 1379 480 1424 Nonnulli
507 1379 577 1425 sic
601 1379 829 1436 quadam,
857 1394 985 1436 quae
1008 1379 1135 1425 inter
1153 1379 1318 1424 Patris
1337 1379 1465 1425 illius
1484 1379 1592 1435 piae
1617 1395 1711 1424 me-

84 1457 272 1503 moriae
290 1457 305 1481 ³
326 1456 535 1502 facetias
555 1457 824 1512 relucebat,
844 1457 1026 1513 pietate
1042 1457 1337 1514 compuncti,
1357 1455 1481 1502 filios
1496 1471 1612 1502 suos
1631 1471 1711 1501 no·

86 1535 156 1581 bis
172 1535 545 1580 commendatos
562 1543 610 1580 et
628 1534 674 1580 in
693 1544 917 1580 nostrum
935 1534 1216 1580 conuictum
1237 1534 1449 1580 traditos
1468 1534 1713 1580 humanis-

83 1612 205 1658 sime
229 1613 546 1669 expetebant,
574 1628 780 1669 quorum
805 1613 984 1658 bonam
1009 1628 1145 1669 spem
1169 1612 1331 1669 magis
1354 1611 1414 1657 R.
1438 1611 1491 1657 P.
1514 1621 1681 1657 rector
1699 1612 1715 1635 ⁴

83 1689 268 1736 distulit
291 1705 382 1747 pro
407 1690 582 1735 maiori
606 1689 800 1747 collegii
825 1689 1191 1748 commoditate,
1218 1706 1364 1747 quam
1392 1689 1608 1735 abstulit.

141 1767 183 1812 4.
252 1766 626 1824 Disputationes
649 1766 848 1812 habitae
872 1775 985 1812 sunt
1015 1766 1074 1812 de
1103 1775 1420 1812 sacramento
1455 1765 1713 1812 confirma-

88 1843 234 1891 tionis
257 1843 273 1868 ⁵
296 1852 435 1889 tanto
460 1843 709 1889 hominum
732 1858 977 1889 concursu
1001 1852 1050 1889 et
1074 1843 1346 1889 eorundem
1371 1843 1715 1901 episcoporum

63 1932 133 1968 -et
156 1921 366 1967 aliarum
392 1936 573 1977 magne
597 1921 850 1978 dignitatis
875 1936 934 1966 ac
959 1921 1216 1967 doctrinae
1241 1921 1531 1967 celebritate
1551 1936 1713 1978 perso-

84 2014 278 2054 narum,
304 2008 356 2044 ut
379 1999 517 2044 scola
540 2014 635 2043 non
671 1998 887 2044 omniurn
922 2008 1055 2044 esset
1088 2014 1267 2056 capax,
1305 1997 1612 2044 multitudine
1645 2009 1715 2043 ta-

86 2091 198 2122 men
221 2075 487 2132 disputatio
512 2075 681 2132 magis.
705 2074 906 2121 incaluit
941 2090 1088 2132 quam
1121 2075 1448 2132 argumentiS,
1486 2085 1531 2120 et
1566 2074 1715 2131 (quod

90 2153 301 2198 maxime
325 2152 683 2208 deplorandum
707 2152 798 2210 est)
823 2151 1015 2198 mauult
1037 2152 1130 2198 hoc
1153 2152 1401 2197 hominum
1435 2166 1592 2208 genus
1616 2151 1716 2196 suis

86 2229 473 2276 dubitationibus
517 2238 565 2275 et
613 2229 944 2275 incredulitati
988 2229 1200 2286 immori,
1247 2245 1394 2286 quarn
1443 2228 1715 2274 sanandam

87 2306 449 2363 aegritudinem
474 2306 704 2362 prodere,
731 2322 854 2363 quos
887 2307 926 2352 si
952 2307 1178 2352 omnibus
1212 2306 1531 2352 humanitatis
1565 2315 1614 2351 et
1638 2307 1714 2351 be-

87 2384 398 2430 neuolentiae
423 2383 612 2429 indiciis
635 2384 697 2429 ad
716 2384 1167 2441 argumentandum
1186 2383 1463 2439 inuitemus,
1488 2394 1712 2439 renuunt,

88 2471 136 2508 et
168 2461 387 2508 nonnulli
421 2461 557 2516 satis,
585 2476 707 2518 pene
741 2461 982 2514 dixeram,
1021 2460 1346 2518 impudenter,
1374 2462 1506 2507 uelut
1535 2459 1714 2506 malefi-

135 2629 154 2648 3
204 2634 289 2666 tum
309 2639 390 2665 ms.

138 2786 147 2805 ¹
200 2782 495 2825 Ferdinandus.
516 2794 773 2819 romanorum
792 2794 877 2819 rex.

138 2845 150 2864 '2
202 2843 310 2880 Vide
330 2855 422 2890 pag.
446 2840 528 2879 526.

138 2905 150 2923 ³
201 2903 404 2949 Dialogus
423 2902 471 2938 de
499 2902 711 2939 nativitate
738 2903 910 2950 scriptus
938 2901 1070 2938 fuerat
1097 2914 1120 2937 a
1147 2901 1192 2937 P.
1222 2900 1393 2937 Andrea
1424 2900 1580 2938 Frusio.
1610 2899 1718 2937 Vide

91 2963 290 3011 superius,
311 2975 404 3010 pag.
424 2961 507 2999 265.

139 3023 152 3043 ⁴
202 3022 246 3060 P.
264 3021 486 3060 Ursmarus
504 3020 758 3060 Goissonius.

140 3083 154 3102 ⁶
204 3081 312 3118 Vide
331 3094 425 3129 pag.
445 3080 528 3118 526.
