<?xml version="1.0" encoding="UTF-8"?>
<!DOCTYPE html PUBLIC "-//W3C//DTD XHTML 1.0 Transitional//EN"
    "http://www.w3.org/TR/xhtml1/DTD/xhtml1-transitional.dtd">
<html xmlns="http://www.w3.org/1999/xhtml" xml:lang="en" lang="en">
 <head>
  <title>
</title>
<meta http-equiv="Content-Type" content="text/html;charset=utf-8" />
  <meta name='ocr-system' content='tesseract 3.04.00' />
  <meta name='ocr-capabilities' content='ocr_page ocr_carea ocr_par ocr_line ocrx_word'/>
</head>
<body>
  <div class='ocr_page' id='page_1' title='image "./litteraequadrime17lain_0016.png"; bbox 0 0 2051 3516; ppageno 0'>
   <div class='ocr_carea' id='block_1_1' title="bbox 336 303 1402 347">
    <p class='ocr_par' dir='ltr' id='par_1_1' title="bbox 336 303 1402 347">
     <span class='ocr_line' id='line_1_1' title="bbox 336 303 1402 347; baseline 0 -8"><span class='ocrx_word' id='word_1_1' title='bbox 336 313 363 339; x_wconf 81' lang='lat' dir='ltr'><strong>X</strong></span> <span class='ocrx_word' id='word_1_2' title='bbox 809 303 854 339; x_wconf 81' lang='lat' dir='ltr'>Li</span> <span class='ocrx_word' id='word_1_3' title='bbox 864 314 1022 339; x_wconf 57' lang='lat' dir='ltr'>r&#39;rERAE</span> <span class='ocrx_word' id='word_1_4' title='bbox 1047 303 1402 347; x_wconf 64' lang='lat' dir='ltr'>Qufflmnxfflsfflsss</span> 
     </span>
    </p>
   </div>
   <div class='ocr_carea' id='block_1_2' title="bbox 290 402 1912 1455">
    <p class='ocr_par' dir='ltr' id='par_1_2' title="bbox 290 402 1912 1455">
     <span class='ocr_line' id='line_1_2' title="bbox 293 402 1903 460; baseline 0.001 -13"><span class='ocrx_word' id='word_1_5' title='bbox 293 403 552 459; x_wconf 68' lang='lat' dir='ltr'>Polaticus,</span> <span class='ocrx_word' id='word_1_6' title='bbox 592 402 734 460; x_wconf 85' lang='lat' dir='ltr'>cujus</span> <span class='ocrx_word' id='word_1_7' title='bbox 774 403 1057 448; x_wconf 71' lang='lat' dir='ltr'>Clzrom&#39;con</span> <span class='ocrx_word' id='word_1_8' title='bbox 1097 403 1368 448; x_wconf 70' lang='lat' dir='ltr'>Socictatis</span> <span class='ocrx_word' id='word_1_9' title='bbox 1406 419 1555 459; x_wconf 88' lang='lat' dir='ltr'>saepe</span> <span class='ocrx_word' id='word_1_10' title='bbox 1595 419 1705 448; x_wconf 91' lang='lat' dir='ltr'>cum</span> <span class='ocrx_word' id='word_1_11' title='bbox 1746 404 1903 449; x_wconf 88' lang='lat' dir='ltr'>laude.</span> 
     </span>
     <span class='ocr_line' id='line_1_3' title="bbox 290 479 1907 536; baseline 0.001 -12"><span class='ocrx_word' id='word_1_12' title='bbox 290 495 535 535; x_wconf 83' lang='lat' dir='ltr'>nunquam</span> <span class='ocrx_word' id='word_1_13' title='bbox 560 495 669 524; x_wconf 87' lang='lat' dir='ltr'>cum</span> <span class='ocrx_word' id='word_1_14' title='bbox 696 480 1058 536; x_wconf 84' lang='lat' dir='ltr'>vituperatione</span> <span class='ocrx_word' id='word_1_15' title='bbox 1082 480 1145 524; x_wconf 89' lang='lat' dir='ltr'>ab</span> <span class='ocrx_word' id='word_1_16' title='bbox 1170 479 1276 524; x_wconf 87' lang='lat' dir='ltr'>aliis</span> <span class='ocrx_word' id='word_1_17' title='bbox 1300 480 1585 524; x_wconf 86' lang='lat' dir='ltr'>auctoribus</span> <span class='ocrx_word' id='word_1_18' title='bbox 1605 481 1907 525; x_wconf 89' lang='lat' dir='ltr'>nominatum</span> 
     </span>
     <span class='ocr_line' id='line_1_4' title="bbox 290 555 1905 612; baseline 0.001 -13"><span class='ocrx_word' id='word_1_19' title='bbox 290 555 580 611; x_wconf 76' lang='lat' dir='ltr'>invenimus,</span> <span class='ocrx_word' id='word_1_20' title='bbox 608 572 703 600; x_wconf 86' lang='lat' dir='ltr'>una</span> <span class='ocrx_word' id='word_1_21' title='bbox 727 571 838 600; x_wconf 89' lang='lat' dir='ltr'>cum</span> <span class='ocrx_word' id='word_1_22' title='bbox 865 556 1060 612; x_wconf 82' lang='lat' dir='ltr'>reliquis</span> <span class='ocrx_word' id='word_1_23' title='bbox 1084 555 1388 601; x_wconf 74' lang='lat' dir='ltr'>documentis</span> <span class='ocrx_word' id='word_1_24' title='bbox 1413 556 1586 612; x_wconf 85' lang='lat' dir='ltr'>quibus</span> <span class='ocrx_word' id='word_1_25' title='bbox 1605 557 1905 611; x_wconf 80' lang='lat' dir='ltr'>abundabat,</span> 
     </span>
     <span class='ocr_line' id='line_1_5' title="bbox 291 631 1908 688; baseline 0.001 -12"><span class='ocrx_word' id='word_1_26' title='bbox 291 632 483 677; x_wconf 88' lang='lat' dir='ltr'>litteras</span> <span class='ocrx_word' id='word_1_27' title='bbox 508 632 895 688; x_wconf 86' lang='lat' dir='ltr'>quadrimestres</span> <span class='ocrx_word' id='word_1_28' title='bbox 919 631 1195 677; x_wconf 72' lang='lat' dir='ltr'>sexcenties</span> <span class='ocrx_word' id='word_1_29' title='bbox 1220 631 1522 677; x_wconf 77' lang='lat' dir='ltr'>transcribit.</span> <span class='ocrx_word' id='word_1_30' title='bbox 1549 632 1659 677; x_wconf 90' lang='lat' dir='ltr'>Hoc</span> <span class='ocrx_word' id='word_1_31' title='bbox 1681 632 1720 677; x_wconf 87' lang='lat' dir='ltr'>si</span> <span class='ocrx_word' id='word_1_32' title='bbox 1744 632 1908 678; x_wconf 88' lang='lat' dir='ltr'>volue-</span> 
     </span>
     <span class='ocr_line' id='line_1_6' title="bbox 291 708 1910 764; baseline 0 -12"><span class='ocrx_word' id='word_1_33' title='bbox 291 708 356 752; x_wconf 90' lang='lat' dir='ltr'>ris</span> <span class='ocrx_word' id='word_1_34' title='bbox 379 709 472 753; x_wconf 84' lang='lat' dir='ltr'>tuis</span> <span class='ocrx_word' id='word_1_35' title='bbox 497 708 649 753; x_wconf 90' lang='lat' dir='ltr'>oculis</span> <span class='ocrx_word' id='word_1_36' title='bbox 677 708 860 764; x_wconf 88' lang='lat' dir='ltr'>videre,</span> <span class='ocrx_word' id='word_1_37' title='bbox 884 708 1010 764; x_wconf 87' lang='lat' dir='ltr'>quod</span> <span class='ocrx_word' id='word_1_38' title='bbox 1030 724 1118 753; x_wconf 88' lang='lat' dir='ltr'>nos</span> <span class='ocrx_word' id='word_1_39' title='bbox 1138 708 1269 753; x_wconf 91' lang='lat' dir='ltr'>hisce</span> <span class='ocrx_word' id='word_1_40' title='bbox 1289 708 1469 752; x_wconf 90' lang='lat' dir='ltr'>nostris</span> <span class='ocrx_word' id='word_1_41' title='bbox 1493 708 1714 764; x_wconf 84' lang='lat' dir='ltr'>vidimus,</span> <span class='ocrx_word' id='word_1_42' title='bbox 1737 708 1910 753; x_wconf 76' lang='lat' dir='ltr'>confer</span> 
     </span>
     <span class='ocr_line' id='line_1_7' title="bbox 291 783 1911 840; baseline 0 -11"><span class='ocrx_word' id='word_1_43' title='bbox 291 785 541 829; x_wconf 84' lang='lat' dir='ltr'>volumina</span> <span class='ocrx_word' id='word_1_44' title='bbox 567 800 654 829; x_wconf 81' lang='lat' dir='ltr'>sex</span> <span class='ocrx_word' id='word_1_45' title='bbox 687 785 850 839; x_wconf 91' lang='lat' dir='ltr'>operis</span> <span class='ocrx_word' id='word_1_46' title='bbox 884 783 1161 840; x_wconf 89' lang='lat' dir='ltr'>polanciani</span> <span class='ocrx_word' id='word_1_47' title='bbox 1195 799 1303 829; x_wconf 90' lang='lat' dir='ltr'>cum</span> <span class='ocrx_word' id='word_1_48' title='bbox 1335 794 1548 840; x_wconf 82' lang='lat' dir='ltr'>quatuor</span> <span class='ocrx_word' id='word_1_49' title='bbox 1583 784 1911 829; x_wconf 86' lang='lat' dir='ltr'>voluminibus</span> 
     </span>
     <span class='ocr_line' id='line_1_8' title="bbox 291 860 1909 918; baseline 0 -12"><span class='ocrx_word' id='word_1_50' title='bbox 291 862 608 907; x_wconf 69' lang='lat' dir='ltr'>Litterarum</span> <span class='ocrx_word' id='word_1_51' title='bbox 634 861 1124 918; x_wconf 74' lang='lat' dir='ltr'>Qztadm&#39;mestm&#39;nm‚</span> <span class='ocrx_word' id='word_1_52' title='bbox 1152 877 1277 917; x_wconf 84' lang='lat' dir='ltr'>quae</span> <span class='ocrx_word' id='word_1_53' title='bbox 1297 861 1460 906; x_wconf 86' lang='lat' dir='ltr'>omnia</span> <span class='ocrx_word' id='word_1_54' title='bbox 1477 860 1575 918; x_wconf 90' lang='lat' dir='ltr'>jam</span> <span class='ocrx_word' id='word_1_55' title='bbox 1601 861 1713 906; x_wconf 91' lang='lat' dir='ltr'>olim</span> <span class='ocrx_word' id='word_1_56' title='bbox 1734 861 1909 906; x_wconf 53' lang='lat' dir='ltr'>illomc-</span> 
     </span>
     <span class='ocr_line' id='line_1_9' title="bbox 291 936 1805 994; baseline 0 -11"><span class='ocrx_word' id='word_1_57' title='bbox 291 942 463 983; x_wconf 65' lang='lat' dir='ltr'>nirenta</span> <span class='ocrx_word' id='word_1_58' title='bbox 487 938 749 982; x_wconf 70' lang='lat' dir='ltr'>Histurica</span> <span class='ocrx_word' id='word_1_59' title='bbox 773 937 1044 982; x_wconf 72' lang='lat' dir='ltr'>Societatis</span> <span class='ocrx_word' id='word_1_60' title='bbox 1060 937 1191 994; x_wconf 71' lang='lat' dir='ltr'>sesa</span> <span class='ocrx_word' id='word_1_61' title='bbox 1217 937 1393 993; x_wconf 79' lang='lat' dir='ltr'>publici</span> <span class='ocrx_word' id='word_1_62' title='bbox 1416 936 1540 994; x_wconf 89' lang='lat' dir='ltr'>juris</span> <span class='ocrx_word' id='word_1_63' title='bbox 1564 938 1805 983; x_wconf 75' lang='lat' dir='ltr'>fecerunt.</span> 
     </span>
     <span class='ocr_line' id='line_1_10' title="bbox 378 1013 1908 1069; baseline 0 -11"><span class='ocrx_word' id='word_1_64' title='bbox 378 1014 511 1059; x_wconf 82' lang='lat' dir='ltr'>Inter</span> <span class='ocrx_word' id='word_1_65' title='bbox 554 1013 732 1059; x_wconf 89' lang='lat' dir='ltr'>aetatis</span> <span class='ocrx_word' id='word_1_66' title='bbox 776 1023 977 1058; x_wconf 89' lang='lat' dir='ltr'>nostrae</span> <span class='ocrx_word' id='word_1_67' title='bbox 1016 1022 1247 1058; x_wconf 77' lang='lat' dir='ltr'>auctores</span> <span class='ocrx_word' id='word_1_68' title='bbox 1291 1014 1342 1058; x_wconf 78' lang='lat' dir='ltr'>P.</span> <span class='ocrx_word' id='word_1_69' title='bbox 1391 1014 1636 1059; x_wconf 78' lang='lat' dir='ltr'>Antonius</span> <span class='ocrx_word' id='word_1_70' title='bbox 1686 1013 1908 1069; x_wconf 78' lang='lat' dir='ltr'>Astrain,</span> 
     </span>
     <span class='ocr_line' id='line_1_11' title="bbox 291 1090 1912 1148; baseline -0.001 -11"><span class='ocrx_word' id='word_1_71' title='bbox 291 1101 467 1137; x_wconf 79' lang='lat' dir='ltr'>auctor</span> <span class='ocrx_word' id='word_1_72' title='bbox 503 1091 668 1148; x_wconf 88' lang='lat' dir='ltr'>operis</span> <span class='ocrx_word' id='word_1_73' title='bbox 703 1091 938 1135; x_wconf 69' lang='lat' dir='ltr'>Historia</span> <span class='ocrx_word' id='word_1_74' title='bbox 971 1091 1033 1135; x_wconf 70' lang='lat' dir='ltr'>[le</span> <span class='ocrx_word' id='word_1_75' title='bbox 1066 1091 1117 1135; x_wconf 77' lang='lat' dir='ltr'>la</span> <span class='ocrx_word' id='word_1_76' title='bbox 1153 1090 1442 1147; x_wconf 38' lang='lat' dir='ltr'>Conszpansa</span> <span class='ocrx_word' id='word_1_77' title='bbox 1475 1091 1537 1135; x_wconf 74' lang='lat' dir='ltr'>de</span> <span class='ocrx_word' id='word_1_78' title='bbox 1568 1091 1729 1147; x_wconf 64' lang='lat' dir='ltr'>sestis</span> <span class='ocrx_word' id='word_1_79' title='bbox 1762 1105 1822 1135; x_wconf 65' lang='grc' dir='ltr'>(Ἦ</span> <span class='ocrx_word' id='word_1_80' title='bbox 1862 1091 1912 1135; x_wconf 76' lang='lat' dir='ltr'>la</span> 
     </span>
     <span class='ocr_line' id='line_1_12' title="bbox 292 1167 1908 1224; baseline -0.001 -11"><span class='ocrx_word' id='word_1_81' title='bbox 292 1168 581 1213; x_wconf 67' lang='lat' dir='ltr'>Asistc‘ncia</span> <span class='ocrx_word' id='word_1_82' title='bbox 604 1168 665 1212; x_wconf 77' lang='lat' dir='ltr'>de</span> <span class='ocrx_word' id='word_1_83' title='bbox 689 1167 923 1223; x_wconf 68' lang='lat' dir='ltr'>Espatm,</span> <span class='ocrx_word' id='word_1_84' title='bbox 951 1167 1337 1224; x_wconf 84' lang='lat' dir='ltr'>quadrimestres</span> <span class='ocrx_word' id='word_1_85' title='bbox 1363 1167 1554 1212; x_wconf 87' lang='lat' dir='ltr'>litteras</span> <span class='ocrx_word' id='word_1_86' title='bbox 1579 1168 1677 1224; x_wconf 78' lang='lat' dir='ltr'>&lt;vel</span> <span class='ocrx_word' id='word_1_87' title='bbox 1703 1183 1908 1224; x_wconf 86' lang='lat' dir='ltr'>annuas,</span> 
     </span>
     <span class='ocr_line' id='line_1_13' title="bbox 290 1243 1907 1301; baseline 0 -11"><span class='ocrx_word' id='word_1_88' title='bbox 290 1255 401 1290; x_wconf 87' lang='lat' dir='ltr'>sunt</span> <span class='ocrx_word' id='word_1_89' title='bbox 424 1245 550 1289; x_wconf 89' lang='lat' dir='ltr'>enim</span> <span class='ocrx_word' id='word_1_90' title='bbox 575 1244 773 1301; x_wconf 80' lang='lat' dir='ltr'>generis</span> <span class='ocrx_word' id='word_1_91' title='bbox 807 1243 1046 1300; x_wconf 85' lang='lat' dir='ltr'>ejusdem)</span> <span class='ocrx_word' id='word_1_92' title='bbox 1082 1244 1281 1289; x_wconf 77' lang='lat' dir='ltr'>adhibet</span> <span class='ocrx_word' id='word_1_93' title='bbox 1315 1245 1359 1289; x_wconf 86' lang='lat' dir='ltr'>in</span> <span class='ocrx_word' id='word_1_94' title='bbox 1394 1245 1491 1290; x_wconf 91' lang='lat' dir='ltr'>vol.</span> <span class='ocrx_word' id='word_1_95' title='bbox 1524 1244 1558 1297; x_wconf 83' lang='lat' dir='ltr'>I,</span> <span class='ocrx_word' id='word_1_96' title='bbox 1593 1245 1622 1289; x_wconf 90' lang='lat' dir='ltr'>l.</span> <span class='ocrx_word' id='word_1_97' title='bbox 1650 1244 1734 1301; x_wconf 68' lang='lat'>20,</span> <span class='ocrx_word' id='word_1_98' title='bbox 1762 1261 1833 1290; x_wconf 93' lang='lat' dir='ltr'>cc.</span> <span class='ocrx_word' id='word_1_99' title='bbox 1866 1245 1907 1290; x_wconf 77' lang='lat'>6.</span> 
     </span>
     <span class='ocr_line' id='line_1_14' title="bbox 295 1320 1911 1378; baseline 0 -12"><span class='ocrx_word' id='word_1_100' title='bbox 295 1322 334 1377; x_wconf 86' lang='lat'>7,</span> <span class='ocrx_word' id='word_1_101' title='bbox 361 1321 404 1375; x_wconf 61' lang='lat'>8,</span> <span class='ocrx_word' id='word_1_102' title='bbox 430 1321 472 1373; x_wconf 74' lang='grc' dir='ltr'>(Ῐ),</span> <span class='ocrx_word' id='word_1_103' title='bbox 503 1322 569 1377; x_wconf 98' lang='grc'>11,</span> <span class='ocrx_word' id='word_1_104' title='bbox 601 1321 667 1374; x_wconf 77' lang='grc'>12,</span> <span class='ocrx_word' id='word_1_105' title='bbox 699 1320 765 1374; x_wconf 74' lang='lat'>13,</span> <span class='ocrx_word' id='word_1_106' title='bbox 797 1321 864 1376; x_wconf 72' lang='lat'>15,</span> <span class='ocrx_word' id='word_1_107' title='bbox 894 1321 961 1377; x_wconf 60' lang='lat'>18,</span> <span class='ocrx_word' id='word_1_108' title='bbox 993 1321 1060 1376; x_wconf 73' lang='lat'>19,</span> <span class='ocrx_word' id='word_1_109' title='bbox 1088 1320 1157 1368; x_wconf 80' lang='lat'>20.</span> <span class='ocrx_word' id='word_1_110' title='bbox 1185 1321 1257 1377; x_wconf 76' lang='lat'>223</span> <span class='ocrx_word' id='word_1_111' title='bbox 1284 1321 1330 1366; x_wconf 91' lang='lat' dir='ltr'>in</span> <span class='ocrx_word' id='word_1_112' title='bbox 1352 1322 1446 1366; x_wconf 89' lang='lat' dir='ltr'>vol.</span> <span class='ocrx_word' id='word_1_113' title='bbox 1474 1321 1564 1377; x_wconf 79' lang='lat' dir='ltr'>IV,</span> <span class='ocrx_word' id='word_1_114' title='bbox 1593 1323 1622 1367; x_wconf 91' lang='lat' dir='ltr'>l.</span> <span class='ocrx_word' id='word_1_115' title='bbox 1643 1322 1729 1377; x_wconf 66' lang='grc'>30,</span> <span class='ocrx_word' id='word_1_116' title='bbox 1752 1322 1831 1378; x_wconf 88' lang='lat' dir='ltr'>qui</span> <span class='ocrx_word' id='word_1_117' title='bbox 1853 1322 1911 1366; x_wconf 92' lang='lat' dir='ltr'>de</span> 
     </span>
     <span class='ocr_line' id='line_1_15' title="bbox 295 1398 1912 1455; baseline -0.001 -12"><span class='ocrx_word' id='word_1_118' title='bbox 295 1398 603 1443; x_wconf 70' lang='lat' dir='ltr'>missionibus</span> <span class='ocrx_word' id='word_1_119' title='bbox 647 1407 737 1454; x_wconf 91' lang='lat' dir='ltr'>est,</span> <span class='ocrx_word' id='word_1_120' title='bbox 784 1398 828 1442; x_wconf 89' lang='lat' dir='ltr'>in</span> <span class='ocrx_word' id='word_1_121' title='bbox 874 1398 1098 1443; x_wconf 88' lang='lat' dir='ltr'>omnibus</span> <span class='ocrx_word' id='word_1_122' title='bbox 1143 1398 1400 1454; x_wconf 75' lang='lat' dir='ltr'>capitibus,</span> <span class='ocrx_word' id='word_1_123' title='bbox 1450 1414 1544 1443; x_wconf 90' lang='lat' dir='ltr'>uno</span> <span class='ocrx_word' id='word_1_124' title='bbox 1594 1408 1818 1455; x_wconf 81' lang='lat' dir='ltr'>excepto:</span> <span class='ocrx_word' id='word_1_125' title='bbox 1867 1398 1912 1442; x_wconf 88' lang='lat' dir='ltr'>in</span> 
     </span>
    </p>
   </div>
   <div class='ocr_carea' id='block_1_3' title="bbox 295 1474 1911 1532">
    <p class='ocr_par' dir='ltr' id='par_1_3' title="bbox 295 1474 1911 1532">
     <span class='ocr_line' id='line_1_16' title="bbox 295 1474 1911 1532; baseline 0.001 -13"><span class='ocrx_word' id='word_1_126' title='bbox 295 1474 503 1529; x_wconf 66' lang='lat' dir='ltr'>v01.f›.0‚</span> <span class='ocrx_word' id='word_1_127' title='bbox 532 1476 561 1519; x_wconf 94' lang='grc'>1.</span> <span class='ocrx_word' id='word_1_128' title='bbox 589 1475 674 1530; x_wconf 94' lang='grc'>2,0,</span> <span class='ocrx_word' id='word_1_129' title='bbox 702 1490 772 1519; x_wconf 73' lang='lat' dir='ltr'>ec.</span> <span class='ocrx_word' id='word_1_130' title='bbox 804 1475 841 1531; x_wconf 84' lang='lat'>1,</span> <span class='ocrx_word' id='word_1_131' title='bbox 869 1474 911 1531; x_wconf 88' lang='grc'>2,</span> <span class='ocrx_word' id='word_1_132' title='bbox 936 1475 979 1525; x_wconf 88' lang='lat'>.5</span> <span class='ocrx_word' id='word_1_133' title='bbox 1005 1474 1048 1530; x_wconf 75' lang='lat'>6,</span> <span class='ocrx_word' id='word_1_134' title='bbox 1075 1475 1117 1530; x_wconf 75' lang='lat'>9,</span> <span class='ocrx_word' id='word_1_135' title='bbox 1148 1474 1215 1527; x_wconf 80' lang='lat'>10,</span> <span class='ocrx_word' id='word_1_136' title='bbox 1247 1475 1408 1531; x_wconf 82' lang='grc'>11,12,</span> <span class='ocrx_word' id='word_1_137' title='bbox 1438 1475 1505 1532; x_wconf 70' lang='grc'>13,</span> <span class='ocrx_word' id='word_1_138' title='bbox 1532 1475 1599 1531; x_wconf 73' lang='grc'>14,</span> <span class='ocrx_word' id='word_1_139' title='bbox 1633 1475 1702 1531; x_wconf 78' lang='grc'>15,</span> <span class='ocrx_word' id='word_1_140' title='bbox 1727 1475 1911 1521; x_wconf 57' lang='grc'>16136-</span> 
     </span>
    </p>
   </div>
   <div class='ocr_carea' id='block_1_4' title="bbox 218 1551 1908 1608">
    <p class='ocr_par' dir='ltr' id='par_1_4' title="bbox 218 1551 1908 1608">
     <span class='ocr_line' id='line_1_17' title="bbox 218 1551 1908 1608; baseline 0 -13"><span class='ocrx_word' id='word_1_141' title='bbox 218 1560 232 1568; x_wconf 71' lang='grc'><em>·</em></span> <span class='ocrx_word' id='word_1_142' title='bbox 290 1551 433 1608; x_wconf 89' lang='lat' dir='ltr'>nique</span> <span class='ocrx_word' id='word_1_143' title='bbox 458 1552 503 1596; x_wconf 88' lang='lat' dir='ltr'>in</span> <span class='ocrx_word' id='word_1_144' title='bbox 528 1551 786 1595; x_wconf 86' lang='lat' dir='ltr'>voluminis</span> <span class='ocrx_word' id='word_1_145' title='bbox 809 1551 883 1595; x_wconf 81' lang='lat' dir='ltr'>VI</span> <span class='ocrx_word' id='word_1_146' title='bbox 908 1551 1217 1607; x_wconf 73' lang='lat' dir='ltr'>praefatione</span> <span class='ocrx_word' id='word_1_147' title='bbox 1243 1552 1372 1596; x_wconf 90' lang='lat' dir='ltr'>dolet</span> <span class='ocrx_word' id='word_1_148' title='bbox 1391 1551 1694 1596; x_wconf 87' lang='lat' dir='ltr'>clarissimus</span> <span class='ocrx_word' id='word_1_149' title='bbox 1717 1562 1908 1606; x_wconf 82' lang='lat' dir='ltr'>auctor,</span> 
     </span>
    </p>
   </div>
   <div class='ocr_carea' id='block_1_5' title="bbox 290 1617 1940 2986">
    <p class='ocr_par' dir='ltr' id='par_1_5' title="bbox 291 1617 1912 1837">
     <span class='ocr_line' id='line_1_18' title="bbox 292 1617 1911 1683; baseline 0.001 -11"><span class='ocrx_word' id='word_1_150' title='bbox 292 1628 418 1683; x_wconf 87' lang='lat' dir='ltr'>quod</span> <span class='ocrx_word' id='word_1_151' title='bbox 444 1644 473 1672; x_wconf 85' lang='lat' dir='ltr'>a</span> <span class='ocrx_word' id='word_1_152' title='bbox 498 1627 656 1671; x_wconf 91' lang='lat' dir='ltr'>medio</span> <span class='ocrx_word' id='word_1_153' title='bbox 682 1626 787 1672; x_wconf 88' lang='grc'>1616</span> <span class='ocrx_word' id='word_1_154' title='bbox 812 1628 1011 1672; x_wconf 83' lang='lat' dir='ltr'>saeculo</span> <span class='ocrx_word' id='word_1_155' title='bbox 1035 1627 1183 1672; x_wconf 74' lang='lat' dir='ltr'>XVII</span> <span class='ocrx_word' id='word_1_156' title='bbox 1207 1643 1400 1673; x_wconf 87' lang='lat' dir='ltr'>annuae</span> <span class='ocrx_word' id='word_1_157' title='bbox 1420 1628 1613 1673; x_wconf 87' lang='lat' dir='ltr'>litterae</span> <span class='ocrx_word' id='word_1_158' title='bbox 1633 1617 1911 1673; x_wconf 88' lang='lat' dir='ltr'>desideran-</span> 
     </span>
     <span class='ocr_line' id='line_1_19' title="bbox 292 1703 1912 1750; baseline 0 -1"><span class='ocrx_word' id='word_1_159' title='bbox 292 1714 385 1749; x_wconf 87' lang='lat' dir='ltr'>tur.</span> <span class='ocrx_word' id='word_1_160' title='bbox 415 1703 565 1749; x_wconf 89' lang='lat' dir='ltr'>Certe</span> <span class='ocrx_word' id='word_1_161' title='bbox 591 1703 703 1748; x_wconf 89' lang='lat' dir='ltr'>nihil</span> <span class='ocrx_word' id='word_1_162' title='bbox 727 1714 836 1748; x_wconf 89' lang='lat' dir='ltr'>erat</span> <span class='ocrx_word' id='word_1_163' title='bbox 861 1720 950 1749; x_wconf 85' lang='lat' dir='ltr'>cur</span> <span class='ocrx_word' id='word_1_164' title='bbox 974 1705 1035 1748; x_wconf 89' lang='lat' dir='ltr'>ad</span> <span class='ocrx_word' id='word_1_165' title='bbox 1062 1704 1315 1749; x_wconf 77' lang='lat' dir='ltr'>historiam</span> <span class='ocrx_word' id='word_1_166' title='bbox 1349 1704 1757 1750; x_wconf 81' lang='lat' dir='ltr'>conscribendam</span> <span class='ocrx_word' id='word_1_167' title='bbox 1791 1705 1912 1750; x_wconf 90' lang='lat' dir='ltr'>desi—</span> 
     </span>
     <span class='ocr_line' id='line_1_20' title="bbox 291 1780 1600 1837; baseline 0 -12"><span class='ocrx_word' id='word_1_168' title='bbox 291 1781 601 1836; x_wconf 85' lang='lat' dir='ltr'>derarentur,</span> <span class='ocrx_word' id='word_1_169' title='bbox 628 1780 665 1824; x_wconf 92' lang='lat' dir='ltr'>si</span> <span class='ocrx_word' id='word_1_170' title='bbox 691 1781 985 1825; x_wconf 86' lang='lat' dir='ltr'>documenta</span> <span class='ocrx_word' id='word_1_171' title='bbox 1010 1780 1103 1825; x_wconf 87' lang='lat' dir='ltr'>fide</span> <span class='ocrx_word' id='word_1_172' title='bbox 1128 1780 1277 1837; x_wconf 82' lang='lat' dir='ltr'>digna</span> <span class='ocrx_word' id='word_1_173' title='bbox 1301 1796 1397 1825; x_wconf 91' lang='lat' dir='ltr'>non</span> <span class='ocrx_word' id='word_1_174' title='bbox 1422 1790 1600 1826; x_wconf 80' lang='lat' dir='ltr'>essent.</span> 
     </span>
    </p>

    <p class='ocr_par' dir='ltr' id='par_1_6' title="bbox 290 1856 1914 2373">
     <span class='ocr_line' id='line_1_21' title="bbox 380 1856 1913 1914; baseline 0.001 -14"><span class='ocrx_word' id='word_1_175' title='bbox 380 1856 430 1901; x_wconf 75' lang='lat' dir='ltr'>P.</span> <span class='ocrx_word' id='word_1_176' title='bbox 455 1856 699 1901; x_wconf 87' lang='lat' dir='ltr'>Henricus</span> <span class='ocrx_word' id='word_1_177' title='bbox 724 1857 1042 1914; x_wconf 77' lang='lat' dir='ltr'>Fouqueray,</span> <span class='ocrx_word' id='word_1_178' title='bbox 1064 1856 1328 1902; x_wconf 82' lang='lat' dir='ltr'>Societatis</span> <span class='ocrx_word' id='word_1_179' title='bbox 1348 1857 1393 1902; x_wconf 91' lang='lat' dir='ltr'>in</span> <span class='ocrx_word' id='word_1_180' title='bbox 1413 1856 1579 1903; x_wconf 86' lang='lat' dir='ltr'>Gallia</span> <span class='ocrx_word' id='word_1_181' title='bbox 1599 1858 1913 1903; x_wconf 88' lang='lat' dir='ltr'>historiarum</span> 
     </span>
     <span class='ocr_line' id='line_1_22' title="bbox 290 1934 1914 1987; baseline 0.001 -9"><span class='ocrx_word' id='word_1_182' title='bbox 290 1934 692 1979; x_wconf 87' lang='lat' dir='ltr'>accuratissimus</span> <span class='ocrx_word' id='word_1_183' title='bbox 716 1944 906 1987; x_wconf 83' lang='lat' dir='ltr'>auctor,</span> <span class='ocrx_word' id='word_1_184' title='bbox 934 1935 1060 1979; x_wconf 85' lang='lat' dir='ltr'>inter</span> <span class='ocrx_word' id='word_1_185' title='bbox 1083 1935 1243 1980; x_wconf 87' lang='grc'>1011165</span> <span class='ocrx_word' id='word_1_186' title='bbox 1267 1943 1495 1980; x_wconf 85' lang='lat' dir='ltr'>numerat</span> <span class='ocrx_word' id='word_1_187' title='bbox 1524 1935 1672 1980; x_wconf 84' lang='lat' dir='ltr'>etiam</span> <span class='ocrx_word' id='word_1_188' title='bbox 1696 1935 1914 1980; x_wconf 86' lang='lat' dir='ltr'>Litteras</span> 
     </span>
     <span class='ocr_line' id='line_1_23' title="bbox 291 2010 1893 2067; baseline 0.001 -12"><span class='ocrx_word' id='word_1_189' title='bbox 291 2010 709 2067; x_wconf 86' lang='lat' dir='ltr'>Quadrimestres,</span> <span class='ocrx_word' id='word_1_190' title='bbox 737 2026 942 2066; x_wconf 82' lang='lat' dir='ltr'>quarum</span> <span class='ocrx_word' id='word_1_191' title='bbox 969 2022 1198 2056; x_wconf 85' lang='lat' dir='ltr'>naturam</span> <span class='ocrx_word' id='word_1_192' title='bbox 1229 2011 1449 2057; x_wconf 88' lang='lat' dir='ltr'>breviter</span> <span class='ocrx_word' id='word_1_193' title='bbox 1482 2011 1700 2067; x_wconf 87' lang='lat' dir='ltr'>sciteque</span> <span class='ocrx_word' id='word_1_194' title='bbox 1735 2011 1893 2056; x_wconf 89' lang='lat' dir='ltr'>descri</span> 
     </span>
     <span class='ocr_line' id='line_1_24' title="bbox 293 2086 1910 2133; baseline 0.002 -3"><span class='ocrx_word' id='word_1_195' title='bbox 293 2087 359 2131; x_wconf 88' lang='lat' dir='ltr'>bit</span> <span class='ocrx_word' id='word_1_196' title='bbox 384 2087 455 2131; x_wconf 90' lang='lat' dir='ltr'>his</span> <span class='ocrx_word' id='word_1_197' title='bbox 482 2086 661 2131; x_wconf 85' lang='lat' dir='ltr'>verbis:</span> <span class='ocrx_word' id='word_1_198' title='bbox 695 2086 851 2132; x_wconf 80' lang='lat' dir='ltr'>‹C&#39;est</span> <span class='ocrx_word' id='word_1_199' title='bbox 878 2089 922 2131; x_wconf 83' lang='lat' dir='ltr'>la</span> <span class='ocrx_word' id='word_1_200' title='bbox 947 2088 1155 2132; x_wconf 84' lang='lat' dir='ltr'>relation</span> <span class='ocrx_word' id='word_1_201' title='bbox 1185 2088 1271 2133; x_wconf 91' lang='lat' dir='ltr'>des</span> <span class='ocrx_word' id='word_1_202' title='bbox 1304 2088 1581 2133; x_wconf 85' lang='lat' dir='ltr'>ministeres</span> <span class='ocrx_word' id='word_1_203' title='bbox 1616 2097 1663 2133; x_wconf 93' lang='lat' dir='ltr'>et</span> <span class='ocrx_word' id='word_1_204' title='bbox 1698 2088 1782 2133; x_wconf 90' lang='lat' dir='ltr'>des</span> <span class='ocrx_word' id='word_1_205' title='bbox 1815 2099 1910 2132; x_wconf 87' lang='lat' dir='ltr'>tra-</span> 
     </span>
     <span class='ocr_line' id='line_1_25' title="bbox 293 2163 1911 2226; baseline 0.001 -18"><span class='ocrx_word' id='word_1_206' title='bbox 293 2180 425 2208; x_wconf 80' lang='lat' dir='ltr'>vaux</span> <span class='ocrx_word' id='word_1_207' title='bbox 451 2164 534 2207; x_wconf 87' lang='lat' dir='ltr'>des</span> <span class='ocrx_word' id='word_1_208' title='bbox 558 2163 844 2208; x_wconf 75' lang='lat' dir='ltr'>differentes</span> <span class='ocrx_word' id='word_1_209' title='bbox 870 2164 1085 2209; x_wconf 85' lang='lat' dir='ltr'>maisons</span> <span class='ocrx_word' id='word_1_210' title='bbox 1119 2165 1176 2209; x_wconf 92' lang='lat' dir='ltr'>de</span> <span class='ocrx_word' id='word_1_211' title='bbox 1211 2165 1257 2209; x_wconf 88' lang='lat' dir='ltr'>la</span> <span class='ocrx_word' id='word_1_212' title='bbox 1292 2163 1615 2221; x_wconf 85' lang='lat' dir='ltr'>Compagnie.</span> <span class='ocrx_word' id='word_1_213' title='bbox 1650 2164 1911 2226; x_wconf 80' lang='lat' dir='ltr'>Destinees</span> 
     </span>
     <span class='ocr_line' id='line_1_26' title="bbox 293 2240 1911 2297; baseline 0.001 -13"><span class='ocrx_word' id='word_1_214' title='bbox 293 2243 322 2284; x_wconf 76' lang='lat' dir='ltr'>a</span> <span class='ocrx_word' id='word_1_215' title='bbox 347 2255 519 2295; x_wconf 90' lang='lat' dir='ltr'>passer</span> <span class='ocrx_word' id='word_1_216' title='bbox 542 2240 601 2284; x_wconf 92' lang='lat' dir='ltr'>de</span> <span class='ocrx_word' id='word_1_217' title='bbox 623 2240 749 2285; x_wconf 86' lang='lat' dir='ltr'>main</span> <span class='ocrx_word' id='word_1_218' title='bbox 776 2256 832 2285; x_wconf 86' lang='lat' dir='ltr'>en</span> <span class='ocrx_word' id='word_1_219' title='bbox 861 2242 1004 2296; x_wconf 88' lang='lat' dir='ltr'>main,</span> <span class='ocrx_word' id='word_1_220' title='bbox 1035 2257 1096 2286; x_wconf 93' lang='lat' dir='ltr'>on</span> <span class='ocrx_word' id='word_1_221' title='bbox 1120 2258 1151 2297; x_wconf 88' lang='lat' dir='ltr'><strong>y</strong></span> <span class='ocrx_word' id='word_1_222' title='bbox 1175 2241 1487 2286; x_wconf 88' lang='lat' dir='ltr'>chercherait</span> <span class='ocrx_word' id='word_1_223' title='bbox 1511 2256 1569 2286; x_wconf 89' lang='lat' dir='ltr'>en</span> <span class='ocrx_word' id='word_1_224' title='bbox 1594 2240 1707 2286; x_wconf 90' lang='lat' dir='ltr'>vain</span> <span class='ocrx_word' id='word_1_225' title='bbox 1732 2240 1816 2286; x_wconf 91' lang='lat' dir='ltr'>des</span> <span class='ocrx_word' id='word_1_226' title='bbox 1836 2241 1911 2286; x_wconf 81' lang='lat' dir='ltr'>de—</span> 
     </span>
     <span class='ocr_line' id='line_1_27' title="bbox 293 2316 1909 2373; baseline 0.001 -12"><span class='ocrx_word' id='word_1_227' title='bbox 293 2316 402 2361; x_wconf 86' lang='lat' dir='ltr'>tails</span> <span class='ocrx_word' id='word_1_228' title='bbox 427 2330 510 2360; x_wconf 86' lang='lat' dir='ltr'>sur</span> <span class='ocrx_word' id='word_1_229' title='bbox 534 2316 603 2360; x_wconf 90' lang='lat' dir='ltr'>les</span> <span class='ocrx_word' id='word_1_230' title='bbox 627 2316 832 2361; x_wconf 76' lang='lat' dir='ltr'>affaires</span> <span class='ocrx_word' id='word_1_231' title='bbox 856 2317 1092 2362; x_wconf 85' lang='lat' dir='ltr'>de&#39;licates</span> <span class='ocrx_word' id='word_1_232' title='bbox 1116 2318 1195 2373; x_wconf 86' lang='lat' dir='ltr'>qui</span> <span class='ocrx_word' id='word_1_233' title='bbox 1219 2317 1562 2363; x_wconf 85' lang='lat' dir='ltr'>demandaient</span> <span class='ocrx_word' id='word_1_234' title='bbox 1586 2317 1629 2362; x_wconf 94' lang='lat' dir='ltr'>le</span> <span class='ocrx_word' id='word_1_235' title='bbox 1653 2326 1842 2362; x_wconf 80' lang='lat' dir='ltr'>secret»</span> <span class='ocrx_word' id='word_1_236' title='bbox 1880 2318 1909 2361; x_wconf 85' lang='lat'>¹.</span> 
     </span>
    </p>

    <p class='ocr_par' dir='ltr' id='par_1_7' title="bbox 293 2382 1940 2986">
     <span class='ocr_line' id='line_1_28' title="bbox 383 2382 1940 2450; baseline 0.001 -14"><span class='ocrx_word' id='word_1_237' title='bbox 383 2392 434 2437; x_wconf 83' lang='lat' dir='ltr'>P.</span> <span class='ocrx_word' id='word_1_238' title='bbox 483 2392 657 2437; x_wconf 83' lang='lat' dir='ltr'>Petrus</span> <span class='ocrx_word' id='word_1_239' title='bbox 702 2393 887 2438; x_wconf 88' lang='lat' dir='ltr'>Tacchi</span> <span class='ocrx_word' id='word_1_240' title='bbox 932 2394 1169 2450; x_wconf 83' lang='lat' dir='ltr'>Venturi,</span> <span class='ocrx_word' id='word_1_241' title='bbox 1216 2403 1500 2439; x_wconf 85' lang='lat' dir='ltr'>nostrarum</span> <span class='ocrx_word' id='word_1_242' title='bbox 1547 2403 1594 2439; x_wconf 91' lang='lat' dir='ltr'>et</span> <span class='ocrx_word' id='word_1_243' title='bbox 1636 2382 1940 2439; x_wconf 52' lang='lat' dir='ltr'>italicarum⁸</span> 
     </span>
     <span class='ocr_line' id='line_1_29' title="bbox 296 2469 1915 2528; baseline 0.002 -15"><span class='ocrx_word' id='word_1_244' title='bbox 296 2485 461 2513; x_wconf 89' lang='lat' dir='ltr'>rerum</span> <span class='ocrx_word' id='word_1_245' title='bbox 503 2469 841 2525; x_wconf 84' lang='lat' dir='ltr'>peritissimus,</span> <span class='ocrx_word' id='word_1_246' title='bbox 888 2471 933 2515; x_wconf 88' lang='lat' dir='ltr'>in</span> <span class='ocrx_word' id='word_1_247' title='bbox 978 2487 1068 2516; x_wconf 85' lang='lat' dir='ltr'>sua</span> <span class='ocrx_word' id='word_1_248' title='bbox 1107 2471 1282 2516; x_wconf 71' lang='lat' dir='ltr'>Storz&#39;a</span> <span class='ocrx_word' id='word_1_249' title='bbox 1320 2471 1453 2516; x_wconf 75' lang='lat' dir='ltr'>della</span> <span class='ocrx_word' id='word_1_250' title='bbox 1500 2471 1827 2528; x_wconf 75' lang='lat' dir='ltr'>Compagnz&#39;cz</span> <span class='ocrx_word' id='word_1_251' title='bbox 1866 2471 1915 2515; x_wconf 77' lang='lat' dir='ltr'>di</span> 
     </span>
     <span class='ocr_line' id='line_1_30' title="bbox 297 2545 1911 2605; baseline 0.001 -14"><span class='ocrx_word' id='word_1_252' title='bbox 297 2545 470 2601; x_wconf 65' lang='lat' dir='ltr'>Giesz‘t,</span> <span class='ocrx_word' id='word_1_253' title='bbox 499 2546 594 2590; x_wconf 90' lang='lat' dir='ltr'>vol.</span> <span class='ocrx_word' id='word_1_254' title='bbox 622 2545 657 2602; x_wconf 88' lang='grc' dir='ltr'>Ι,</span> <span class='ocrx_word' id='word_1_255' title='bbox 684 2556 838 2591; x_wconf 86' lang='lat' dir='ltr'>notat:</span> <span class='ocrx_word' id='word_1_256' title='bbox 870 2547 931 2591; x_wconf 85' lang='lat' dir='ltr'>«Il</span> <span class='ocrx_word' id='word_1_257' title='bbox 957 2547 1172 2593; x_wconf 84' lang='lat' dir='ltr'>Polanco</span> <span class='ocrx_word' id='word_1_258' title='bbox 1198 2549 1321 2593; x_wconf 87' lang='lat' dir='ltr'>doue</span> <span class='ocrx_word' id='word_1_259' title='bbox 1345 2564 1440 2593; x_wconf 89' lang='lat' dir='ltr'>non</span> <span class='ocrx_word' id='word_1_260' title='bbox 1459 2547 1510 2592; x_wconf 85' lang='grc'>111</span> <span class='ocrx_word' id='word_1_261' title='bbox 1545 2548 1642 2605; x_wconf 82' lang='lat' dir='ltr'>egli</span> <span class='ocrx_word' id='word_1_262' title='bbox 1668 2557 1827 2594; x_wconf 88' lang='lat' dir='ltr'>stesso</span> <span class='ocrx_word' id='word_1_263' title='bbox 1847 2557 1911 2593; x_wconf 91' lang='lat' dir='ltr'>te-</span> 
     </span>
     <span class='ocr_line' id='line_1_31' title="bbox 293 2622 1914 2681; baseline 0.002 -15"><span class='ocrx_word' id='word_1_264' title='bbox 293 2622 520 2667; x_wconf 88' lang='lat' dir='ltr'>stimonio</span> <span class='ocrx_word' id='word_1_265' title='bbox 559 2622 634 2666; x_wconf 89' lang='lat' dir='ltr'>dei</span> <span class='ocrx_word' id='word_1_266' title='bbox 669 2622 779 2667; x_wconf 73' lang='lat' dir='ltr'>fatti</span> <span class='ocrx_word' id='word_1_267' title='bbox 819 2625 1071 2677; x_wconf 79' lang='lat' dir='ltr'>avvenuti,</span> <span class='ocrx_word' id='word_1_268' title='bbox 1114 2640 1254 2670; x_wconf 92' lang='lat' dir='ltr'>come</span> <span class='ocrx_word' id='word_1_269' title='bbox 1293 2625 1504 2670; x_wconf 90' lang='lat' dir='ltr'>succede</span> <span class='ocrx_word' id='word_1_270' title='bbox 1544 2624 1681 2681; x_wconf 87' lang='lat' dir='ltr'>quasi</span> <span class='ocrx_word' id='word_1_271' title='bbox 1719 2639 1914 2680; x_wconf 90' lang='lat' dir='ltr'>sempre</span> 
     </span>
     <span class='ocr_line' id='line_1_32' title="bbox 295 2698 1913 2756; baseline 0.001 -14"><span class='ocrx_word' id='word_1_272' title='bbox 295 2698 489 2754; x_wconf 80' lang='lat' dir='ltr'>quando</span> <span class='ocrx_word' id='word_1_273' title='bbox 513 2699 675 2743; x_wconf 87' lang='lat' dir='ltr'>scrive</span> <span class='ocrx_word' id='word_1_274' title='bbox 701 2700 823 2745; x_wconf 89' lang='lat' dir='ltr'>delle</span> <span class='ocrx_word' id='word_1_275' title='bbox 848 2701 1150 2756; x_wconf 86' lang='lat' dir='ltr'>apostoliche</span> <span class='ocrx_word' id='word_1_276' title='bbox 1174 2702 1356 2746; x_wconf 75' lang='lat' dir='ltr'>fatiche</span> <span class='ocrx_word' id='word_1_277' title='bbox 1391 2701 1462 2746; x_wconf 90' lang='lat' dir='ltr'>de&#39;</span> <span class='ocrx_word' id='word_1_278' title='bbox 1497 2701 1603 2746; x_wconf 91' lang='lat' dir='ltr'>suoi</span> <span class='ocrx_word' id='word_1_279' title='bbox 1638 2700 1913 2745; x_wconf 77' lang='lat' dir='ltr'>confratelli</span> 
     </span>
     <span class='ocr_line' id='line_1_33' title="bbox 294 2774 1913 2834; baseline 0.001 -15"><span class='ocrx_word' id='word_1_280' title='bbox 294 2775 423 2820; x_wconf 76' lang='lat' dir='ltr'>fuori</span> <span class='ocrx_word' id='word_1_281' title='bbox 447 2775 491 2819; x_wconf 92' lang='lat' dir='ltr'>di</span> <span class='ocrx_word' id='word_1_282' title='bbox 516 2774 692 2831; x_wconf 87' lang='lat' dir='ltr'>Roma,</span> <span class='ocrx_word' id='word_1_283' title='bbox 719 2776 897 2821; x_wconf 89' lang='lat' dir='ltr'>attinse</span> <span class='ocrx_word' id='word_1_284' title='bbox 921 2777 982 2821; x_wconf 89' lang='lat' dir='ltr'>da</span> <span class='ocrx_word' id='word_1_285' title='bbox 1007 2778 1283 2822; x_wconf 84' lang='lat' dir='ltr'>documenti</span> <span class='ocrx_word' id='word_1_286' title='bbox 1308 2777 1353 2822; x_wconf 91' lang='lat' dir='ltr'>di</span> <span class='ocrx_word' id='word_1_287' title='bbox 1378 2777 1535 2834; x_wconf 90' lang='lat' dir='ltr'>prima</span> <span class='ocrx_word' id='word_1_288' title='bbox 1565 2792 1724 2832; x_wconf 91' lang='lat' dir='ltr'>mano,</span> <span class='ocrx_word' id='word_1_289' title='bbox 1762 2777 1851 2821; x_wconf 93' lang='lat' dir='ltr'>che</span> <span class='ocrx_word' id='word_1_290' title='bbox 1874 2777 1913 2821; x_wconf 91' lang='lat' dir='ltr'>si</span> 
     </span>
     <span class='ocr_line' id='line_1_34' title="bbox 294 2851 1913 2909; baseline 0 -12"><span class='ocrx_word' id='word_1_291' title='bbox 294 2861 509 2897; x_wconf 87' lang='lat' dir='ltr'>trovano</span> <span class='ocrx_word' id='word_1_292' title='bbox 544 2866 633 2896; x_wconf 86' lang='lat' dir='ltr'>ora</span> <span class='ocrx_word' id='word_1_293' title='bbox 667 2851 713 2895; x_wconf 90' lang='lat' dir='ltr'>in</span> <span class='ocrx_word' id='word_1_294' title='bbox 747 2852 1077 2907; x_wconf 85' lang='lat' dir='ltr'>grandissima</span> <span class='ocrx_word' id='word_1_295' title='bbox 1112 2865 1254 2909; x_wconf 87' lang='lat' dir='ltr'>parte</span> <span class='ocrx_word' id='word_1_296' title='bbox 1290 2854 1493 2899; x_wconf 85' lang='lat' dir='ltr'>raccolti</span> <span class='ocrx_word' id='word_1_297' title='bbox 1533 2854 1657 2898; x_wconf 89' lang='lat' dir='ltr'>nelle</span> <span class='ocrx_word' id='word_1_298' title='bbox 1691 2853 1913 2898; x_wconf 81' lang='lat' dir='ltr'>Litterae</span> 
     </span>
     <span class='ocr_line' id='line_1_35' title="bbox 294 2927 1913 2986; baseline 0 -13"><span class='ocrx_word' id='word_1_299' title='bbox 294 2927 707 2985; x_wconf 79' lang='lat' dir='ltr'>quadrimestres»</span> <span class='ocrx_word' id='word_1_300' title='bbox 756 2929 787 2979; x_wconf 69' lang='lat'>2,</span> <span class='ocrx_word' id='word_1_301' title='bbox 834 2938 948 2982; x_wconf 87' lang='lat' dir='ltr'>etc.,</span> <span class='ocrx_word' id='word_1_302' title='bbox 996 2929 1264 2986; x_wconf 86' lang='lat' dir='ltr'>iisdemque</span> <span class='ocrx_word' id='word_1_303' title='bbox 1308 2930 1485 2976; x_wconf 89' lang='lat' dir='ltr'>litteris</span> <span class='ocrx_word' id='word_1_304' title='bbox 1528 2931 1629 2986; x_wconf 91' lang='lat' dir='ltr'>ipse</span> <span class='ocrx_word' id='word_1_305' title='bbox 1673 2929 1825 2974; x_wconf 87' lang='lat' dir='ltr'>utitur</span> <span class='ocrx_word' id='word_1_306' title='bbox 1868 2929 1913 2973; x_wconf 90' lang='lat' dir='ltr'>in</span> 
     </span>
    </p>
   </div>
   <div class='ocr_carea' id='block_1_6' title="bbox 343 3033 1864 3139">
    <p class='ocr_par' dir='ltr' id='par_1_8' title="bbox 343 3033 1864 3139">
     <span class='ocr_line' id='line_1_36' title="bbox 343 3033 1864 3080; baseline 0 -10"><span class='ocrx_word' id='word_1_307' title='bbox 343 3036 351 3053; x_wconf 89' lang='lat'><strong>¹</strong></span> <span class='ocrx_word' id='word_1_308' title='bbox 406 3033 598 3071; x_wconf 70' lang='lat' dir='ltr'>Histoire</span> <span class='ocrx_word' id='word_1_309' title='bbox 615 3033 669 3068; x_wconf 75' lang='lat' dir='ltr'>de</span> <span class='ocrx_word' id='word_1_310' title='bbox 687 3034 729 3069; x_wconf 79' lang='lat' dir='ltr'>la</span> <span class='ocrx_word' id='word_1_311' title='bbox 753 3033 1015 3079; x_wconf 73' lang='lat' dir='ltr'>Compagm&#39;e</span> <span class='ocrx_word' id='word_1_312' title='bbox 1033 3034 1087 3070; x_wconf 76' lang='lat' dir='ltr'>de</span> <span class='ocrx_word' id='word_1_313' title='bbox 1099 3035 1234 3080; x_wconf 68' lang='lat' dir='ltr'>Jc‘sns</span> <span class='ocrx_word' id='word_1_314' title='bbox 1253 3047 1303 3072; x_wconf 69' lang='lat' dir='ltr'>etz</span> <span class='ocrx_word' id='word_1_315' title='bbox 1326 3036 1504 3079; x_wconf 67' lang='lat' dir='ltr'>France,</span> <span class='ocrx_word' id='word_1_316' title='bbox 1525 3040 1551 3071; x_wconf 88' lang='lat' dir='ltr'>t.</span> <span class='ocrx_word' id='word_1_317' title='bbox 1574 3034 1603 3079; x_wconf 84' lang='lat' dir='ltr'>I,</span> <span class='ocrx_word' id='word_1_318' title='bbox 1632 3047 1725 3080; x_wconf 82' lang='lat' dir='ltr'>pag.</span> <span class='ocrx_word' id='word_1_319' title='bbox 1754 3044 1864 3070; x_wconf 78' lang='lat' dir='ltr'>xvm.</span> 
     </span>
     <span class='ocr_line' id='line_1_37' title="bbox 349 3091 881 3139; baseline 0 -10"><span class='ocrx_word' id='word_1_320' title='bbox 349 3094 361 3112; x_wconf 71' lang='lat'>²¹</span> <span class='ocrx_word' id='word_1_321' title='bbox 411 3093 455 3129; x_wconf 88' lang='lat' dir='ltr'>In</span> <span class='ocrx_word' id='word_1_322' title='bbox 474 3105 567 3139; x_wconf 86' lang='lat' dir='ltr'>pag.</span> <span class='ocrx_word' id='word_1_323' title='bbox 588 3091 669 3134; x_wconf 73' lang='lat'>253,</span> <span class='ocrx_word' id='word_1_324' title='bbox 692 3098 826 3128; x_wconf 85' lang='lat' dir='ltr'>annot.</span> <span class='ocrx_word' id='word_1_325' title='bbox 852 3094 881 3129; x_wconf 88' lang='lat'>1.</span> 
     </span>
    </p>
   </div>
  </div>
 </body>
</html>
