2051 3516
370 316 433 350 14¹8
829 312 1044 347 Lirifflmss
1070 310 1370 355 QUADfflMEs'sR
1379 320 1422 346 Es

317 409 445 464 gulis
480 407 816 462 septingentos
855 420 1007 461 prope
1045 404 1368 449 scholasticos
1402 403 1691 448 confitentes
1724 413 1930 459 peccata

319 483 502 535 audiat,
531 482 922 537 frequentissime
961 481 1209 535 Vtriusque
1243 495 1390 524 sexus
1424 480 1557 524 ciues
1586 480 1649 524 ad
1682 480 1928 535 poeniten-

315 559 413 603 tiae
433 559 641 613 asylum,
666 573 751 602 ceu
773 558 834 602 acl
853 572 1050 602 sacram
1070 556 1356 609 anchoram,
1378 556 1735 611 confugientes,
1759 556 1929 600 admit-

316 636 371 679 tit
395 639 440 678 οἵ
464 635 747 679 tzzz‘z'ssz'mos
770 635 992 679 remittit.

381 712 446 756 10.
514 711 633 754 Dns.
662 710 896 755 Nicolaus
936 710 1271 766 [lotharingus
1296 711 1327 761 1,
1369 708 1446 753 cui
1485 709 1732 753 secundae
1757 708 1928 754 classis

323 788 553 831 mandata
587 795 659 831 est
697 786 969 842 prouincia,
1006 796 1217 842 vrgente
1251 785 1548 830 necessitate
1582 785 1703 841 ipsa,
1742 786 1931 830 nostris
1977 788 1981 791 ’
2045 794 2051 854 Δ·

317 863 477 918 copiis
507 870 521 888 ³⁹
544 862 785 906 interdum
812 862 908 907 fert
946 862 1193 918 suppetias
1217 861 1388 906 diebus
1422 861 1627 913 festiuis‚
1665 861 1721 905 id
1741 865 1829 917 est,
1858 862 1927 906 in-

318 940 549 997 tersesla
573 940 887 994 praecipuis.

383 1016 449 1060 11.
530 1015 640 1070 Ego
680 1030 801 1059 vero
842 1015 954 1059 licet
996 1013 1305 1070 professione
1345 1029 1603 1058 sacrarum
1648 1013 1924 1070 literarum,

320 1108 464 1148 quam
491 1092 658 1136 diebus
682 1091 902 1147 profanis
927 1091 1237 1146 euangelium
1264 1090 1433 1135 Lucae
1458 1090 1740 1135 enarrando
1764 1107 1927 1146 prose-

319 1184 456 1224 quor,
483 1168 527 1212 in
562 1168 663 1212 dies
698 1175 982 1223 occupatuS‚
1022 1167 1133 1211 licet
1167 1166 1487 1211 concionandi
1522 1181 1724 1211 munere
1760 1167 1929 1212 diebus

318 1245 473 1289 sacris
498 1245 776 1299 distractus,
804 1259 957 1299 aegre
983 1244 1061 1288 vel
1086 1259 1235 1287 vnum
1255 1252 1517 1299 praetereo
1542 1243 1686 1299 diem,
1714 1259 1807 1300 quo
1832 1259 1929 1289 non

321 1321 464 1366 modo
488 1330 600 1366 ante
625 1321 890 1375 meridiem,
919 1336 1092 1365 verum
1116 1330 1164 1364 et
1186 1329 1296 1376 post
1320 1321 1577 1376 prandium
1602 1321 1787 1376 aliquot
1816 1336 1927 1365 con-

320 1397 511 1443 fitentes
535 1397 747 1442 audiam.
776 1397 849 1441 De
875 1396 1166 1452 promiscuis
1189 1396 1370 1452 passim
1395 1397 1565 1442 diebus
1590 1397 1781 1454 loquor,
1815 1413 1928 1442 nam

320 1473 454 1518 feriis
497 1473 834 1529 praecidaneis
878 1488 936 1517 ac
976 1472 1254 1517 solennibus
1292 1472 1546 1517 obruimur
1586 1473 1745 1528 potius
1783 1489 1929 1529 quam

321 1565 638 1605 occupamur.
666 1548 960 1605 Complures
994 1549 1249 1605 Vtriusque
1272 1564 1420 1594 sexus
1455 1550 1716 1604 generales
1740 1549 1929 1594 confes-

319 1626 482 1670 siones
504 1635 820 1681 peregerunt.
849 1626 1094 1670 Numerus
1128 1625 1517 1670 hebdomadibus
1551 1625 1755 1681 singulis
1785 1624 1929 1670 confi-

319 1701 521 1746 tentium
545 1702 722 1746 sensim
747 1702 941 1756 crescit;
969 1712 1020 1746 at
1044 1702 1290 1747 mensibus
1314 1701 1534 1758 singulis,
1562 1711 1761 1757 praeter
1794 1702 1929 1746 scho-

323 1778 521 1822 lasticos
545 1778 717 1834 quibus
742 1778 784 1822 id
810 1778 1111 1834 praecipitur
1135 1793 1195 1822 ex
1218 1793 1354 1822 more
1374 1777 1655 1834 Societatis,
1678 1778 1931 1835 Vtriusque

321 1868 469 1898 sexus
508 1853 839 1898 confitentium
877 1855 1021 1898 turba
1061 1855 1128 1898 ita
1166 1870 1255 1899 nos
1289 1855 1466 1909 obruit,
1504 1863 1557 1899 vt
1589 1863 1772 1899 statum
1804 1854 1931 1898 diem

320 1929 522 1986 singulis
547 1931 885 1985 praescribere
907 1946 1080 1985 cogar,
1109 1946 1228 1986 quos
1254 1931 1538 1975 nominatim
1568 1931 1612 1975 in
1646 1930 1931 1986 catalogum

319 2006 638 2050 summarium
666 2006 895 2050 redactos
919 2007 1047 2051 domi
1072 2022 1294 2052 asseruo.
1322 2006 1497 2052 Infiniti
1522 2008 1599 2063 qui
1624 2008 1774 2052 semel
1799 2007 1930 2051 dum—

320 2090 461 2125 taxat
481 2091 564 2126 aut
585 2081 761 2126 iterum
777 2082 991 2137 quolibet
1010 2099 1136 2127 anno
1154 2082 1531 2140 confitebantur,
1550 2083 1930 2128 saluberrimum

322 2157 413 2201 hoc
432 2157 884 2213 alexipharmacum
905 2174 1031 2203 nunc
1055 2169 1296 2215 repetunt.

372 2232 438 2278 12.
495 2233 639 2278 Noua
658 2249 822 2278 rerum
840 2235 993 2280 facies
1009 2246 1317 2291 spectatores
1336 2236 1494 2281 reddit
1509 2237 1758 2281 attonitos.
1772 2236 1931 2282 Fama

319 2308 413 2353 huc
436 2318 582 2365 atque
601 2310 714 2355 illuc
738 2311 849 2355 noui
875 2312 1012 2356 huius
1037 2313 1232 2366 theatri,
1261 2314 1313 2357 ἱιι
1337 2327 1433 2369 qno
1458 2317 1713 2370 tyrannus
1736 2314 1928 2358 emimo—

321 2398 436 2429 mm
460 2386 673 2440 capitelli
693 2388 945 2431 sententia
969 2388 1220 2444 pler-titum
1243 2404 1434 2444 sparsa,
1457 2404 1518 2434 ex
1539 2389 1710 2434 vicinis
1728 2389 1849 2434 locis
1868 2388 1929 2434 ad

320 2476 407 2504 nos
441 2461 627 2505 tutelae
660 2464 926 2518 praesidio
950 2464 1111 2509 allecti
1146 2465 1394 2510 confluunt
1427 2465 1623 2522 passim3
1661 2465 1926 2522 confluunt,

322 2536 534 2593 inquam,
561 2538 786 2593 persuasi
825 2540 888 2583 ab
912 2540 1150 2596 indigenis
1188 2542 1339 2586 multi.
1368 2541 1528 2586 Feriis
1566 2543 1781 2586 omnium
1821 2557 1928 2587 san-

319 2621 509 2657 ctorum
535 2622 747 2671 centum,
775 2615 963 2660 duobus
1002 2617 1222 2673 demptis,
1251 2633 1446 2662 sacram
1481 2618 1833 2663 eucharistiam
1867 2617 1928 2662 ad

320 2698 542 2732 nostrum
567 2690 726 2734 altare
752 2702 1092 2747 perceperunt.
1117 2693 1276 2738 Feriis
1310 2695 1544 2739 natalitiis
1583 2704 1815 2739 exactum
1846 2711 1927 2739 nu-

316 2848 326 2852 *
375 2841 392 2860 ³
453 2834 578 2870 nobis.

367 2964 378 2982 ¹
430 2963 619 2999 Nicolaus
646 2963 826 3005 Lietard,
855 2964 922 3010 qui
949 2965 1067 3000 etiam
1096 2965 1336 3004 Paradensis
1363 2974 1402 3004 et
1433 2968 1674 3004 Paredensis
1701 2968 1827 3004 dictus
1855 2972 1927 3005 est.

321 3019 384 3057 Cf.
402 3021 593 3058 Monum.
614 3022 769 3067 Igafzatq
786 3035 862 3059 ser.
880 3023 946 3066 1:⁶²,
964 3023 1035 3067 XI,
1054 3023 1135 3069 337;
1156 3024 1397 3069 POLANCUM,
1419 3027 1584 3069 Clerora,
1614 3026 1686 3071 VI,
1714 3026 1795 3072 49&
1819 3026 1930 3063 Ῥου-

320 3090 502 3126 QUERAY,
524 3081 597 3117 loc.
620 3081 699 3122 cit.‚
724 3081 800 3118 185.
