2051 3516
326 249 397 287 750
802 251 1019 287 LITTERAE
1046 251 1403 297 QUADRIMESTRES

1042 437 1139 488 182

730 541 1036 601 JOANNES
1070 543 1456 591 RICASULUS

819 646 998 672 PATAVIO
1028 637 1070 672 16
1094 647 1196 683 JUL11
1226 638 1315 674 1558
1343 640 1365 675 ¹.

279 717 310 752 1.
333 715 399 751 De
425 715 476 752 P,
506 715 737 753 Benedicti
762 717 933 754 Palmii
958 719 1244 755 contionibus.
1263 718 1354 754 -2.
1391 720 1484 765 Quo
1511 720 1657 757 stadio
1688 721 1908 758 audiendi

350 773 484 820 hujus
524 775 677 812 Patris
708 777 902 822 populus
930 777 1111 822 flagret.
1133 779 1224 814 —3.
1274 778 1448 815 Indicia
1492 779 1705 816 uberrimi
1727 780 1906 826 fructus

349 836 521 870 exstant
534 836 773 879 permulta,
795 838 845 871 at
861 836 1054 880 ingentes
1073 836 1383 882 eleemosynae,
1407 837 1707 882 confessiones,
1735 840 1909 876 inimici

354 893 631 937 reconciliati,
670 895 1090 930 conversiones—4.
1132 895 1384 941 Complures
1421 907 1580 941 magno
1616 897 1907 934 eucharistiae

351 961 501 987 amore
518 952 923 989 acce7zdmzt1cr.—5.
958 953 1198 990 Monachus
1217 954 1271 990 ab
1289 955 1463 991 haeresi
1481 954 1817 993 revocatur—6.
1839 956 1905 993 Ex

347 1011 618 1055 primatibus
641 1011 940 1057 quadraginta
969 1014 1344 1058 congregationem
1368 1015 1548 1059 pietatis
1575 1016 1903 1052 constituunt.—

349 1069 384 1105 7.
416 1068 616 1106 Virorum
636 1072 885 1116 exemplmn
908 1071 1138 1108 nobiliores
1156 1071 1379 1118 quaedam
1400 1077 1630 1110 matronae
1648 1075 1820 1111 imitari
1844 1085 1905 1110 co—

349 1128 618 1165 minian—8.
649 1129 716 1165 De
733 1130 891 1166 scholis
919 1133 956 1166 et
975 1130 1029 1167 de
1046 1130 1381 1176 discipulis-9.
1412 1131 1563 1178 Aliqui
1580 1133 1701 1169 nobis
1720 1143 1903 1170 commo-

350 1186 433 1223 das
451 1187 582 1224 aedes
601 1189 645 1224 in
668 1189 814 1225 media
836 1190 941 1225 urbe
962 1190 1150 1235 polliciti
1165 1193 1281 1226 simi.

341 1271 377 1314 1.
445 1274 470 1323 †
493 1270 536 1330 J.
566 1271 673 1317 Pax
695 1272 808 1328 Xpi.
836 1271 1132 1317 Reuerende
1157 1273 1202 1318 in
1234 1272 1385 1318 Chro.
1423 1273 1588 1319 Pater.
1627 1273 1746 1319 Post
1779 1274 1901 1320 litte-

281 1362 365 1391 ras
388 1347 725 1403 superioribus
750 1349 998 1394 mensibus
1021 1349 1146 1394 Rae.
1175 1349 1227 1394 P.
1255 1348 1314 1394 T.
1342 1349 1570 1405 scriptas,
1593 1359 1731 1395 tanta
1751 1351 1900 1407 pieta-

279 1432 327 1468 te
351 1438 410 1468 ac
435 1423 676 1480 religione
701 1425 987 1481 patauinum
1019 1426 1147 1470 hunc
1170 1426 1417 1483 populum,
1443 1425 1504 1472 R.
1533 1425 1585 1471 P.
1621 1427 1775 1472 nostri
1809 1427 1898 1472 Be-

277 1499 456 1545 nedicti
481 1501 496 1524 2
520 1501 856 1556 concionibUS,
884 1517 1009 1557 erga
1033 1501 1192 1546 Deum
1220 1502 1266 1547 in
1289 1502 1392 1547 dies
1416 1502 1577 1559 magis
1596 1503 1815 1548 creuisse
1834 1504 1899 1549 ui-

281 1576 465 1629 demus,
488 1576 613 1622 Rde.
635 1577 681 1622 in
702 1576 903 1623 Christo
924 1578 1023 1635 Pr.;
1046 1587 1099 1623 vt
1117 1578 1260 1623 simul
1279 1579 1600 1624 uehementer
1619 1580 1901 1625 laetandum

282 1667 342 1697 ac
366 1652 627 1698 dolendum
652 1654 896 1699 uideatur.
925 1655 1236 1700 Laetandum
1262 1655 1454 1712 quidem
1481 1665 1628 1712 atque
1652 1656 1900 1702 immorta-

280 1730 350 1775 les
374 1745 493 1775 sane
517 1729 626 1776 Deo
650 1731 845 1788 gratias
868 1732 1117 1788 agendum
1143 1733 1206 1777 ob
1236 1732 1541 1788 singularem
1572 1733 1767 1779 diuinae
1799 1734 1909 1779 Ma·-

279 1805 467 1851 iestatis
492 1807 596 1852 eius
621 1807 949 1863 clementiam,
978 1823 1073 1864 qua
1097 1808 1285 1853 ciuitati
1308 1808 1436 1865 huic,
1462 1824 1572 1854 cum
1596 1819 1799 1865 propter
1817 1826 1899 1855 ua·

278 1883 464 1928 riarum
488 1884 708 1940 gentium
732 1884 998 1941 discipulos
1021 1885 1067 1930 in
1092 1901 1152 1930 ea
1171 1886 1467 1942 habitantes,
1490 1896 1592 1932 tum
1612 1887 1675 1931 ob
1694 1885 1901 1932 Germa—

275 1959 387 2004 niae
422 1960 743 2016 uieinitatem,
780 1961 1091 2017 perniciosae
1130 1963 1293 2008 mundi
1331 1962 1569 2020 sentinae,
1611 1973 1909 2008 cunctorum

276 2036 518 2080 scelerum
542 2052 602 2081 ae
626 2036 887 2082 haeresum
920 2039 1185 2083 multarum
1220 2038 1449 2094 infectae,
1487 2040 1758 2085 liberaliter
1791 2041 1902 2085 sub—

276 2113 446 2158 uenire
481 2124 525 2158 et
565 2108 776 2159 diuinae
799 2115 997 2171 gratiae
1036 2116 1199 2160 lumen
1238 2127 1500 2172 praestare
1540 2117 1770 2173 dignatus
1809 2128 1898 2163 est.

277 2188 494 2234 Maxime
530 2205 650 2235 uero
684 2190 960 2242 dolendum,
998 2192 1342 2248 operariorum
1377 2194 1583 2249 penuria
1613 2194 1628 2217 ³
1663 2193 1900 2238 eiusmodi

278 2265 519 2311 haetenus
554 2266 628 2311 hic
663 2282 871 2312 messem
902 2277 949 2312 et
983 2268 1222 2324 plurimas
1255 2269 1381 2314 alias
1415 2269 1595 2325 ubique
1629 2278 1900 2326 terrarum,

277 2342 450 2387 amitti:
479 2358 570 2388 nee
594 2359 690 2388 non
715 2343 925 2389 assiduis
956 2344 1187 2400 precibus
1222 2345 1462 2391 Dominus
1497 2346 1768 2403 rogandus,
1806 2361 1901 2402 quo

279 2418 436 2473 (iuxta
455 2419 801 2475 euangelicum
822 2419 955 2475 illud)
973 2420 1131 2466 mittat
1148 2422 1408 2476 operarios
1424 2421 1468 2466 in
1485 2437 1692 2467 messem
1709 2437 1846 2467 suam
1865 2424 1897 2467 ⁴.

325 2561 333 2577 ¹
387 2558 447 2594 Ex
467 2559 653 2605 originali
677 2559 716 2594 in
735 2560 870 2596 codice
901 2560 1038 2596 Vellet.
1060 2560 1153 2604 IOO,
1174 2560 1197 2596 2
1215 2560 1272 2604 ff„
1295 2574 1335 2596 n.
1360 2561 1395 2603 8,
1416 2561 1450 2606 93
1473 2562 1582 2608 prius
1605 2562 1688 2604 387,
1716 2563 1797 2600 388.
1828 2563 1898 2600 Se-

276 2618 450 2654 cundum
484 2618 667 2661 ΗΑΝΞΕΝ,
689 2619 954 2655 Rlzeim'sclze
971 2619 1170 2661 Akten...,
1193 2620 1274 2660 766,
1298 2626 1357 2656 est
1378 2622 1657 2668 apographum
1676 2623 1716 2658 in
1737 2623 1900 2659 archivo

276 2678 510 2714 coloniensi.

324 2737 335 2754 ²
386 2736 632 2772 Benedictus
656 2737 847 2773 Palmius.

323 2796 334 2813 ³
388 2795 529 2832 Mense
553 2796 661 2842 julio
694 2802 809 2832 erant
840 2797 879 2832 in
911 2798 1085 2844 collegio
1117 2797 1306 2843 patavino
1338 2804 1420 2834 tres
1452 2799 1694 2836 sacerdotes:
1724 2799 1902 2845 joannes

281 2854 358 2889 Η.ῐᾶ
378 2854 580 2894 Tavonus,
604 2860 748 2895 rector;
764 2852 943 2901 joannes
963 2855 1188 2892 Catalanus
1208 2861 1247 2892 et
1267 2855 1465 2903 Aloysius
1484 2858 1532 2894 de
1554 2858 1671 2905 Napi,
1693 2864 1736 2894 ut
1755 2858 1901 2895 dicitur

276 2913 313 2947 in
333 2912 615 2950 informatione
636 2914 800 2961 collegii
829 2928 852 2950 a
880 2915 923 2951 P.
955 2915 1110 2952 Palmio
1138 2916 1299 2960 scripta,
1328 2916 1366 2951 in
1394 2918 1530 2953 codice
1560 2917 1901 2962 Iusormaliones

277 2972 505 3017 Antiquae,
528 2986 564 3009 n.
586 2974 644 3013 Οὓς
667 2974 776 3019 prius
795 2973 876 3010 290.

324 3032 335 3048 ⁴
388 3030 572 3072 λΙΑἰ“’1“Η.,
595 3032 665 3073 IX,
688 3032 745 3069 ss.
