2051 3516
283 293 353 330 682
748 294 845 330 L1T1
854 304 967 330 ERAE
993 294 1347 338 QUADRIMESTRES

239 404 329 445 que
354 388 416 433 ad
440 404 528 433 nos
553 388 711 433 missis
735 389 888 444 plenis
908 388 1281 434 beneuolentiae
1305 398 1353 434 et
1377 389 1641 443 comitatis,
1664 405 1752 446 pro
1772 389 1854 434 ali-

237 480 331 522 quo
356 464 592 521 principio
617 465 867 521 amplioris
891 474 1162 520 conceptae
1187 465 1303 521 spei,
1328 466 1450 510 duos
1474 465 1854 511 concionatores

239 558 300 587 ex
325 542 506 587 nostris
536 542 855 588 vehementer
890 541 1040 598 petiit.
1068 541 1292 597 Legatus
1316 542 1450 597 regis
1475 542 1710 587 Poloniae
1743 558 1854 587 cum

238 612 469 668 flagranti
515 628 708 669 quoque
748 612 989 658 desiderio
1030 627 1261 669 magnam
1307 627 1443 668 spem
1487 613 1681 668 collegii
1727 613 1857 657 dedit

237 690 280 734 in
307 688 574 745 Cracouia3
602 688 697 746 qui,
725 705 754 734 a
789 690 1019 734 defuncto
1056 689 1266 745 quodam
1302 689 1535 745 pecunias
1569 689 1760 746 aliquas
1794 690 1855 734 ad

237 765 362 810 istud
389 765 677 822 destinatas,
704 765 748 810 in
776 781 921 810 manu
948 765 1148 818 habens,
1179 765 1323 810 valde
1354 765 1483 810 serio
1514 781 1662 821 super
1687 766 1779 810 hac
1803 782 1856 810 re

236 857 346 886 cum
374 841 423 886 P.
463 841 664 886 Canisio
699 842 909 898 'colloqui
949 841 1265 887 desiderabat
1301 841 1326 886 ¹.
1362 842 1514 887 Italus
1549 842 1744 898 quidam
1781 842 1857 887 vir

236 919 373 964 diues
411 928 459 964 et
496 934 590 963 non
631 934 819 976 paruae
853 918 1150 975 autoritatis,
1188 919 1264 964 cui
1299 935 1477 964 nomen
1511 919 1758 964 Antonius
1797 919 1856 964 de

237 995 471 1052 Quadros
505 996 662 1052 (cuius
698 996 850 1042 literis
883 1012 911 1041 a
951 996 1012 1040 V.
1041 996 1093 1040 P.
1122 1011 1410 1052 responsum
1430 996 1538 1061 est)
1563 996 1622 1041 de
1645 996 1856 1053 collegio

236 1073 448 1130 quodam
488 1073 616 1130 apud
661 1073 856 1119 Vallem
895 1073 1190 1118 Toletanam
1236 1073 1321 1130 (ita
1365 1073 1539 1130 opinor
1580 1074 1749 1119 vocari
1790 1074 1855 1118 lo-

237 1150 366 1207 cum)
401 1151 415 1174 2
449 1150 724 1196 extruendo
759 1161 955 1196 nostros
989 1150 1233 1203 conuenit,
1261 1150 1389 1208 quod
1425 1150 1559 1196 velut
1593 1166 1760 1196 arcem
1797 1167 1856 1196 ac

237 1227 585 1272 munimentum
611 1227 853 1272 aduersus
877 1227 1241 1272 haereticorum
1266 1227 1571 1272 incursiones
1595 1226 1705 1272 fore
1728 1227 1855 1273 arbi-

234 1304 480 1349 trabatur.
509 1302 610 1350 Sex
633 1313 797 1350 autem
824 1303 1048 1361 personis
1072 1303 1284 1359 domum,
1312 1303 1573 1349 ecclesiam
1599 1312 1646 1349 et
1670 1303 1857 1350 reditus

238 1390 504 1437 perpetuos
528 1381 912 1438 pollicitabatur.

296 1458 363 1503 11.
433 1457 597 1503 Patris
634 1457 820 1503 Canisii
855 1458 1120 1503 aduentum
1156 1458 1545 1513 expectabamus
1569 1458 1613 1502 in
1646 1458 1853 1514 quadra-

233 1535 441 1591 gesima,
481 1550 651 1579 verum
687 1535 914 1580 detentus
948 1543 1022 1579 est
1056 1550 1084 1579 a
1119 1533 1368 1579 Bauariae
1408 1535 1531 1579 duce
1567 1535 1609 1579 in
1645 1535 1853 1580 straubi-

233 1611 372 1668 gensi
407 1611 609 1657 ciuitate
644 1611 705 1656 ad
741 1611 1063 1657 concionandi
1104 1626 1294 1655 munus.
1334 1611 1576 1656 Pistorem
1612 1611 1855 1667 quendam

237 1688 447 1734 fratrem
473 1689 552 1745 qui
576 1688 707 1734 forte
731 1688 929 1734 fortuna
953 1689 1127 1733 eodem
1152 1704 1302 1733 curru
1321 1703 1430 1734 cum
1456 1688 1561 1745 ipso
1582 1689 1857 1734 vehebatur

234 1781 321 1821 per
355 1765 463 1821 iter,
491 1766 553 1810 ad
588 1781 676 1811 nos
710 1764 998 1821 transmisit3
1026 1765 1165 1810 cuius
1189 1764 1548 1821 simplicissima
1578 1765 1852 1821 integritas,

234 1858 418 1900 magna
441 1843 640 1899 gratiae
665 1859 724 1888 ac
748 1842 1024 1888 deuotionis
1044 1843 1361 1895 abundantia,
1385 1857 1480 1898 qua
1505 1842 1744 1887 Dominus
1769 1832 1856 1887 cor

231 1920 335 1965 eius
358 1920 541 1976 implet,
569 1935 739 1965 omnes
763 1918 1006 1975 aedificat3
1035 1919 1111 1963 cui
1136 1918 1181 1963 in
1207 1918 1352 1964 Oibin
1377 1919 1511 1964 iussu
1545 1919 1854 1964 obedientiae

232 1995 561 2053 proficiscenti
588 2006 777 2042 vestem
803 1996 1012 2042 talarem
1038 2011 1147 2040 cum
1171 1996 1420 2052 daremus,
1442 1995 1562 2040 flens
1587 2011 1645 2040 ac
1680 1996 1854 2041 lachri-

233 2089 371 2118 mans
406 2075 592 2119 vultum
627 2074 859 2120 deiiciens
893 2074 986 2119 hac
1020 2088 1071 2118 se
1106 2073 1340 2118 honorari
1375 2073 1671 2129 deplorauit,
1708 2088 1853 2129 quum

233 2166 322 2196 nec
347 2151 524 2196 doctor
548 2161 694 2205 esset,
722 2167 781 2196 ac
813 2152 1062 2196 minimum
1091 2160 1138 2196 et
1163 2151 1551 2207 indignissimum
1585 2150 1734 2196 totius
1768 2150 1854 2195 So-

232 2228 424 2274 cietatis
457 2243 509 2274 se
545 2228 764 2274 duceret.
793 2229 844 2273 P.
874 2229 1122 2283 Victoria,
1159 2229 1271 2273 dum
1307 2228 1359 2273 P.
1389 2227 1641 2273 Canisium
1682 2226 1853 2273 Strau-

232 2305 379 2361 bigae
404 2305 652 2362 inuiseret‚
681 2306 725 2351 in
751 2305 986 2351 hussitica
1016 2305 1229 2361 quadam
1260 2305 1463 2350 ciuitate
1487 2306 1549 2350 ab
1573 2305 1764 2361 hospite
1791 2306 1853 2350 di-

231 2382 433 2438 tissimo,
472 2382 734 2428 diuersatis
769 2383 941 2427 eodem
982 2381 1476 2437 magnificentissimis
1517 2381 1638 2426 viris
1672 2397 1854 2437 magno

231 2459 464 2504 satellitio
503 2459 710 2515 stipatis,
750 2457 1240 2504 honorificentissime
1280 2466 1328 2503 et
1366 2457 1714 2503 humanissime
1754 2468 1852 2503 tra-

232 2543 392 2580 ctatus
427 2544 514 2580 est.
540 2533 718 2591 Saepe,
747 2534 931 2580 relictis
964 2534 1056 2580 illis
1090 2534 1425 2591 magnatibus,
1452 2534 1854 2590 conquerebatur

231 2612 360 2667 apud
386 2611 586 2657 Patrem
611 2612 804 2668 hospes,
833 2621 881 2656 et
905 2611 1074 2656 dolens
1109 2626 1159 2655 se
1196 2611 1340 2656 valde
1370 2611 1650 2656 humaniter
1674 2627 1851 2668 purga-

231 2690 330 2744 bat,
358 2689 483 2745 quod
524 2689 660 2734 Patri
696 2704 789 2733 non
825 2699 992 2746 posset
1026 2698 1079 2733 vt
1113 2688 1262 2733 vellet
1295 2689 1470 2733 adesse
1500 2703 1560 2733 ae
1590 2688 1850 2743 inseruire,

231 2766 358 2821 quod
383 2766 710 2811 obseruantes
736 2765 799 2810 illi
825 2765 913 2822 ipsi
937 2765 1180 2821 principes
1205 2764 1296 2809 viri
1328 2764 1620 2810 amicissime
1654 2765 1852 2810 Patrem

278 2915 287 2933 ¹
340 2914 448 2950 Vide
496 2927 560 2950 aff.
605 2914 664 2951 28.

276 2973 288 2992 ²
338 2973 402 3009 De
421 2927 596 3020 εοῗΙθῗςίο
615 2974 779 3011 fundato
799 2974 848 3011 ab
868 2975 940 3011 hoc
960 2974 1059 3016 viro,
1080 2974 1120 3010 in
1139 2973 1281 3020 oppido
1300 2973 1442 3017 Ponte,
1470 2973 1509 3009 in
1530 2972 1653 3009 Valle
1673 2972 1850 3016 Tellina,

229 3034 355 3069 multa
383 3038 542 3069 exstant
572 3033 610 3069 in
638 3034 793 3071 Laz'm‘i
819 3034 1027 3074 Monam„
1055 3033 1124 3075 ΙΙΙ,
1152 3038 1191 3069 et
1220 3044 1322 3079 sqq.;
1352 3033 1615 3069 Bohadz'llae
1641 3032 1855 3075 Monmn.‚·

228 3092 540 3137 Rz'hadeneira,
562 3093 589 3129 Ι.
