2051 3516
384 256 430 293 48
846 253 1065 290 LITTERAE
1091 251 1445 296 QUADRIMESTRES

337 351 495 397 tiones
518 352 538 371 a
562 366 590 395 a
615 349 794 394 nostris
819 347 1063 404 discipulis
1097 345 1368 391 studiorum
1402 344 1536 389 initio
1574 351 1686 398 post
1723 339 1955 386 calendas

339 426 634 472 Nouembris
658 424 850 482 publice
873 424 1071 469 habitae
1095 432 1220 477 sunt,
1259 428 1304 466 et
1328 420 1570 476 quaedam
1594 419 1709 464 item
1734 416 1956 462 carmina

339 504 566 550 recitata.

396 580 439 626 3.
505 579 626 624 Heri
650 588 815 623 autem
840 576 985 634 (quod
1009 576 1099 620 hoc
1119 575 1228 619 loco
1247 572 1504 618 dicendum
1522 570 1733 626 uidetur)
1759 584 1788 614 a
1812 583 1953 625 pran-

340 656 418 701 dio
442 655 600 701 frater
623 663 791 699 noster
814 653 1050 709 magister
1074 650 1371 695 Franciscus
1391 650 1402 673 ¹
1424 649 1471 693 in
1495 648 1653 692 classe
1677 645 1953 690 orationem

341 732 461 778 satis
485 745 746 776 excussam
777 730 940 785 palam
974 726 1319 784 pronunciauit
1352 740 1463 770 cum
1497 723 1713 768 maxima
1746 721 1959 766 omnium

343 808 621 853 auditorum
660 805 1032 862 approbatione,
1075 818 1282 859 eumque
1321 802 1416 846 duo
1455 800 1592 857 pueri
1632 798 1710 855 qui
1750 813 1778 842 a
1821 796 1959 842 nobis

343 885 645 939 erudiuntur,
688 881 977 942 quibusdam
1016 878 1317 924 carminibus
1354 893 1450 923 non
1492 877 1654 932 inepte
1698 882 1810 919 sunt
1851 874 1959 918 sub-

344 950 515 1006 secuti.

401 1039 459 1083 Alf
509 1037 585 1081 De
611 1036 789 1081 ceteris
812 1033 938 1078 Rda.
967 1032 1248 1077 Paternitas
1277 1040 1361 1076 tua
1395 1031 1462 1075 ita
1496 1030 1692 1075 habeat:
1731 1028 1959 1075 confiten-

344 1115 464 1160 tium
498 1122 546 1158 et
586 1109 1049 1157 communicantium
1086 1109 1283 1154 turbam
1323 1108 1590 1152 maximam
1630 1106 1691 1151 ad
1731 1105 1962 1161 templum

345 1200 566 1236 nostrum
591 1189 854 1243 confluere;
882 1196 930 1231 et
953 1186 1026 1230 his
1050 1185 1342 1241 praesertim
1367 1184 1536 1229 diebus
1570 1184 1707 1229 festis
1741 1183 1962 1240 proxime
1998 1229 2006 1236 ‚

346 1266 610 1312 transactis
634 1265 701 1309 ita
724 1263 1011 1308 sacerdotes
1035 1276 1204 1306 omnes
1228 1260 1382 1305 nostri
1406 1259 1605 1305 fuerunt
1630 1259 1872 1315 occupati,
1909 1267 1962 1303 ut
2012 1295 2014 1298 .

347 1344 429 1388 uix
454 1342 626 1387 edendi
649 1341 798 1386 otium
829 1339 919 1384 illis
952 1337 1366 1394 suppeditaretur;
1403 1345 1689 1392 tantumque
1723 1335 1879 1381 abfuit
1912 1344 1963 1380 ut

348 1435 486 1464 suam
511 1418 734 1463 omnibus
757 1415 1032 1472 petentibus
1057 1429 1260 1470 operam
1284 1422 1509 1469 prestare
1528 1413 1790 1468 potuerint,
1814 1421 1865 1457 ut
1883 1412 1962 1456 uel

348 1494 550 1540 totidem
575 1493 654 1538 alii
679 1491 892 1548 operarii
917 1491 978 1536 ad
1012 1500 1201 1535 tantam
1237 1504 1462 1545 messem,
1500 1504 1641 1545 quae,
1678 1497 1779 1533 tum
1813 1487 1960 1543 domi⁷

349 1581 451 1617 tum
485 1570 817 1626 compluribus
851 1568 957 1613 aliis
991 1568 1035 1612 in
1071 1567 1205 1621 locis,
1242 1582 1350 1611 sese
1384 1566 1649 1621 offerebat,
1686 1565 1868 1621 requiri
1899 1564 1964 1609 ui-

350 1648 597 1693 derentur.

408 1725 450 1769 5.
517 1723 726 1767 Demum
766 1720 1090 1766 Reverendus
1130 1720 1278 1765 Pater
1322 1728 1489 1764 noster
1532 1718 1792 1764 Salmeron
1831 1719 1845 1742 2
1886 1718 1964 1763 diu

352 1808 655 1855 expectatus,
682 1814 776 1842 non
800 1813 829 1842 a
852 1797 989 1842 nobis
1021 1806 1225 1852 tantum,
1263 1797 1348 1841 sed
1381 1812 1410 1840 a
1445 1795 1815 1852 quamplurimis
1850 1795 1967 1839 uiris
2029 1831 2033 1833 v

352 1876 440 1932 piis
464 1885 610 1931 atque
634 1874 948 1930 optimatibus
973 1873 1111 1917 huius
1135 1872 1365 1924 ciuitatis,
1393 1872 1490 1917 iam
1515 1872 1691 1917 abhinc
1714 1871 1820 1917 fere
1839 1887 1967 1916 men-

353 1968 454 1997 sem
479 1952 626 2007 uenit,
664 1951 800 1995 cuius
834 1949 1023 2006 quidem
1059 1949 1342 2005 praesentia
1376 1949 1540 1993 omnia
1573 1949 1712 1993 nobis
1747 1949 1878 1993 laeta
1910 1963 1970 1993 ac

353 2029 547 2074 foelicia
581 2028 822 2078 uidentur,
859 2041 949 2071 nec
984 2041 1094 2082 spes
1128 2026 1326 2070 minima
1360 2035 1434 2070 est
1466 2024 1575 2070 fore
1605 2034 1656 2070 ut
1680 2025 1833 2081 breui,
1860 2024 1968 2069 Deo

355 2105 468 2162 Opt.
497 2105 629 2149 Max.
657 2105 978 2160 approbante,
1005 2118 1093 2158 per
1118 2103 1273 2158 ipsum
1303 2117 1382 2146 res
1417 2111 1617 2147 nostrae
1641 2101 1717 2146 hic
1741 2117 1849 2146 eum
1873 2109 1969 2145 sta-

355 2192 456 2227 tum
481 2181 747 2236 obtineant,
774 2190 840 2236 ut,
867 2189 914 2224 et
937 2181 1117 2235 templo
1152 2178 1450 2235 amplificato
1485 2188 1532 2224 et
1566 2179 1713 2224 rebus
1747 2177 1969 2223 omnibus

356 2260 401 2304 in
426 2258 596 2303 melius
617 2257 845 2312 redactiS,
867 2256 1171 2301 commodius
1190 2265 1237 2301 et
1256 2256 1432 2300 maiori
1451 2271 1560 2300 cum
1579 2256 1743 2300 fructu
1761 2254 1970 2310 proximi

357 2335 500 2380 saluti
521 2334 820 2387 incumbere,
839 2332 1148 2388 diuinamque
1163 2332 1375 2388 gloriam
1394 2347 1677 2388 propagare
1697 2332 1967 2379 ualeamus.

404 2488 422 2507 ἃ
473 2488 606 2524 Prius
626 2487 830 2523 lectiones.

408 2624 416 2642 ¹
468 2622 513 2658 In
531 2622 716 2667 catalogo
736 2621 897 2666 collegii
916 2621 1161 2667 neapolitani
1181 2621 1273 2656 anni
1303 2620 1393 2656 1556
1420 2620 1524 2656 inter
1551 2620 1763 2665 magistros
1790 2632 1972 2656 recense—

359 2688 423 2718 tur
445 2681 521 2717 «M.
543 2680 794 2724 Franciscus,
816 2682 1008 2725 magister
1026 2680 1101 2716 3,ae
1119 2680 1258 2716 classis
1278 2685 1317 2716 et
1344 2679 1633 2725 grammaticae
1657 2691 1868 2725 graecae».
1898 2678 1971 2716 Co-

360 2752 533 2787 gnomen
559 2739 764 2775 omittitur.
793 2738 966 2775 Videtur
991 2745 1126 2775 tamen
1153 2739 1219 2785 agi
1239 2739 1287 2775 de
1307 2738 1522 2774 Francisco
1542 2737 1720 2778 Onofrio,
1742 2739 1969 2775 mutinensi.

363 2799 424 2837 Cf.
447 2799 582 2845 Epist.
605 2798 655 2834 P.
679 2798 959 2841 Salnszeronz‘s,
981 2797 1009 2841 Ι,
1030 2798 1111 2834 303.

409 2860 420 2877 ²
470 2858 514 2894 P.
542 2857 736 2893 Alfonsus
764 2856 988 2899 Salmeron,
1018 2857 1220 2903 hispanus,
1250 2869 1352 2893 unus
1380 2868 1400 2892 e
1427 2856 1565 2892 decern
1591 2855 1729 2902 primis
1754 2855 1870 2892 sociis
1897 2855 1970 2893 Sti.

362 2917 520 2963 Ignatii,
542 2916 703 2961 collegii
722 2915 966 2962 neapolitani
986 2915 1333 2962 superintendens,
1356 2920 1442 2961 post
1460 2915 1632 2951 reditum
1652 2927 1673 2950 e
1692 2914 1860 2951 Polonia
1884 2915 1972 2951 mis-

362 2989 428 3013 sus
447 2975 577 3011 fuerat
596 2974 850 3020 praecedenti
870 2987 973 3010 anno
992 2987 1081 3009 cum
1097 2973 1291 3020 pontificis
1307 2975 1442 3020 legato
1457 2973 1497 3009 in
1512 2973 1663 3009 curiam
1678 2973 1786 3019 regis
1801 2973 1974 3020 Philippi

363 3035 402 3070 in
421 3033 666 3071 Flandriam.
692 3032 753 3069 Cf.
776 3032 1016 3075 POLANCUM,
1039 3034 1111 3070 loc.
1134 3033 1213 3073 cit.,
1234 3032 1276 3068 21
1297 3046 1381 3079 sqq.
