2051 3516
360 311 413 353 ‚06
826 312 920 348 eri
931 323 1043 348 ERAE
1069 312 1424 358 QUADmMESTREs

1093 514 1155 566 13

653 639 962 700 JOANNES
995 638 1346 686 PHILIPPUS
1379 636 1605 684 CASINI

790 757 1012 785 SYRACUSIS
1041 747 1079 784 11
1107 756 1302 794 JANUARu
1329 745 1420 782 1557
1447 745 1470 782 ¹.

322 849 396 886 1-2.
426 850 540 886 Male
566 852 817 895 conceptam
844 849 898 885 de
925 848 1133 885 Societate
1158 847 1405 893 opinionem
1433 846 1545 882 cives
1575 843 1842 890 syracusani
1870 841 1937 878 de-

392 908 705 954 pomum—34.
738 907 1026 954 Confessionis
1045 911 1083 944 et
1100 917 1253 943 sacrae
1277 906 1460 951 synaxis
1477 903 1744 950 frequentia,
1774 904 1938 938 nostra-

393 971 487 1005 tum
508 969 748 1005 ministerio
767 966 1092 1013 augetur.—5-6.
1131 966 1321 1003 Vestiam
1336 968 1549 1011 pompam
1569 966 1608 999 et
1625 965 1831 999 ornatum
1847 970 1939 996 mu-

394 1028 518 1065 lieres
535 1028 754 1071 deserunt,
774 1027 1121 1073 modestiamque
1139 1026 1428 1062 christianam
1448 1025 1493 1060 in
1511 1023 1664 1060 habitu
1684 1025 1723 1058 et
1747 1020 1940 1057 moribus

394 1087 693 1124 anubem—7.
722 1087 947 1123 Numerus
970 1085 1247 1123 sacerdotum
1274 1085 1503 1130 collegium
1530 1081 1938 1119 inhabitantium.-

394 1147 431 1182 8.
461 1147 592 1184 Multi
612 1148 754 1193 pueri,
783 1148 915 1183 etiam
943 1157 992 1183 ex
1022 1145 1305 1182 nobilioribus
1326 1143 1535 1189 familiis,
1568 1141 1738 1178 scholas
1769 1142 1940 1177 nostras

384 1206 782 1254 frequentant.—9.
813 1206 1054 1252 Episcopus
1083 1214 1386 1251 syracusanus
1417 1202 1642 1240 Societatis
1672 1201 1868 1237 amicum
1897 1209 1942 1236 se

395 1278 447 1305 ac
455 1267 681 1313 fautorem
698 1267 940 1313 profitetur.

389 1369 427 1415 1.
492 1368 647 1414 Molto
680 1367 808 1413 Rdo.
850 1367 896 1412 in
934 1366 1026 1412 X.0
1064 1365 1242 1411 Padre.
1280 1363 1355 1409 La
1387 1362 1555 1421 gratia
1588 1370 1636 1407 et
1669 1370 1808 1419 pace,
1845 1369 1938 1407 etc.

327 1446 458 1503 Ogni
482 1446 659 1502 giorno
682 1444 911 1491 habiamo
935 1458 1065 1489 noua
1089 1441 1352 1488 occasione
1375 1440 1422 1485 in
1452 1448 1625 1496 questo
1660 1438 1871 1495 collegio
1896 1438 1941 1483 di

328 1523 534 1569 laudare
558 1523 589 1568 il
612 1532 781 1568 nostro
805 1520 1035 1578 Signore,
1062 1520 1092 1565 il
1116 1518 1259 1576 quale
1283 1517 1322 1563 si
1347 1517 1508 1573 degna
1532 1516 1578 1561 in
1603 1515 1762 1572 quello
1791 1530 1879 1571 per
1912 1514 1942 1560 li

328 1601 433 1646 suoi
458 1599 764 1646 instrumenti
788 1613 1017 1644 crescere
1042 1597 1071 1642 il
1095 1596 1249 1642 frutto
1282 1594 1539 1651 spirituale
1573 1593 1619 1638 in
1653 1592 1864 1638 seruicio
1897 1592 1943 1637 di

327 1693 416 1723 sua
440 1677 603 1723 diuina
627 1677 833 1731 maesta,
870 1689 1066 1730 auenga
1096 1673 1186 1719 che
1219 1680 1344 1717 tutte
1378 1671 1536 1728 quelle
1560 1684 1769 1726 persone
1793 1669 1881 1715 che
1903 1668 1943 1714 si

328 1754 606 1801 confessino
630 1753 758 1798 nella
782 1760 953 1797 nostra
977 1749 1160 1796 chiesia
1179 1749 1225 1795 di
1243 1757 1386 1794 santo
1404 1746 1605 1806 Joseph,
1626 1746 1776 1792 fanno
1795 1761 1941 1803 gran-

330 1831 388 1877 de
412 1830 644 1877 instantia
668 1845 757 1887 per
780 1829 873 1874 far’
899 1827 1206 1874 confessione
1229 1825 1465 1884 generale
1489 1833 1536 1870 et
1559 1824 1648 1870 che
1667 1839 1720 1870 se
1739 1823 1818 1869 dia
1838 1824 1943 1869 loro

329 1908 631 1954 institutione
655 1922 742 1964 per
766 1906 952 1963 puoter'
980 1904 1150 1950 andar’
1174 1903 1256 1960 piu
1273 1902 1431 1948 inanzi
1450 1902 1579 1947 nella
1597 1901 1700 1947 vita
1718 1900 1941 1958 spiritua-

331 1986 392 2041 le3
420 1984 465 2030 di
489 1984 712 2029 maniera
736 1983 825 2028 che
850 1998 879 2028 a
902 1997 1029 2039 pena
1052 1981 1269 2038 potiamo
1293 1979 1538 2025 sodisfare
1561 1993 1591 2024 a
1614 1977 1737 2023 tanti
1755 1976 1819 2034 pii
1836 1978 1944 2022 loro

311 2061 558 2120 ‘desiderii
582 2076 670 2117 per
693 2061 737 2106 le
762 2058 1088 2115 occupationi.

389 2139 430 2184 2.
497 2137 657 2195 Quelli
681 2137 770 2183 che
803 2136 869 2182 fin
903 2137 1027 2181 hora
1060 2135 1223 2180 hanno
1257 2141 1535 2190 repugnato
1570 2131 1652 2177 alli
1684 2130 1840 2176 nostri
1874 2146 1944 2176 es-

331 2215 511 2262 sercitii
545 2214 674 2260 soliti
707 2214 834 2260 della
869 2211 1196 2269 Compagnia‚
1233 2219 1281 2256 et
1313 2211 1403 2256 che
1436 2209 1745 2265 impediuano
1779 2208 1868 2253 che
1901 2208 1945 2253 le

330 2293 439 2337 loro
462 2291 645 2337 familie
670 2290 924 2336 venissero
947 2290 1044 2335 alla
1067 2297 1238 2334 nostra
1267 2286 1465 2338 chiesia‚
1502 2301 1593 2331 ora
1616 2284 1646 2330 il
1670 2293 1840 2330 nostro
1874 2282 1943 2330 Si-

332 2385 459 2427 gnor
479 2370 506 2414 li
527 2370 589 2414 ha
608 2369 653 2414 di
671 2378 806 2413 sorte
825 2366 1016 2422 mutati,
1038 2366 1126 2411 che
1145 2366 1231 2410 lor'
1252 2363 1436 2421 proprii
1455 2362 1748 2409 concorrino
1767 2378 1796 2407 a
1816 2361 1945 2419 quel-

334 2448 380 2505 li,
406 2456 454 2492 et
477 2462 568 2492 con
593 2445 825 2491 instantia
848 2444 1110 2490 stimulano
1135 2443 1178 2488 le
1202 2457 1411 2499 persone
1435 2441 1494 2486 de
1512 2441 1559 2486 la
1577 2440 1682 2485 loro
1706 2454 1824 2485 casa
1848 2440 1946 2485 alla

334 2525 591 2581 frequente
624 2522 933 2569 confessione
967 2531 1015 2567 et
1049 2519 1406 2576 communione,
1439 2527 1487 2564 et
1520 2517 1693 2564 dicano
1717 2517 1806 2562 che
1830 2516 1891 2562 fin
1916 2532 1946 2562 a

333 2602 457 2646 hora
481 2617 600 2646 sono
624 2600 739 2646 stati
763 2598 1017 2656 ingannati
1042 2598 1169 2643 dalle
1192 2598 1320 2642 male
1343 2596 1524 2653 lingue,
1551 2594 1694 2651 quale
1713 2609 1944 2639 conosca-

333 2694 395 2723 no
429 2679 517 2723 che
552 2678 843 2723 falsamente
876 2676 1038 2721 hanno
1072 2682 1377 2720 mormorato
1411 2681 1585 2718 contro
1619 2671 1649 2716 li
1683 2670 1831 2716 Padri
1870 2671 1946 2715 del

337 2755 562 2810 collegio,
590 2754 718 2811 quali
743 2754 904 2798 danno
928 2760 1066 2797 tanto
1085 2752 1248 2796 buono
1273 2749 1514 2806 essempio
1537 2757 1586 2794 et
1604 2747 1835 2803 dottrina,
1857 2747 1946 2792 che

336 2846 616 2877 conoscano
651 2831 986 2876 chiaramente
1020 2829 1109 2874 che
1144 2837 1313 2874 nostro
1351 2826 1564 2883 Signore
1598 2825 1692 2870 l’ha
1730 2824 1945 2870 mandati

336 2924 424 2965 per
458 2908 661 2953 rimedio
695 2907 806 2952 delli
840 2907 946 2951 loro
981 2905 1170 2962 peccati
1205 2906 1236 2950 2.
1274 2904 1424 2949 Molte
1459 2903 1504 2948 di
1538 2910 1708 2959 queste
1738 2916 1946 2958 persone

386 3059 394 3077 ¹
447 3057 508 3093 Ex
528 3057 745 3102 archetypo
764 3056 802 3091 in
821 3054 956 3091 codiee
978 3054 1076 3090 Ital.
1100 3053 1191 3096 107,
1211 3052 1234 3089 2
1252 3052 1308 3097 ft,
1329 3065 1394 3089 nn.
1415 3051 1473 3095 79,
1493 3050 1550 3095 8ος
1574 3049 1681 3096 prius
1699 3047 1780 3091 279,
1801 3046 1881 3085 280.

384 3116 397 3136 ²
448 3115 510 3153 Cf.
532 3115 774 3159 POLANCUM,
799 3113 966 3157 Clzron„
987 3112 1060 3155 VI,
1080 3111 1150 3149 295
1167 3124 1251 3158 sqq.
