2051 3516
583 292 885 330 31.—C0L0N1A
910 291 956 329 23
982 292 1140 328 MARTII
1170 293 1260 329 1557
1625 293 1689 329 139

107 389 318 435 lectione
342 388 615 434 memoriae
648 388 930 441 mandarat,
968 387 1165 433 domino
1188 383 1414 434 ‘referret
1442 395 1473 434 ³.
1512 389 1736 447 Cumque

108 465 334 522 loquendi
360 465 504 510 finem
527 465 742 518 fecisset,
770 476 918 521 rogat
937 465 1181 509 dominum
1206 480 1347 510 suum
1372 466 1552 511 obnixe
1576 477 1628 511 ut
1652 467 1737 513 fiat

108 543 173 588 illi
206 552 429 599 potestas
462 543 661 599 saepius
697 542 761 588 ad
797 557 995 587 sacram
1035 542 1294 598 synnaxim
1330 544 1614 588 accedendi.
1652 544 1736 589 Se-

108 620 273 676 quenti
298 636 418 665 uero
438 620 514 665 die
534 620 778 665 dominico
799 619 927 676 apud
948 618 1127 664 Patres
1145 629 1467 675 peccatorum
1487 622 1736 667 sarcinam

109 697 347 753 deposuit.
403 687 411 695 ²

165 773 208 819 6.
276 773 513 819 Doctoris
536 774 683 819 etiam
708 773 870 819 Patris
896 772 1080 818 Canisii
1106 774 1183 818 hic
1207 775 1296 819 etsi
1321 790 1380 819 ea
1405 775 1529 819 hora
1548 778 1737 831 praele-

108 861 259 907 gatur
278 851 644 896 cathechismus
659 867 757 907 qua
777 861 1095 896 caeterorum
1112 852 1439 908 collegiorum
1460 852 1673 898 lectores
1693 854 1738 898 in

109 928 289 973 scholis
308 928 408 972 suis
426 938 680 985 praesunt,
702 938 865 974 tamen
885 928 1127 985 neglectis
1146 944 1205 973 ac
1224 929 1516 985 posthabitis
1536 945 1741 975 suorum

108 1016 489 1062 praeceptorum
515 1005 821 1055 lectionibus.
849 1005 985 1050 multi
1011 1021 1070 1050 ea
1093 1006 1219 1051 hora
1249 1006 1310 1051 ad
1344 1023 1432 1052 nos
1468 1007 1735 1064 confluunt;

109 1083 249 1128 cuius
288 1083 668 1139 explicationem
708 1083 1026 1139 praecedenti
1060 1083 1373 1128 hebdomada
1399 1084 1464 1128 M.
1492 1084 1740 1130 Henricus

109 1159 379 1217 Dyonisius
417 1172 489 1205 est
529 1175 826 1217 aggressus,
862 1160 1089 1217 idemque
1124 1161 1297 1206 diebus
1341 1162 1580 1207 sabatinis
1615 1164 1740 1208 solet

107 1237 451 1293 subsequentis
475 1237 568 1281 diei
593 1236 869 1282 dominicae
892 1237 1034 1281 simul
1058 1238 1373 1293 euangelium
1396 1248 1445 1284 et
1479 1239 1738 1295 epistolam

108 1313 444 1370 interpretari.

166 1391 207 1436 7.
274 1392 438 1436 Taceo
463 1401 665 1436 senatus
689 1390 977 1447 amplissimi
1002 1391 1271 1444 feruorem,
1310 1407 1420 1437 cum
1455 1393 1547 1438 hoc
1582 1394 1740 1450 ipsum

107 1467 448 1524 superioribus
474 1468 627 1513 literis
660 1467 1062 1525 significauerim.
1102 1468 1342 1514 Dominus
1378 1480 1544 1515 autem
1581 1469 1741 1527 Grop-

106 1561 255 1602 perus
279 1547 310 1595 ¹.
339 1545 430 1595 uir,
459 1555 510 1590 ut
534 1546 678 1598 nosti,
706 1546 949 1602 singulari
974 1556 1022 1590 et
1045 1546 1322 1591 eruditione
1348 1557 1395 1592 et
1419 1548 1620 1603 pietate,
1659 1565 1742 1605 op-

106 1624 321 1679 timeque
346 1623 405 1668 de
429 1623 571 1668 nobis
606 1624 827 1672 meritus,
865 1623 1021 1668 nescit
1057 1624 1284 1679 profecto
1316 1640 1411 1680 quo
1447 1641 1536 1670 nos
1570 1641 1742 1671 amore

106 1700 224 1745 uelit
247 1700 477 1756 amplecti
502 1715 561 1744 ac
586 1700 885 1745 exosculari.
923 1700 998 1744 Ita
1033 1711 1321 1745 nostrarum
1357 1717 1523 1746 rerum
1558 1703 1742 1747 studio-

108 1791 192 1822 sus
216 1787 307 1833 est,
336 1786 386 1822 ut
409 1777 455 1821 in
481 1777 682 1822 assidua
705 1777 861 1822 nostri
886 1778 1191 1833 cogitatione
1216 1793 1325 1823 esse
1351 1779 1595 1825 uideatur.
1623 1779 1741 1825 Sae-

108 1856 216 1911 pius
239 1855 480 1900 hactenus
503 1855 658 1899 nostri
690 1870 844 1900 causa
879 1855 1111 1900 conuiuia
1146 1855 1411 1901 admodum
1442 1862 1649 1914 opipara
1680 1874 1740 1903 ac

108 1934 344 1990 opulenta
369 1933 659 1985 celebrauit,
688 1948 748 1977 ea
773 1948 924 1989 porro
950 1933 1143 1978 ratione
1167 1943 1219 1978 ut
1244 1935 1303 1978 ad
1331 1950 1382 1979 se
1407 1934 1623 1980 ciuitatis
1646 1936 1744 1992 pri-

108 2026 292 2071 mores)
325 2009 737 2067 theologicaeque
771 2010 1024 2055 facultatis
1059 2010 1292 2056 doctores
1327 2023 1535 2057 uocaret
1570 2022 1618 2057 et
1652 2011 1741 2057 So-

109 2087 340 2133 cietatem
371 2088 417 2132 in
451 2087 865 2144 grauissimorum
899 2088 1122 2133 uirorum
1157 2099 1304 2133 coetu
1339 2090 1742 2135 cumulatissimis

108 2165 335 2210 laudibus
358 2165 746 2220 commendaret,
774 2180 898 2221 quos
922 2181 951 2210 a
975 2181 1027 2210 se
1052 2166 1188 2222 prius
1213 2166 1460 2212 dimittere
1490 2183 1739 2223 nunquam

109 2241 280 2293 uoluit,
308 2242 421 2298 quin
457 2258 547 2298 pro
583 2240 838 2287 Societate
863 2257 952 2287 sua
978 2258 1146 2287 omnes
1170 2242 1420 2305 suffragia
1444 2244 1670 2289 omnibus
1693 2245 1739 2289 in

109 2320 257 2364 rebus
280 2319 646 2375 pollicerentur.
680 2319 871 2364 Verum
896 2330 943 2365 et
968 2321 1100 2365 hisce
1120 2321 1291 2366 diebus
1311 2337 1399 2378 per
1417 2321 1655 2367 famulum
1675 2322 1737 2367 ad

109 2412 161 2442 se
185 2397 481 2452 magistrum
504 2395 749 2454 Joannem
773 2397 1007 2449 Reitium,
1029 2399 1187 2443 nostri
1211 2399 1408 2456 collegii
1433 2409 1680 2444 rectorem
1705 2399 1737 2455 ²,

110 2474 328 2530 uocauit,
356 2484 407 2519 ut
431 2475 490 2519 de
514 2475 662 2520 rebus
686 2476 930 2520 nonnullis
961 2476 1225 2521 certiorem
1259 2492 1368 2521 eum
1403 2477 1595 2522 faceret
1630 2486 1678 2522 et
1711 2493 1741 2522 a

109 2567 161 2596 se
186 2552 398 2608 quadam
422 2552 660 2608 pecuniae
684 2568 876 2598 summa
901 2563 1131 2599 onustum
1156 2555 1468 2599 amandaret.
1496 2554 1740 2600 Dominus

157 2726 174 2746 ³
218 2719 354 2756 Prius
372 2719 511 2756 refert.

159 2872 168 2890 ¹
221 2869 566 2916 DoctorJoannes
586 2869 790 2917 Gropper.
817 2870 924 2908 Vide
946 2884 1037 2918 pag.
1060 2871 1093 2911 2,
1116 2880 1237 2906 annot
1258 2871 1291 2905 1.

157 2931 170 2948 '²
222 2931 372 2966 Rector
402 2930 565 2976 collegii
585 2936 672 2966 erat
692 2930 740 2966 P.
766 2930 1006 2967 Leonardus
1026 2930 1187 2971 Kessel,
1210 2929 1277 2976 qui
1302 2930 1474 2967 Romam
1503 2932 1551 2967 ad
1580 2932 1742 2969 comitia

111 3002 153 3025 se
184 2989 365 3030 contulit,
398 3002 536 3026 mense
567 2989 792 3026 Februario
823 2990 873 3026 ad
903 2989 1027 3026 finem
1058 2994 1256 3026 vertente.
1291 2989 1390 3038 Ejus
1426 2991 1534 3027 vices
1569 2992 1741 3038 gerebat

110 3048 156 3085 P.
176 3048 347 3085 Ioannes
367 3049 552 3086 Rhetius.
575 3048 643 3086 Cf.
666 3051 988 3090 REIFFENBERG‚
1006 3050 1119 3086 Hz'st.
1135 3054 1256 3095 prov.
1278 3050 1411 3093 rhen„
1428 3050 1458 3095 I,
1474 3051 1521 3087 55
1535 3057 1574 3088 et
1590 3051 1745 3089 Laz'nz’i

113 3107 323 3149 Mommz.,
344 3107 393 3151 ΙΙ,
419 3107 495 3145 185,
