2051 3516
399 342 711 378 93.—PAN0RM0
740 340 783 377 12
809 339 1071 377 SEPTEMRRIS
1102 338 1189 373 1557
1491 337 1551 371 :371

0 438 337 495 :omponendis
371 437 603 493 epistolis,
631 435 890 481 nonnullos
924 435 967 478 in
1005 433 1327 484 orationibus,
1355 434 1605 489 quamplu-

0 517 142 561 fimos
176 515 322 560 etiam
347 514 391 558 in
418 513 734 569 carminibus,
761 513 845 557 sed
870 510 1164 567 praesertim
1191 510 1261 565 (ut
1287 520 1608 554 nostrum-re-

0 593 138 649 quirit
173 591 481 647 institutum),
508 590 570 635 ad
595 590 807 646 optimos
837 604 1001 633 mores
1025 603 1085 632 ac
1109 587 1241 633 uitae
1274 587 1609 648 integritatem

0 680 218 716 iuuentus
252 668 564 723 informatur,
602 684 697 723 qua
734 668 800 712 ita
837 666 987 711 rebus
1020 665 1200 710 diuinis
1232 672 1248 691 ἃ
1287 665 1474 721 appulit
1514 665 1611 709 ani-

0 763 138 803 mum,
165 755 216 791 ut
240 745 446 801 singulis
475 744 646 789 diebus
680 745 725 789 in
762 753 932 788 nostra
967 743 1179 787 ecclesia
1213 742 1370 787 sacris
1406 742 1612 791 intersit,

0 824 332 870 confessiones
375 822 678 878 frequentet,
725 821 988 866 conciones
1037 819 1246 875 denique
1291 829 1338 864 et
1382 819 1617 864 lectiones

0 917 245 959 nunquam
270 901 484 945 deserat.

56 981 97 1025 4.
166 978 259 1023 Hic
298 977 413 1022 illud
451 987 498 1021 te
545 977 698 1021 latere
737 991 830 1020 non
876 975 1055 1020 sinam:
1103 974 1516 1031 quemadmodum
1561 974 1620 1019 D.

0 1058 217 1118 Joannes
242 1071 269 1100 a
296 1054 460 1099 Zerda
486 1056 516 1104 ¹,
544 1054 684 1099 huius
711 1053 849 1109 regni
876 1068 1075 1110 prorex,
1104 1053 1274 1109 paucis
1309 1053 1480 1098 diebus
1514 1062 1624 1109 post

2 1135 113 1180 eins
136 1134 155 1160 ¹³
177 1134 268 1178 huc
304 1132 568 1177 aduentum
607 1131 891 1187 interiectis,
919 1147 947 1175 a
983 1130 1124 1176 nobis
1143 1131 1398 1185 inuitatus,
1426 1139 1623 1175 nostras

3 1213 200 1258 scholas
234 1210 396 1255 inuisit
419 1209 538 1254 satis
563 1209 703 1254 hilari
741 1209 811 1263 (ut
844 1209 1091 1254 coniicere
1126 1209 1277 1265 licuit)
1314 1210 1469 1263 uultu,
1497 1208 1626 1254 unde

4 1290 230 1335 absoluto
255 1303 400 1333 sacro
426 1287 587 1343 (mane
623 1288 749 1332 enim
778 1296 980 1343 propter
1005 1296 1216 1344 aestum,
1244 1287 1323 1343 qui
1348 1297 1451 1332 tum
1476 1287 1626 1332 maxi-

6 1382 83 1411 me
121 1365 366 1419 feruebat,
409 1365 469 1409 ad
510 1378 598 1408 nos
639 1363 806 1419 uenit),
849 1363 1093 1420 quaedam
1134 1364 1345 1409 recitata
1385 1376 1494 1409 sunt
1535 1365 1628 1421 epi-

6 1451 291 1500 grammata
331 1457 440 1487 cum
481 1456 648 1497 grece,
693 1450 795 1486 tum
842 1440 990 1486 latine
1034 1441 1324 1497 composita.
1370 1442 1630 1487 Postremo

8 1520 205 1578 quidam
235 1535 261 1564 e
292 1518 475 1564 nostris
509 1518 820 1563 scholasticis
853 1519 983 1563 satis
1018 1519 1192 1564 nobilis
1223 1525 1238 1545 ς
1270 1520 1515 1575 quandam
1551 1520 1632 1564 ha-

11 1599 113 1644 buit
148 1596 422 1642 orationem
458 1595 502 1640 in
539 1596 644 1640 eius
679 1595 867 1640 laudes.
903 1595 1172 1641 Foeliciter
1207 1596 1385 1646 omnia,
1422 1597 1530 1642 Deo
1566 1596 1634 1641 fa-

12 1685 174 1731 uente,
202 1683 568 1729 successerunt,
597 1683 644 1718 et
668 1688 852 1729 prorex
887 1677 1071 1718 czmcta
1105 1688 1237 1731 qnae
1256 1675 1493 1732 fecimus
1516 1674 1533 1701 ‘¹
1560 1677 1636 1721 be-

13 1754 164 1811 nigna
197 1761 359 1797 mente
383 1750 609 1807 suscepit,
638 1750 781 1807 idque
814 1765 876 1795 ex
910 1751 1015 1795 eius
1040 1751 1205 1796 uerbis
1229 1752 1290 1796 ad
1326 1752 1523 1797 Patrem
1557 1769 1638 1798 no-

14 1840 171 1876 strum
206 1828 412 1873 Paulum
438 1830 452 1851 ²
477 1827 642 1883 colligi
668 1827 813 1872 facile
836 1827 1008 1884 potuit.
1036 1826 1336 1884 Saepissime
1371 1829 1516 1887 enim,
1544 1846 1639 1886 quo

17 1908 180 1953 animo
205 1907 251 1951 in
276 1921 363 1951 nos
388 1914 520 1950 esset
545 1904 760 1950 affectus
783 1905 1013 1955 ostendit,
1042 1921 1151 1950 cum
1177 1908 1386 1951 eundem
1425 1907 1638 1961 Patrem,

18 2001 114 2031 non
140 1985 284 2029 modo
308 1982 694 2028 familiarissime
728 1997 884 2040 quam
910 1983 1051 2028 credi
1077 1984 1260 2041 possit,
1287 1985 1640 2042 alloqueretur,

20 2063 105 2108 sed
130 2063 188 2107 de
213 2061 376 2107 multis
400 2061 547 2106 etiam
572 2061 721 2105 rebus
745 2060 1083 2116 spiritualibus
1107 2076 1217 2106 cum
1244 2062 1348 2118 ipso
1373 2062 1641 2109 conferret.

21 2141 132 2186 Hoc
151 2139 385 2197 profecto
403 2138 613 2195 fatebor
632 2138 703 2194 (si
724 2138 1018 2183 coniectura
1041 2139 1381 2196 qnaefntma
1405 2145 1527 2185 suns
1559 2156 1645 2186 (m-

19 2217 215 2276 gm'ari
237 2216 368 2272 licet)
392 2215 529 2260 lemn?
553 2215 853 2260 acerrimum
884 2225 1087 2261 nostrae
1113 2217 1366 2274 religionis
1400 2218 1646 2263 fautorem

26 2296 308 2340 extiturum
354 2300 384 2338 θ.
433 2292 710 2349 [Prospera
751 2294 970 2351 prot'egz'
1011 2298 1236 2350 exoptat.
1288 2296 1427 2347 Oml,
1474 2302 1653 2352 preces

24 2371 286 2430 pc>stztlat.l

118 2450 301 2494 Datum
327 2448 559 2493 Panormi
584 2448 740 2504 pridie
765 2448 873 2493 idus
897 2448 1205 2506 Septembris
1234 2452 1360 2496 1557.

120 2527 181 2572 R.
210 2526 263 2571 P.
290 2536 406 2572 tuae
430 2541 608 2571 seruus
632 2526 676 2571 in
703 2526 853 2583 Xpo.‚

667 2633 898 2692 JoANNEs
934 2635 1185 2682 BAPTIsTA
1221 2637 1530 2683 CARMiNATA
1565 2641 1595 2685 3.

84 2801 101 2821 a
133 2792 182 2829 ad
201 2804 266 2827 res
285 2790 456 2826 diuinas.
510 2789 581 2816 —b
625 2790 765 2836 ipsius.
829 2798 891 2818 -c
935 2792 1080 2828 nobilis
1111 2793 1359 2830 adolescoens.
1414 2794 1479 2822 -—d
1516 2798 1663 2835 omnia.

85 2860 101 2880 e
146 2865 236 2888 eum
259 2849 342 2887 fore
362 2850 402 2885 in
421 2849 527 2886 Dno.
549 2862 760 2896 speramus
775 2855 850 2887 etc.

90 3034 102 3054 ¹
154 3032 248 3069 Dux
267 3045 290 3068 a
310 3032 569 3069 Medinaceli.

91 3094 104 3112 '²
154 3092 203 3129 P.
229 3092 381 3129 Paulus
400 3093 448 3129 de
468 3092 657 3135 Achillis,
679 3094 843 3140 collegii
864 3100 1006 3131 rector.

94 3154 105 3172 ³
158 3152 264 3189 Vide
283 3165 377 3199 pag.
397 3153 454 3194 55,
477 3158 612 3189 annot.
632 3152 666 3190 2.
