2051 3516
396 305 466 341 5138
729 322 733 326 ·
860 304 1080 341 LITTERAE
1107 304 1463 349 QUADRIMESTREs

352 406 471 454 rent,
497 410 666 443 omnes
690 398 794 442 fere
814 399 1002 454 seipsos
1020 399 1266 455 ingerunt,
1288 413 1348 443 ac
1368 399 1508 454 primi
1528 413 1636 443 esse
1658 410 1831 443 sancta
1852 415 1968 455 qua-

350 476 461 520 dam
489 475 755 520 ambitione
779 476 1096 520 contendunt.

411 552 479 596 14.
546 551 733 606 Accipe
758 566 885 596 nunc
908 552 1092 608 paucis,
1120 550 1243 595 Rde.
1272 550 1371 603 Pr.y
1400 566 1526 606 quae
1551 551 1611 595 ad
1638 551 1791 596 nostri
1823 552 1966 596 colle—

347 629 415 686 gii
449 628 695 673 studiosos
730 638 1054 684 caeterosque
1091 628 1286 683 pietatis
1320 637 1846 684 sacramentorumque
1870 629 1967 673 cul—

349 714 486 749 tores
511 704 771 760 pertinent.
808 704 884 749 De
919 705 1268 760 discipulorum
1307 719 1513 748 numero
1548 704 1660 760 quid
1696 704 1853 748 dicam
1888 720 1967 749 ne—

348 781 468 826 scio:
496 796 608 825 nam
633 790 680 825 et
704 781 847 837 pauci
872 781 1108 837 puerique
1133 789 1246 825 sunt
1265 779 1574 836 (octuaginta
1594 780 1720 825 enim
1744 790 1829 825 aut
1853 797 1968 837 pau-

349 858 395 902 lo
429 858 594 913 plures
629 857 690 901 ad
723 865 922 901 nostras
954 857 1151 902 scholas
1187 856 1404 912 ueniunt)
1435 863 1451 882 ³
1476 865 1522 901 et
1556 871 1641 901 eos
1675 857 1968 913 simulatque

348 933 675 990 adoleuerint‚
714 942 944 989 parentes
983 933 1151 978 timent
1186 933 1247 976 ad
1286 944 1481 977 nostras
1520 932 1715 977 scholas
1755 933 1965 988 mittere3

348 1010 571 1054 dubitant
605 1010 732 1054 enim
768 1026 826 1054 ne
861 1010 921 1055 ad
957 1009 1279 1054 monasticam
1314 1009 1667 1066 religiosamue
1692 1009 1843 1055 uitam
1867 1025 1967 1054 sus-

348 1087 620 1142 cipiendam
645 1102 729 1131 eos
754 1087 1044 1131 alliciamus.
1067 1086 1177 1130 Huc
1196 1085 1388 1131 accedit
1412 1087 1541 1143 quod
1566 1102 1734 1131 omnes
1757 1086 1863 1131 fere
1887 1086 1968 1131 flo-

348 1164 526 1208 rentini
566 1179 661 1207 non
701 1172 801 1208 tam
841 1164 1082 1208 bonarum
1123 1162 1418 1219 litterarum,
1461 1177 1606 1218 quam
1651 1173 1969 1208 mercaturae

347 1249 460 1284 sunt
492 1239 713 1284 studiosi.
751 1239 801 1283 ln
838 1239 964 1284 festo
998 1252 1159 1283 tamen
1196 1239 1352 1283 sancti
1386 1238 1593 1296 Joannis
1628 1238 1968 1295 euangelistae

348 1311 444 1372 (cui
468 1326 690 1361 nostrum
710 1317 944 1372 templum
965 1326 1037 1360 est
1057 1315 1423 1370 consecratum)
1449 1331 1477 1359 a
1503 1315 1668 1371 pueris
1693 1316 1847 1360 nostri
1872 1316 1967 1360 col-

347 1394 461 1450 legii
486 1404 625 1438 actus
649 1403 723 1437 est
747 1393 974 1448 dialogus
1009 1401 1148 1437 tanta
1183 1408 1294 1437 cum
1328 1392 1576 1436 hominum
1612 1392 1968 1448 mulierumque

346 1470 641 1526 frequentia,
669 1479 721 1515 ut
746 1470 827 1513 uix
852 1470 1085 1525 templum
1123 1478 1361 1523 nostrum,
1389 1469 1517 1524 quod
1552 1484 1862 1525 nequaquam
1886 1484 1967 1525 pa-

349 1563 491 1592 ruum
525 1556 615 1603 est,
653 1562 833 1603 capere
873 1562 957 1591 eos
997 1546 1226 1602 potuerit:
1271 1546 1593 1601 quamobrem
1634 1546 1795 1601 templi
1835 1545 1968 1590 fores

346 1624 581 1668 claudere
616 1623 793 1668 fuimus
827 1623 1002 1668 coacti.
1031 1622 1132 1667 Sub
1167 1622 1351 1666 initium
1386 1638 1506 1667 uero
1542 1622 1720 1667 mensis
1756 1622 1967 1668 Nouem·
2020 1641 2023 1645 ·

347 1701 451 1746 bris
475 1716 585 1745 cum
610 1700 772 1745 studia
809 1716 1181 1751 renouaremus,
1210 1709 1257 1744 et
1283 1700 1444 1744 oratio
1479 1709 1551 1744 est
1585 1700 1752 1744 habita
1786 1716 1814 1744 a
1850 1716 1962 1757 quo-

284 1795 288 1797 *
347 1777 461 1822 dam
485 1786 768 1822 nostrorum
793 1786 841 1821 et
865 1777 927 1821 ab
957 1777 1125 1821 iisdem
1153 1777 1318 1832 pueris
1351 1787 1491 1821 actus
1523 1776 1764 1832 dialogus3
1793 1777 1967 1833 quibus

345 1863 549 1910 praeter
593 1854 714 1898 alios
759 1853 1037 1908 complures
1082 1853 1220 1897 liuius
1265 1853 1480 1897 ciuitatis
1524 1853 1786 1909 studiosos,
1833 1853 1964 1899 Illus.

345 1931 496 1975 etiam
515 1930 739 1974 dominus
763 1929 941 1974 Petrus
960 1930 1018 1974 de
1043 1929 1237 1985 Toleto,
1265 1930 1341 1975 cui
1366 1929 1384 1955 b
1409 1929 1562 1974 Illma.
1587 1931 1685 1974 dux
1705 1940 1777 1975 est
1796 1945 1967 1975 conso-

346 2007 507 2064 brina,
534 2005 772 2051 interfuit.

410 2083 477 2128 15.
547 2082 635 2128 Est
674 2083 751 2127 hic
784 2083 1000 2127 societas
1034 2082 1277 2140 quaedam
1315 2083 1582 2135 hominum,
1620 2092 1671 2128 ut
1703 2084 1966 2139 plurimum

345 2160 710 2213 illiteratorum,
744 2159 848 2204 fere
883 2159 1231 2216 quadraginta,
1259 2160 1336 2216 qui
1373 2160 1578 2216 singulis
1613 2160 1865 2205 dominicis
1900 2159 1966 2205 fe-

346 2237 531 2292 stisque
556 2236 726 2281 diebus
762 2236 806 2280 in
842 2245 1062 2281 nostrum
1098 2236 1360 2292 collegium
1394 2236 1707 2292 conueniunt,
1735 2236 1965 2281 confiten-

345 2323 524 2370 turque
554 2322 694 2358 tanta
730 2329 838 2358 cum
873 2313 1047 2358 mentis
1082 2313 1385 2369 integritate,
1423 2325 1472 2358 ut
1503 2312 1638 2358 Pres.
1678 2314 1832 2358 nostri
1869 2329 1965 2359 ma-

345 2407 477 2448 gnae
502 2391 589 2436 sibi
625 2391 863 2447 uoluptati
898 2391 1079 2435 ducant
1114 2390 1307 2435 illorum
1343 2391 1580 2436 exaudire
1614 2391 1964 2436 confessiones.

347 2467 467 2512 Mox
490 2483 611 2512 uero
637 2482 833 2512 sacram
867 2466 1075 2523 synaxin
1112 2482 1205 2511 non
1241 2467 1343 2512 sine
1379 2483 1561 2524 magna
1596 2468 1804 2512 aliorum
1838 2467 1966 2511 edifi-

344 2545 541 2589 catione
565 2544 847 2600 suscipiunt.
872 2543 1057 2588 Eorum
1083 2559 1203 2588 uero
1229 2560 1462 2588 numerus
1486 2544 1531 2588 in
1558 2544 1659 2589 dies
1683 2544 1842 2600 magis
1868 2560 1967 2589 ma-

345 2621 521 2677 gisque
546 2621 742 2666 crescit.

411 2696 477 2742 16.
546 2698 620 2742 De
656 2697 854 2753 reliquis
887 2707 989 2742 tum
1022 2696 1324 2751 mulieribus,
1361 2706 1463 2741 tum
1498 2696 1646 2742 etiam
1678 2696 1812 2753 uiris,
1846 2711 1967 2753 quos

346 2774 553 2818 deuotos
579 2783 775 2830 uocant,
804 2774 872 2818 sic
896 2774 1092 2829 habeto,
1119 2772 1242 2818 Rde.
1265 2773 1365 2829 Pr,
1389 2788 1634 2830 pauperes
1654 2774 1849 2830 quidem
1870 2783 1966 2818 ter-

348 2865 581 2894 renarum
607 2866 715 2895 esse
747 2850 1041 2895 diuitiarum:
1075 2859 1344 2905 caeterum,
1382 2850 1421 2894 si
1456 2850 1692 2895 coelestia
1726 2850 1856 2895 dona
1892 2865 1965 2894 re-

394 3039 412 3059 a
456 3032 677 3068 Sententia
698 3032 854 3068 addita
876 3043 976 3068 cum
992 3031 1247 3077 parenthesi
1264 3032 1308 3067 in
1332 3041 1468 3075 marg.
1492 3031 1644 3067 eadem
1665 3042 1822 3067 mann.

394 3091 414 3119 b
459 3091 664 3137 Sequitur
680 3103 718 3127 v.
740 3091 926 3138 princeps
945 3091 1149 3127 deletum.
