2051 3516
381 309 450 345 872
842 307 1059 343 LITTERAE
1086 306 1437 351 QUADRIMESTRES

422 402 712 458 Inscriptio.
739 408 767 455 †
792 401 887 446 Ihs.
915 401 979 445 Al
1004 416 1117 456 muy
1144 399 1252 445 R.d0
1281 399 1354 444 Pe
1377 414 1482 444 nro.
1511 414 1570 443 en
1602 399 1774 455 Chro.,
1803 399 1843 443 el
1869 398 1952 443 P.e

334 479 426 525 MP
450 479 668 535 Laynez,
698 478 948 534 preposito
972 477 1178 533 general
1205 476 1263 521 de
1294 476 1341 520 la
1367 476 1642 531 Compafiia
1667 474 1726 519 de
1749 474 1947 533 Je[sus].
1968 516 1973 517 γ

334 556 510 599 Roma.

422 630 600 687 Sigillz'
620 630 914 687 vestigium.

421 707 539 752 Alia
563 721 780 752 nuum...
809 706 923 750 Rta.
952 721 982 750 a
1005 708 1063 750 de
1087 705 1318 750 Hebrero
1343 704 1470 760 [sine
1494 703 1594 761 die]
1623 703 1749 749 1559.

1099 952 1182 1001 211

689 1069 1099 1115 CAROLUS
1154 1066 1600 1115 SAGERIUS

804 1188 976 1214 PAR1sns
1001 1178 1023 1214 3
1049 1187 1289 1213 NOVEMBRIS
1329 1176 1418 1212 1558
1455 1178 1477 1212 ¹.

334 1274 365 1309 1.
387 1273 455 1309 De
473 1273 664 1310 Patrum
684 1273 920 1310 Pasclzczsz'z'
937 1273 1068 1309 Broe't
1087 1277 1124 1308 et
1144 1272 1297 1308 Pontii
1325 1270 1570 1316 Cogordanz‘
1593 1269 1802 1311 adventu,
1831 1280 1882 1306 ac
1901 1269 1955 1306 de
1974 1286 1977 1288 ·

405 1334 610 1378 religione
640 1334 685 1369 in
719 1332 862 1369 Gallia
880 1337 960 1378 per
978 1332 1232 1368 Societatem
1262 1328 1708 1374 redintegranda—2.
1743 1328 1954 1365 Fratrum

404 1395 651 1429 nostrorum
683 1392 937 1428 studia-3.
968 1391 1356 1427 Sacranientoriun
1378 1388 1695 1434 frequentiam,
1721 1389 1849 1433 prius
1876 1389 1954 1424 inz-

403 1452 639 1495 minutam,
662 1452 980 1487 incrementum
1001 1449 1144 1486 denuo
1163 1458 1336 1485 sumere
1356 1448 1515 1484 recenti
1532 1446 1723 1483 Patrunz
1743 1446 1951 1482 adventu.

403 1510 438 1546 4.
459 1509 683 1546 societatis
702 1509 951 1551 candidati:
969 1509 1137 1553 collegii
1154 1508 1392 1553 templique
1406 1511 1558 1552 compa
1566 1505 1710 1549 randi,
1729 1505 1951 1548 religionis

404 1569 698 1605 restituendae
715 1573 811 1614 spes
831 1570 876 1604 in
893 1572 1130 1614 posterum.

395 1669 432 1713 1.
499 1673 524 1721 †
557 1668 680 1714 IHS.
715 1668 821 1713 Pax
854 1667 967 1724 Xpi.
1007 1667 1151 1724 Quod
1184 1675 1332 1711 antea
1368 1666 1688 1711 vehementer
1723 1679 1892 1709 omnes
1923 1680 1952 1709 a

333 1744 395 1790 R.
433 1745 487 1790 P.
527 1745 777 1790 Paschasii
814 1745 1039 1790 absentia
1073 1745 1421 1800 precabamur,
1448 1743 1508 1787 R.
1546 1742 1619 1798 R,
1647 1751 1699 1786 vt
1733 1741 1837 1786 eius
1870 1742 1951 1786 ad-

333 1831 509 1866 uentus
543 1830 591 1866 et
624 1823 687 1867 ab
720 1821 862 1866 Italia
897 1821 1098 1877 reditus,
1126 1820 1267 1865 nobis
1290 1835 1402 1864 cum
1426 1818 1650 1863 omnibus
1673 1817 1844 1862 amicis
1868 1832 1950 1861 no-

336 1898 450 1943 stris
474 1897 867 1955 jucundissimus,
894 1898 1120 1953 proximo
1144 1896 1317 1953 cuique
1352 1910 1411 1940 ac
1445 1894 1703 1939 Ecclesiae
1727 1893 1949 1938 christia-

334 1990 394 2020 ne
418 1983 548 2020 esset
571 1974 951 2019 secundissimus
974 1973 1186 2029 futurus3
1215 1973 1319 2017 eius
1343 1969 1569 2016 desiderii
1594 1970 1686 2015 Dei
1712 1968 1948 2015 beneficio

333 2051 823 2108 reverendorumque
849 2049 1053 2095 Patrum
1076 2059 1358 2094 nostrorum
1382 2048 1613 2104 precibus
1636 2045 1849 2091 conuicti
1873 2061 1950 2090 su-

334 2142 455 2172 mus.
484 2127 635 2172 Nobis
661 2127 787 2172 enim
812 2142 872 2171 ac
896 2125 1109 2171 caeteris
1143 2124 1405 2171 Societatis
1429 2123 1597 2169 amicis
1620 2123 1788 2167 saluus
1812 2131 1860 2166 et
1884 2121 1950 2166 in-

334 2203 539 2248 columis
578 2218 761 2259 magna
798 2203 991 2259 quidem
1026 2217 1135 2247 cum
1169 2201 1507 2258 gratulatione
1546 2209 1620 2244 est
1649 2199 1799 2256 simul
1839 2213 1950 2243 cum

332 2280 393 2325 R.
420 2280 572 2325 Patre
597 2279 770 2324 Pontio
816 2279 1035 2324 redditus
1058 2279 1089 2323 ⁴2.
1119 2277 1392 2323 Habendae
1436 2286 1564 2332 sunt,
1592 2275 1651 2320 R.
1689 2275 1762 2332 P.,
1789 2275 1952 2331 potius

333 2372 478 2413 quam
503 2356 729 2413 agendae
748 2355 962 2400 Domino
982 2363 1151 2399 nostro
1172 2354 1384 2410 gratiae,
1407 2353 1485 2409 qui
1510 2353 1826 2408 languentem
1848 2349 1950 2407 jam

332 2444 379 2478 et
402 2448 555 2489 prope
577 2431 821 2489 jacentem
846 2431 1077 2488 gallicam
1101 2430 1261 2485 fidem,
1288 2446 1384 2475 non
1409 2430 1601 2486 penitus
1624 2442 1945 2481 euanescere,

334 2510 421 2555 sed
445 2510 685 2563 excitare,
713 2518 760 2554 et
787 2509 828 2553 in
854 2508 1126 2564 pristinam,
1154 2523 1299 2564 quarn
1324 2521 1565 2552 consensu
1595 2505 1808 2550 omnium
1833 2504 1950 2549 faci-

337 2587 379 2631 le
402 2586 582 2631 meruit
605 2586 663 2630 de
688 2585 781 2630 fide
807 2584 1236 2640 existimationem,
1263 2599 1381 2629 sane
1417 2597 1563 2639 quam
1597 2582 1845 2638 optimam,
1874 2596 1948 2625 re-

333 2662 537 2708 stituere
561 2662 700 2708 nobis
734 2678 822 2718 per
856 2677 973 2707 suos
1002 2661 1170 2706 fideles
1193 2670 1395 2706 nostrae
1418 2658 1682 2705 Societatis
1705 2673 1879 2703 seruos
1904 2667 1952 2703 et

380 2840 390 2858 ¹
442 2837 503 2874 Ex
522 2838 774 2884 autographo
793 2837 833 2873 in
852 2837 987 2873 codice
1009 2836 1100 2873 Gal.
1122 2835 1191 2880 53,
1217 2835 1334 2872 unico
1361 2835 1444 2880 soh,
1474 2847 1512 2871 n.
1543 2834 1600 2879 43;
1630 2834 1740 2880 prius
1770 2833 1835 2870 197
1862 2833 1947 2877 (28).

333 2897 549 2934 Notatione
569 2896 663 2933 anni
683 2901 806 2933 caret.
828 2896 1012 2942 Antiqua
1027 2907 1148 2932 manu
1167 2894 1325 2931 additus
1340 2899 1399 2930 est
1419 2906 1550 2930 annus
1566 2893 1656 2929 1558
1670 2893 1709 2929 in
1728 2892 1795 2929 fol.
1813 2906 1865 2935 v..
1883 2892 1950 2938 qui

335 2959 384 2992 ex
402 2960 590 2992 contextu
609 2954 727 2992 facile
747 2955 1005 3001 intelligitur.
1271 2982 1273 2985 .

380 3015 392 3034 ²
442 3015 617 3051 Parisios
633 3015 817 3061 pervenit
843 3014 888 3052 P.
916 3013 1159 3051 Paschasius
1185 3012 1309 3049 Broet
1336 3013 1399 3048 die
1431 3013 1445 3048 1
1475 3011 1716 3049 Novembris
1746 3010 1846 3047 1558.
1886 3009 1970 3047 Cf..

334 3073 470 3119 Epist.
492 3074 585 3110 PF.
606 3074 794 3111 Broe'ti...
817 3077 856 3110 et
873 3073 1090 3116 Roderici,
1114 3072 1191 3109 125.
