<?xml version="1.0" encoding="UTF-8"?>
<!DOCTYPE html PUBLIC "-//W3C//DTD XHTML 1.0 Transitional//EN"
    "http://www.w3.org/TR/xhtml1/DTD/xhtml1-transitional.dtd">
<html xmlns="http://www.w3.org/1999/xhtml" xml:lang="en" lang="en">
 <head>
  <title>
</title>
<meta http-equiv="Content-Type" content="text/html;charset=utf-8" />
  <meta name='ocr-system' content='tesseract 3.04.00' />
  <meta name='ocr-capabilities' content='ocr_page ocr_carea ocr_par ocr_line ocrx_word'/>
</head>
<body>
  <div class='ocr_page' id='page_1' title='image "./litteraequadrime17lain_0695.png"; bbox 0 0 2051 3516; ppageno 0'>
   <div class='ocr_carea' id='block_1_1' title="bbox 591 371 1686 419">
    <p class='ocr_par' dir='ltr' id='par_1_1' title="bbox 591 371 1686 419">
     <span class='ocr_line' id='line_1_1' title="bbox 591 371 1686 419; baseline -0.004 -8"><span class='ocrx_word' id='word_1_1' title='bbox 591 374 915 412; x_wconf 63' lang='lat' dir='ltr'>loo—CommA</span> <span class='ocrx_word' id='word_1_2' title='bbox 946 374 987 410; x_wconf 73' lang='lat'>14</span> <span class='ocrx_word' id='word_1_3' title='bbox 1015 373 1123 419; x_wconf 75' lang='lat' dir='ltr'>MAJI</span> <span class='ocrx_word' id='word_1_4' title='bbox 1155 373 1244 409; x_wconf 68' lang='grc'>1558</span> <span class='ocrx_word' id='word_1_5' title='bbox 1615 371 1686 407; x_wconf 79' lang='grc'>659</span> 
     </span>
    </p>
   </div>
   <div class='ocr_carea' id='block_1_2' title="bbox 105 468 1747 2234">
    <p class='ocr_par' dir='ltr' id='par_1_2' title="bbox 105 468 1739 1224">
     <span class='ocr_line' id='line_1_2' title="bbox 162 468 1733 529; baseline -0.003 -12"><span class='ocrx_word' id='word_1_6' title='bbox 162 487 205 517; x_wconf 80' lang='lat' dir='ltr'>o.</span> <span class='ocrx_word' id='word_1_7' title='bbox 273 471 517 517; x_wconf 81' lang='lat' dir='ltr'>Consules</span> <span class='ocrx_word' id='word_1_8' title='bbox 551 481 599 517; x_wconf 90' lang='lat' dir='ltr'>et</span> <span class='ocrx_word' id='word_1_9' title='bbox 630 471 766 517; x_wconf 91' lang='lat' dir='ltr'>ciues</span> <span class='ocrx_word' id='word_1_10' title='bbox 799 487 952 529; x_wconf 86' lang='lat' dir='ltr'>supra</span> <span class='ocrx_word' id='word_1_11' title='bbox 974 470 1173 515; x_wconf 87' lang='lat' dir='ltr'>modurn</span> <span class='ocrx_word' id='word_1_12' title='bbox 1198 485 1286 514; x_wconf 89' lang='lat' dir='ltr'>nos</span> <span class='ocrx_word' id='word_1_13' title='bbox 1309 479 1477 515; x_wconf 86' lang='lat' dir='ltr'>amant</span> <span class='ocrx_word' id='word_1_14' title='bbox 1511 478 1559 514; x_wconf 91' lang='lat' dir='ltr'>et</span> <span class='ocrx_word' id='word_1_15' title='bbox 1593 468 1733 513; x_wconf 88' lang='lat' dir='ltr'>breui</span> 
     </span>
     <span class='ocr_line' id='line_1_3' title="bbox 105 546 1731 606; baseline -0.003 -12"><span class='ocrx_word' id='word_1_16' title='bbox 105 549 317 606; x_wconf 90' lang='lat' dir='ltr'>collegio</span> <span class='ocrx_word' id='word_1_17' title='bbox 341 549 613 605; x_wconf 90' lang='lat' dir='ltr'>adiungent</span> <span class='ocrx_word' id='word_1_18' title='bbox 648 549 845 594; x_wconf 89' lang='lat' dir='ltr'>domum</span> <span class='ocrx_word' id='word_1_19' title='bbox 881 548 1094 604; x_wconf 92' lang='lat' dir='ltr'>collegio</span> <span class='ocrx_word' id='word_1_20' title='bbox 1119 547 1224 603; x_wconf 91' lang='lat' dir='ltr'>ipso</span> <span class='ocrx_word' id='word_1_21' title='bbox 1249 547 1398 592; x_wconf 89' lang='lat' dir='ltr'>etiam</span> <span class='ocrx_word' id='word_1_22' title='bbox 1424 546 1731 603; x_wconf 88' lang='lat' dir='ltr'>ampliorem.</span> 
     </span>
     <span class='ocr_line' id='line_1_4' title="bbox 105 623 1735 683; baseline -0.003 -11"><span class='ocrx_word' id='word_1_23' title='bbox 105 625 231 672; x_wconf 83' lang='lat' dir='ltr'>Sunt</span> <span class='ocrx_word' id='word_1_24' title='bbox 261 637 525 683; x_wconf 91' lang='lat' dir='ltr'>praeterea</span> <span class='ocrx_word' id='word_1_25' title='bbox 559 641 688 671; x_wconf 93' lang='lat' dir='ltr'>nunc</span> <span class='ocrx_word' id='word_1_26' title='bbox 721 626 953 682; x_wconf 85' lang='lat' dir='ltr'>contenti,</span> <span class='ocrx_word' id='word_1_27' title='bbox 982 634 1033 670; x_wconf 95' lang='lat' dir='ltr'>ut</span> <span class='ocrx_word' id='word_1_28' title='bbox 1056 624 1275 681; x_wconf 89' lang='lat' dir='ltr'>ipsorum</span> <span class='ocrx_word' id='word_1_29' title='bbox 1312 623 1393 668; x_wconf 84' lang='lat' dir='ltr'>filii</span> <span class='ocrx_word' id='word_1_30' title='bbox 1424 623 1650 677; x_wconf 81' lang='lat' dir='ltr'>iesuitae‚</span> <span class='ocrx_word' id='word_1_31' title='bbox 1684 631 1735 667; x_wconf 93' lang='lat' dir='ltr'>ut</span> 
     </span>
     <span class='ocr_line' id='line_1_5' title="bbox 106 699 1735 760; baseline -0.003 -11"><span class='ocrx_word' id='word_1_32' title='bbox 106 719 194 749; x_wconf 91' lang='lat' dir='ltr'>nos</span> <span class='ocrx_word' id='word_1_33' title='bbox 220 714 417 760; x_wconf 87' lang='lat' dir='ltr'>uocant,</span> <span class='ocrx_word' id='word_1_34' title='bbox 444 703 578 748; x_wconf 90' lang='lat' dir='ltr'>fiant.</span> <span class='ocrx_word' id='word_1_35' title='bbox 606 702 977 760; x_wconf 77' lang='lat' dir='ltr'>Suffraganeus</span> <span class='ocrx_word' id='word_1_36' title='bbox 1002 705 1013 727; x_wconf 88' lang='lat'>¹</span> <span class='ocrx_word' id='word_1_37' title='bbox 1039 711 1210 747; x_wconf 90' lang='lat' dir='ltr'>noster</span> <span class='ocrx_word' id='word_1_38' title='bbox 1234 701 1479 757; x_wconf 76' lang='lat' dir='ltr'>quaedam</span> <span class='ocrx_word' id='word_1_39' title='bbox 1514 699 1735 746; x_wconf 75' lang='lat' dir='ltr'>Societa-</span> 
     </span>
     <span class='ocr_line' id='line_1_6' title="bbox 105 778 1736 837; baseline -0.002 -12"><span class='ocrx_word' id='word_1_40' title='bbox 105 781 167 825; x_wconf 90' lang='lat' dir='ltr'>tis</span> <span class='ocrx_word' id='word_1_41' title='bbox 210 780 471 837; x_wconf 86' lang='lat' dir='ltr'>priuilegia</span> <span class='ocrx_word' id='word_1_42' title='bbox 514 781 811 837; x_wconf 87' lang='lat' dir='ltr'>approbauit</span> <span class='ocrx_word' id='word_1_43' title='bbox 856 781 914 826; x_wconf 92' lang='lat' dir='ltr'>de</span> <span class='ocrx_word' id='word_1_44' title='bbox 958 788 1275 825; x_wconf 86' lang='lat' dir='ltr'>sacramento</span> <span class='ocrx_word' id='word_1_45' title='bbox 1321 778 1645 823; x_wconf 79' lang='lat' dir='ltr'>confessionis</span> <span class='ocrx_word' id='word_1_46' title='bbox 1689 788 1736 822; x_wconf 91' lang='lat' dir='ltr'>et</span> 
     </span>
     <span class='ocr_line' id='line_1_7' title="bbox 106 853 1737 914; baseline -0.003 -11"><span class='ocrx_word' id='word_1_47' title='bbox 106 857 457 914; x_wconf 76' lang='lat' dir='ltr'>eucharistiae,</span> <span class='ocrx_word' id='word_1_48' title='bbox 484 859 872 914; x_wconf 76' lang='lat' dir='ltr'>approbaturus,</span> <span class='ocrx_word' id='word_1_49' title='bbox 905 856 1072 913; x_wconf 86' lang='lat' dir='ltr'>credo,</span> <span class='ocrx_word' id='word_1_50' title='bbox 1100 856 1260 912; x_wconf 81' lang='lat' dir='ltr'>plura,</span> <span class='ocrx_word' id='word_1_51' title='bbox 1287 855 1325 899; x_wconf 88' lang='lat' dir='ltr'>si</span> <span class='ocrx_word' id='word_1_52' title='bbox 1361 865 1408 900; x_wconf 88' lang='lat' dir='ltr'>et</span> <span class='ocrx_word' id='word_1_53' title='bbox 1444 855 1502 899; x_wconf 87' lang='lat' dir='ltr'>de</span> <span class='ocrx_word' id='word_1_54' title='bbox 1538 853 1737 910; x_wconf 89' lang='lat' dir='ltr'>reliquis</span> 
     </span>
     <span class='ocr_line' id='line_1_8' title="bbox 107 930 1737 992; baseline -0.003 -11"><span class='ocrx_word' id='word_1_55' title='bbox 107 951 219 980; x_wconf 90' lang='lat' dir='ltr'>cum</span> <span class='ocrx_word' id='word_1_56' title='bbox 244 950 303 980; x_wconf 95' lang='lat' dir='ltr'>eo</span> <span class='ocrx_word' id='word_1_57' title='bbox 328 935 621 992; x_wconf 77' lang='lat' dir='ltr'>egissemus.</span> <span class='ocrx_word' id='word_1_58' title='bbox 649 935 830 981; x_wconf 83' lang='lat' dir='ltr'>Pastor</span> <span class='ocrx_word' id='word_1_59' title='bbox 854 935 900 980; x_wconf 93' lang='lat' dir='ltr'>in</span> <span class='ocrx_word' id='word_1_60' title='bbox 924 935 1063 979; x_wconf 90' lang='lat' dir='ltr'>cuius</span> <span class='ocrx_word' id='word_1_61' title='bbox 1087 933 1356 989; x_wconf 80' lang='lat' dir='ltr'>parrochia</span> <span class='ocrx_word' id='word_1_62' title='bbox 1389 932 1654 988; x_wconf 77' lang='lat' dir='ltr'>collegium</span> <span class='ocrx_word' id='word_1_63' title='bbox 1678 930 1737 976; x_wconf 88' lang='lat' dir='ltr'>si-</span> 
     </span>
     <span class='ocr_line' id='line_1_9' title="bbox 108 1008 1739 1068; baseline -0.002 -11"><span class='ocrx_word' id='word_1_64' title='bbox 108 1022 208 1057; x_wconf 90' lang='lat' dir='ltr'>tum</span> <span class='ocrx_word' id='word_1_65' title='bbox 233 1023 306 1058; x_wconf 93' lang='lat' dir='ltr'>est</span> <span class='ocrx_word' id='word_1_66' title='bbox 330 1013 362 1068; x_wconf 69' lang='lat'>2,</span> <span class='ocrx_word' id='word_1_67' title='bbox 389 1022 520 1058; x_wconf 91' lang='lat' dir='ltr'>totus</span> <span class='ocrx_word' id='word_1_68' title='bbox 545 1021 714 1058; x_wconf 91' lang='lat' dir='ltr'>noster</span> <span class='ocrx_word' id='word_1_69' title='bbox 748 1023 837 1065; x_wconf 82' lang='lat' dir='ltr'>est,</span> <span class='ocrx_word' id='word_1_70' title='bbox 866 1011 1094 1068; x_wconf 87' lang='lat' dir='ltr'>quicquid</span> <span class='ocrx_word' id='word_1_71' title='bbox 1129 1011 1368 1056; x_wconf 91' lang='lat' dir='ltr'>hactenus</span> <span class='ocrx_word' id='word_1_72' title='bbox 1393 1011 1455 1054; x_wconf 89' lang='lat' dir='ltr'>ab</span> <span class='ocrx_word' id='word_1_73' title='bbox 1486 1024 1544 1053; x_wconf 89' lang='lat' dir='ltr'>eo</span> <span class='ocrx_word' id='word_1_74' title='bbox 1570 1008 1739 1065; x_wconf 88' lang='lat' dir='ltr'>petiui-</span> 
     </span>
     <span class='ocr_line' id='line_1_10' title="bbox 109 1086 1738 1147; baseline -0.004 -12"><span class='ocrx_word' id='word_1_75' title='bbox 109 1105 217 1135; x_wconf 88' lang='lat' dir='ltr'>mus</span> <span class='ocrx_word' id='word_1_76' title='bbox 256 1090 466 1135; x_wconf 84' lang='lat' dir='ltr'>libenter</span> <span class='ocrx_word' id='word_1_77' title='bbox 499 1091 760 1147; x_wconf 86' lang='lat' dir='ltr'>concessit,</span> <span class='ocrx_word' id='word_1_78' title='bbox 788 1090 882 1134; x_wconf 92' lang='lat' dir='ltr'>imo</span> <span class='ocrx_word' id='word_1_79' title='bbox 916 1089 1223 1134; x_wconf 90' lang='lat' dir='ltr'>iuuentutem</span> <span class='ocrx_word' id='word_1_80' title='bbox 1258 1088 1402 1143; x_wconf 89' lang='lat' dir='ltr'>plane</span> <span class='ocrx_word' id='word_1_81' title='bbox 1437 1086 1578 1131; x_wconf 90' lang='lat' dir='ltr'>nobis</span> <span class='ocrx_word' id='word_1_82' title='bbox 1611 1101 1738 1130; x_wconf 93' lang='lat' dir='ltr'>com-</span> 
     </span>
     <span class='ocr_line' id='line_1_11' title="bbox 108 1166 1422 1224; baseline -0.002 -12"><span class='ocrx_word' id='word_1_83' title='bbox 108 1167 270 1220; x_wconf 87' lang='lat' dir='ltr'>mittit,</span> <span class='ocrx_word' id='word_1_84' title='bbox 297 1176 346 1213; x_wconf 92' lang='lat' dir='ltr'>et</span> <span class='ocrx_word' id='word_1_85' title='bbox 369 1167 430 1213; x_wconf 88' lang='lat' dir='ltr'>ad</span> <span class='ocrx_word' id='word_1_86' title='bbox 457 1167 781 1224; x_wconf 90' lang='lat' dir='ltr'>pergendum,</span> <span class='ocrx_word' id='word_1_87' title='bbox 808 1177 860 1212; x_wconf 92' lang='lat' dir='ltr'>ut</span> <span class='ocrx_word' id='word_1_88' title='bbox 883 1167 1151 1223; x_wconf 88' lang='lat' dir='ltr'>coepimus,</span> <span class='ocrx_word' id='word_1_89' title='bbox 1176 1166 1422 1211; x_wconf 87' lang='lat' dir='ltr'>hortatur.</span> 
     </span>
    </p>

    <p class='ocr_par' dir='ltr' id='par_1_3' title="bbox 110 1242 1747 2234">
     <span class='ocr_line' id='line_1_12' title="bbox 167 1242 1740 1302; baseline -0.004 -11"><span class='ocrx_word' id='word_1_90' title='bbox 167 1245 209 1291; x_wconf 82' lang='lat'>6.</span> <span class='ocrx_word' id='word_1_91' title='bbox 278 1244 376 1291; x_wconf 84' lang='lat' dir='ltr'>Sed</span> <span class='ocrx_word' id='word_1_92' title='bbox 401 1245 463 1290; x_wconf 90' lang='lat' dir='ltr'>ad</span> <span class='ocrx_word' id='word_1_93' title='bbox 487 1245 710 1291; x_wconf 90' lang='lat' dir='ltr'>scholam</span> <span class='ocrx_word' id='word_1_94' title='bbox 735 1245 938 1302; x_wconf 87' lang='lat' dir='ltr'>propius</span> <span class='ocrx_word' id='word_1_95' title='bbox 962 1244 1280 1290; x_wconf 85' lang='lat' dir='ltr'>accedamus.</span> <span class='ocrx_word' id='word_1_96' title='bbox 1309 1242 1399 1288; x_wconf 89' lang='lat' dir='ltr'>His</span> <span class='ocrx_word' id='word_1_97' title='bbox 1434 1242 1605 1287; x_wconf 86' lang='lat' dir='ltr'>diebus</span> <span class='ocrx_word' id='word_1_98' title='bbox 1630 1250 1740 1297; x_wconf 90' lang='lat' dir='ltr'>post</span> 
     </span>
     <span class='ocr_line' id='line_1_13' title="bbox 110 1319 1741 1379; baseline -0.003 -12"><span class='ocrx_word' id='word_1_99' title='bbox 110 1322 318 1379; x_wconf 91' lang='lat' dir='ltr'>diligens</span> <span class='ocrx_word' id='word_1_100' title='bbox 360 1337 568 1367; x_wconf 82' lang='lat' dir='ltr'>examen</span> <span class='ocrx_word' id='word_1_101' title='bbox 613 1322 1062 1379; x_wconf 89' lang='lat' dir='ltr'>grammaticorum</span> <span class='ocrx_word' id='word_1_102' title='bbox 1108 1332 1390 1366; x_wconf 87' lang='lat' dir='ltr'>nostrorum</span> <span class='ocrx_word' id='word_1_103' title='bbox 1430 1319 1492 1364; x_wconf 87' lang='lat' dir='ltr'>ad</span> <span class='ocrx_word' id='word_1_104' title='bbox 1537 1319 1741 1364; x_wconf 88' lang='lat' dir='ltr'>altiores</span> 
     </span>
     <span class='ocr_line' id='line_1_14' title="bbox 110 1398 1742 1454; baseline -0.003 -9"><span class='ocrx_word' id='word_1_105' title='bbox 110 1400 297 1445; x_wconf 83' lang='lat' dir='ltr'>classes</span> <span class='ocrx_word' id='word_1_106' title='bbox 321 1415 559 1445; x_wconf 90' lang='lat' dir='ltr'>ascensus</span> <span class='ocrx_word' id='word_1_107' title='bbox 583 1402 601 1420; x_wconf 62' lang='lat' dir='ltr'>a</span> <span class='ocrx_word' id='word_1_108' title='bbox 625 1400 788 1445; x_wconf 79' lang='lat' dir='ltr'>factus</span> <span class='ocrx_word' id='word_1_109' title='bbox 811 1409 901 1445; x_wconf 89' lang='lat' dir='ltr'>est.</span> <span class='ocrx_word' id='word_1_110' title='bbox 939 1399 1224 1444; x_wconf 81' lang='lat' dir='ltr'>Adfuerunt</span> <span class='ocrx_word' id='word_1_111' title='bbox 1259 1398 1447 1454; x_wconf 87' lang='lat' dir='ltr'>aliquot</span> <span class='ocrx_word' id='word_1_112' title='bbox 1481 1405 1742 1441; x_wconf 89' lang='lat' dir='ltr'>senatores</span> 
     </span>
     <span class='ocr_line' id='line_1_15' title="bbox 111 1473 1743 1534; baseline -0.003 -11"><span class='ocrx_word' id='word_1_113' title='bbox 111 1486 159 1523; x_wconf 90' lang='lat' dir='ltr'>et</span> <span class='ocrx_word' id='word_1_114' title='bbox 192 1477 403 1523; x_wconf 89' lang='lat' dir='ltr'>aliarum</span> <span class='ocrx_word' id='word_1_115' title='bbox 438 1478 704 1523; x_wconf 85' lang='lat' dir='ltr'>bursarum</span> <span class='ocrx_word' id='word_1_116' title='bbox 740 1477 950 1534; x_wconf 90' lang='lat' dir='ltr'>plurimi.</span> <span class='ocrx_word' id='word_1_117' title='bbox 978 1476 1032 1522; x_wconf 89' lang='lat' dir='ltr'>In</span> <span class='ocrx_word' id='word_1_118' title='bbox 1056 1477 1226 1522; x_wconf 89' lang='lat' dir='ltr'>schola</span> <span class='ocrx_word' id='word_1_119' title='bbox 1251 1475 1499 1532; x_wconf 90' lang='lat' dir='ltr'>tapetibus</span> <span class='ocrx_word' id='word_1_120' title='bbox 1523 1473 1743 1531; x_wconf 88' lang='lat' dir='ltr'>pulchris</span> 
     </span>
     <span class='ocr_line' id='line_1_16' title="bbox 111 1552 1738 1612; baseline -0.002 -12"><span class='ocrx_word' id='word_1_121' title='bbox 111 1564 291 1600; x_wconf 89' lang='lat' dir='ltr'>ornata</span> <span class='ocrx_word' id='word_1_122' title='bbox 315 1565 417 1601; x_wconf 91' lang='lat' dir='ltr'>tres</span> <span class='ocrx_word' id='word_1_123' title='bbox 443 1555 697 1601; x_wconf 88' lang='lat' dir='ltr'>orationes</span> <span class='ocrx_word' id='word_1_124' title='bbox 716 1564 764 1600; x_wconf 90' lang='lat' dir='ltr'>et</span> <span class='ocrx_word' id='word_1_125' title='bbox 783 1564 998 1612; x_wconf 86' lang='lat' dir='ltr'>quatuor</span> <span class='ocrx_word' id='word_1_126' title='bbox 1018 1554 1242 1599; x_wconf 84' lang='lat' dir='ltr'>carmina</span> <span class='ocrx_word' id='word_1_127' title='bbox 1261 1552 1591 1610; x_wconf 86' lang='lat' dir='ltr'>pronunciata</span> <span class='ocrx_word' id='word_1_128' title='bbox 1610 1561 1738 1597; x_wconf 93' lang='lat' dir='ltr'>sunt.</span> 
     </span>
     <span class='ocr_line' id='line_1_17' title="bbox 112 1630 1743 1689; baseline -0.002 -11"><span class='ocrx_word' id='word_1_129' title='bbox 112 1632 241 1689; x_wconf 84' lang='lat' dir='ltr'>Quid</span> <span class='ocrx_word' id='word_1_130' title='bbox 266 1633 327 1677; x_wconf 91' lang='lat' dir='ltr'>ad</span> <span class='ocrx_word' id='word_1_131' title='bbox 354 1633 590 1678; x_wconf 87' lang='lat' dir='ltr'>lectiones</span> <span class='ocrx_word' id='word_1_132' title='bbox 615 1632 786 1678; x_wconf 90' lang='lat' dir='ltr'>solitas</span> <span class='ocrx_word' id='word_1_133' title='bbox 811 1632 1098 1688; x_wconf 85' lang='lat' dir='ltr'>accesserit,</span> <span class='ocrx_word' id='word_1_134' title='bbox 1127 1647 1190 1677; x_wconf 86' lang='lat' dir='ltr'>ex</span> <span class='ocrx_word' id='word_1_135' title='bbox 1215 1631 1481 1676; x_wconf 90' lang='lat' dir='ltr'>lectionum</span> <span class='ocrx_word' id='word_1_136' title='bbox 1507 1630 1743 1686; x_wconf 85' lang='lat' dir='ltr'>catalogo</span> 
     </span>
     <span class='ocr_line' id='line_1_18' title="bbox 112 1707 1743 1766; baseline -0.002 -12"><span class='ocrx_word' id='word_1_137' title='bbox 112 1710 277 1755; x_wconf 87' lang='lat' dir='ltr'>licebit</span> <span class='ocrx_word' id='word_1_138' title='bbox 308 1725 633 1766; x_wconf 86' lang='lat' dir='ltr'>cognoscere.</span> <span class='ocrx_word' id='word_1_139' title='bbox 662 1710 1068 1756; x_wconf 88' lang='lat' dir='ltr'>Declamationes</span> <span class='ocrx_word' id='word_1_140' title='bbox 1102 1709 1464 1765; x_wconf 80' lang='lat' dir='ltr'>continuamus,</span> <span class='ocrx_word' id='word_1_141' title='bbox 1491 1707 1666 1765; x_wconf 89' lang='lat' dir='ltr'>quibus</span> <span class='ocrx_word' id='word_1_142' title='bbox 1695 1707 1743 1751; x_wconf 92' lang='lat' dir='ltr'>li-</span> 
     </span>
     <span class='ocr_line' id='line_1_19' title="bbox 113 1786 1747 1845; baseline -0.002 -12"><span class='ocrx_word' id='word_1_143' title='bbox 113 1788 314 1833; x_wconf 88' lang='lat' dir='ltr'>centiati</span> <span class='ocrx_word' id='word_1_144' title='bbox 349 1788 469 1834; x_wconf 88' lang='lat' dir='ltr'>iuris</span> <span class='ocrx_word' id='word_1_145' title='bbox 502 1797 551 1834; x_wconf 91' lang='lat' dir='ltr'>et</span> <span class='ocrx_word' id='word_1_146' title='bbox 585 1788 869 1845; x_wconf 83' lang='lat' dir='ltr'>theologiae</span> <span class='ocrx_word' id='word_1_147' title='bbox 904 1803 1256 1844; x_wconf 83' lang='lat' dir='ltr'>nonnunquam</span> <span class='ocrx_word' id='word_1_148' title='bbox 1286 1787 1547 1832; x_wconf 87' lang='lat' dir='ltr'>intersunt:</span> <span class='ocrx_word' id='word_1_149' title='bbox 1583 1786 1663 1843; x_wconf 87' lang='lat' dir='ltr'>qui</span> <span class='ocrx_word' id='word_1_150' title='bbox 1699 1795 1747 1830; x_wconf 88' lang='lat' dir='ltr'>et</span> 
     </span>
     <span class='ocr_line' id='line_1_20' title="bbox 113 1862 1746 1922; baseline -0.002 -12"><span class='ocrx_word' id='word_1_151' title='bbox 113 1864 377 1922; x_wconf 90' lang='lat' dir='ltr'>discipulos</span> <span class='ocrx_word' id='word_1_152' title='bbox 401 1865 464 1911; x_wconf 89' lang='lat' dir='ltr'>ad</span> <span class='ocrx_word' id='word_1_153' title='bbox 488 1865 709 1911; x_wconf 88' lang='lat' dir='ltr'>scholam</span> <span class='ocrx_word' id='word_1_154' title='bbox 742 1865 887 1911; x_wconf 88' lang='lat' dir='ltr'>istam</span> <span class='ocrx_word' id='word_1_155' title='bbox 922 1864 1190 1921; x_wconf 87' lang='lat' dir='ltr'>adducunt,</span> <span class='ocrx_word' id='word_1_156' title='bbox 1219 1864 1332 1909; x_wconf 90' lang='lat' dir='ltr'>licet</span> <span class='ocrx_word' id='word_1_157' title='bbox 1363 1864 1408 1908; x_wconf 92' lang='lat' dir='ltr'>in</span> <span class='ocrx_word' id='word_1_158' title='bbox 1440 1863 1548 1908; x_wconf 88' lang='lat' dir='ltr'>aliis</span> <span class='ocrx_word' id='word_1_159' title='bbox 1582 1862 1746 1908; x_wconf 87' lang='lat' dir='ltr'>bursis</span> 
     </span>
     <span class='ocr_line' id='line_1_21' title="bbox 113 1941 1747 2000; baseline -0.002 -12"><span class='ocrx_word' id='word_1_160' title='bbox 113 1943 329 2000; x_wconf 88' lang='lat' dir='ltr'>promoti</span> <span class='ocrx_word' id='word_1_161' title='bbox 363 1943 472 1988; x_wconf 90' lang='lat' dir='ltr'>sint.</span> <span class='ocrx_word' id='word_1_162' title='bbox 512 1941 612 1989; x_wconf 84' lang='lat' dir='ltr'>Sed</span> <span class='ocrx_word' id='word_1_163' title='bbox 646 1959 741 1988; x_wconf 93' lang='lat' dir='ltr'>non</span> <span class='ocrx_word' id='word_1_164' title='bbox 775 1943 1085 1990; x_wconf 91' lang='lat' dir='ltr'>colonienses</span> <span class='ocrx_word' id='word_1_165' title='bbox 1119 1951 1312 1988; x_wconf 89' lang='lat' dir='ltr'>tantum</span> <span class='ocrx_word' id='word_1_166' title='bbox 1347 1942 1613 1998; x_wconf 83' lang='lat' dir='ltr'>collegium</span> <span class='ocrx_word' id='word_1_167' title='bbox 1653 1942 1747 1986; x_wconf 93' lang='lat' dir='ltr'>hoc</span> 
     </span>
     <span class='ocr_line' id='line_1_22' title="bbox 114 2020 1747 2078; baseline -0.002 -12"><span class='ocrx_word' id='word_1_168' title='bbox 114 2030 261 2078; x_wconf 90' lang='lat' dir='ltr'>pacto</span> <span class='ocrx_word' id='word_1_169' title='bbox 286 2030 597 2078; x_wconf 86' lang='lat' dir='ltr'>promouent,</span> <span class='ocrx_word' id='word_1_170' title='bbox 626 2037 801 2067; x_wconf 88' lang='lat' dir='ltr'>uerum</span> <span class='ocrx_word' id='word_1_171' title='bbox 836 2021 984 2067; x_wconf 90' lang='lat' dir='ltr'>etiam</span> <span class='ocrx_word' id='word_1_172' title='bbox 1018 2021 1229 2078; x_wconf 81' lang='lat' dir='ltr'>externi,</span> <span class='ocrx_word' id='word_1_173' title='bbox 1257 2030 1311 2066; x_wconf 80' lang='lat' dir='ltr'>vt</span> <span class='ocrx_word' id='word_1_174' title='bbox 1344 2020 1389 2065; x_wconf 91' lang='lat' dir='ltr'>in</span> <span class='ocrx_word' id='word_1_175' title='bbox 1427 2029 1626 2065; x_wconf 88' lang='lat' dir='ltr'>rectore</span> <span class='ocrx_word' id='word_1_176' title='bbox 1651 2035 1747 2064; x_wconf 92' lang='lat' dir='ltr'>em-</span> 
     </span>
     <span class='ocr_line' id='line_1_23' title="bbox 114 2097 1746 2156; baseline -0.002 -12"><span class='ocrx_word' id='word_1_177' title='bbox 114 2098 329 2144; x_wconf 86' lang='lat' dir='ltr'>bricensi</span> <span class='ocrx_word' id='word_1_178' title='bbox 354 2100 369 2123; x_wconf 71' lang='lat'><strong>3</strong></span> <span class='ocrx_word' id='word_1_179' title='bbox 394 2099 578 2156; x_wconf 88' lang='lat' dir='ltr'>optimo</span> <span class='ocrx_word' id='word_1_180' title='bbox 604 2099 685 2144; x_wconf 93' lang='lat' dir='ltr'>illo</span> <span class='ocrx_word' id='word_1_181' title='bbox 716 2099 825 2144; x_wconf 88' lang='lat' dir='ltr'>uiro</span> <span class='ocrx_word' id='word_1_182' title='bbox 860 2107 1086 2155; x_wconf 74' lang='lat' dir='ltr'>apparet,</span> <span class='ocrx_word' id='word_1_183' title='bbox 1114 2099 1193 2155; x_wconf 88' lang='lat' dir='ltr'>qui</span> <span class='ocrx_word' id='word_1_184' title='bbox 1227 2114 1325 2143; x_wconf 88' lang='lat' dir='ltr'>non</span> <span class='ocrx_word' id='word_1_185' title='bbox 1361 2099 1516 2143; x_wconf 89' lang='lat' dir='ltr'>solum</span> <span class='ocrx_word' id='word_1_186' title='bbox 1544 2113 1660 2142; x_wconf 87' lang='lat' dir='ltr'>suos</span> <span class='ocrx_word' id='word_1_187' title='bbox 1685 2097 1746 2142; x_wconf 85' lang='lat' dir='ltr'>ad</span> 
     </span>
     <span class='ocr_line' id='line_1_24' title="bbox 116 2174 1746 2234; baseline -0.001 -13"><span class='ocrx_word' id='word_1_188' title='bbox 116 2185 340 2222; x_wconf 85' lang='lat' dir='ltr'>nostrum</span> <span class='ocrx_word' id='word_1_189' title='bbox 365 2176 631 2233; x_wconf 88' lang='lat' dir='ltr'>collegium</span> <span class='ocrx_word' id='word_1_190' title='bbox 655 2177 876 2234; x_wconf 73' lang='lat' dir='ltr'>ablegat,</span> <span class='ocrx_word' id='word_1_191' title='bbox 904 2176 989 2221; x_wconf 87' lang='lat' dir='ltr'>sed</span> <span class='ocrx_word' id='word_1_192' title='bbox 1014 2176 1163 2222; x_wconf 87' lang='lat' dir='ltr'>etiam</span> <span class='ocrx_word' id='word_1_193' title='bbox 1190 2176 1367 2221; x_wconf 88' lang='lat' dir='ltr'>librum</span> <span class='ocrx_word' id='word_1_194' title='bbox 1394 2174 1662 2221; x_wconf 79' lang='lat' dir='ltr'>Societatis</span> <span class='ocrx_word' id='word_1_195' title='bbox 1687 2175 1746 2220; x_wconf 91' lang='lat' dir='ltr'>de</span> 
     </span>
    </p>
   </div>
   <div class='ocr_carea' id='block_1_3' title="bbox 164 2387 523 2424">
    <p class='ocr_par' dir='ltr' id='par_1_4' title="bbox 164 2387 523 2424">
     <span class='ocr_line' id='line_1_25' title="bbox 164 2387 523 2424; baseline 0 -1"><span class='ocrx_word' id='word_1_196' title='bbox 164 2387 183 2406; x_wconf 63' lang='lat' dir='ltr'>a</span> <span class='ocrx_word' id='word_1_197' title='bbox 234 2399 424 2424; x_wconf 84' lang='lat' dir='ltr'>assensus</span> <span class='ocrx_word' id='word_1_198' title='bbox 443 2397 523 2423; x_wconf 82' lang='lat' dir='ltr'>ms.</span> 
     </span>
    </p>
   </div>
   <div class='ocr_carea' id='block_1_4' title="bbox 118 2591 1758 3062">
    <p class='ocr_par' dir='ltr' id='par_1_5' title="bbox 118 2591 1758 3062">
     <span class='ocr_line' id='line_1_26' title="bbox 118 2591 1755 2640; baseline -0.002 -9"><span class='ocrx_word' id='word_1_199' title='bbox 118 2595 254 2632; x_wconf 90' lang='lat' dir='ltr'>codice</span> <span class='ocrx_word' id='word_1_200' title='bbox 276 2595 417 2631; x_wconf 77' lang='lat' dir='ltr'>Germ.</span> <span class='ocrx_word' id='word_1_201' title='bbox 439 2593 528 2636; x_wconf 77' lang='lat'>131.</span> <span class='ocrx_word' id='word_1_202' title='bbox 550 2592 618 2630; x_wconf 81' lang='lat' dir='ltr'>fol.</span> <span class='ocrx_word' id='word_1_203' title='bbox 645 2592 747 2637; x_wconf 79' lang='lat' dir='ltr'>36v).</span> <span class='ocrx_word' id='word_1_204' title='bbox 768 2592 893 2629; x_wconf 83' lang='lat' dir='ltr'>Alter</span> <span class='ocrx_word' id='word_1_205' title='bbox 911 2593 999 2640; x_wconf 89' lang='lat' dir='ltr'>ejus</span> <span class='ocrx_word' id='word_1_206' title='bbox 1018 2591 1137 2636; x_wconf 85' lang='lat' dir='ltr'>filius,</span> <span class='ocrx_word' id='word_1_207' title='bbox 1160 2591 1404 2635; x_wconf 81' lang='lat' dir='ltr'>Ludovicus,</span> <span class='ocrx_word' id='word_1_208' title='bbox 1431 2593 1512 2639; x_wconf 78' lang='lat' dir='ltr'>jam</span> <span class='ocrx_word' id='word_1_209' title='bbox 1538 2591 1687 2628; x_wconf 90' lang='lat' dir='ltr'>dudum</span> <span class='ocrx_word' id='word_1_210' title='bbox 1714 2592 1755 2629; x_wconf 88' lang='lat' dir='ltr'>in</span> 
     </span>
     <span class='ocr_line' id='line_1_27' title="bbox 119 2651 1756 2700; baseline -0.002 -9"><span class='ocrx_word' id='word_1_211' title='bbox 119 2654 326 2692; x_wconf 82' lang='lat' dir='ltr'>Societate</span> <span class='ocrx_word' id='word_1_212' title='bbox 355 2658 455 2690; x_wconf 85' lang='lat' dir='ltr'>erat.</span> <span class='ocrx_word' id='word_1_213' title='bbox 485 2653 650 2690; x_wconf 88' lang='lat' dir='ltr'>Tertius</span> <span class='ocrx_word' id='word_1_214' title='bbox 669 2653 735 2700; x_wconf 89' lang='lat' dir='ltr'>qui</span> <span class='ocrx_word' id='word_1_215' title='bbox 756 2653 929 2689; x_wconf 88' lang='lat' dir='ltr'>Romam</span> <span class='ocrx_word' id='word_1_216' title='bbox 949 2665 1055 2689; x_wconf 87' lang='lat' dir='ltr'>nunc</span> <span class='ocrx_word' id='word_1_217' title='bbox 1075 2652 1132 2688; x_wconf 87' lang='lat' dir='ltr'>ire</span> <span class='ocrx_word' id='word_1_218' title='bbox 1152 2652 1310 2697; x_wconf 75' lang='lat' dir='ltr'>dicitur,</span> <span class='ocrx_word' id='word_1_219' title='bbox 1328 2651 1504 2698; x_wconf 83' lang='lat' dir='ltr'>Jacobus</span> <span class='ocrx_word' id='word_1_220' title='bbox 1523 2653 1756 2698; x_wconf 83' lang='lat' dir='ltr'>appellatur</span> 
     </span>
     <span class='ocr_line' id='line_1_28' title="bbox 120 2711 1756 2762; baseline -0.002 -11"><span class='ocrx_word' id='word_1_221' title='bbox 120 2714 225 2762; x_wconf 85' lang='lat' dir='ltr'>apud</span> <span class='ocrx_word' id='word_1_222' title='bbox 244 2714 434 2757; x_wconf 69' lang='lat' dir='ltr'>HANSEN‚</span> <span class='ocrx_word' id='word_1_223' title='bbox 456 2714 531 2750; x_wconf 87' lang='lat' dir='ltr'>loc.</span> <span class='ocrx_word' id='word_1_224' title='bbox 554 2713 634 2759; x_wconf 67' lang='lat' dir='ltr'>cit,</span> <span class='ocrx_word' id='word_1_225' title='bbox 655 2712 737 2758; x_wconf 78' lang='lat'>307,</span> <span class='ocrx_word' id='word_1_226' title='bbox 760 2718 896 2750; x_wconf 85' lang='lat' dir='ltr'>annot.</span> <span class='ocrx_word' id='word_1_227' title='bbox 917 2712 951 2749; x_wconf 76' lang='lat'>2.</span> <span class='ocrx_word' id='word_1_228' title='bbox 974 2712 1039 2749; x_wconf 90' lang='lat' dir='ltr'>De</span> <span class='ocrx_word' id='word_1_229' title='bbox 1067 2713 1113 2749; x_wconf 80' lang='lat' dir='ltr'>[r.</span> <span class='ocrx_word' id='word_1_230' title='bbox 1144 2711 1346 2749; x_wconf 82' lang='lat' dir='ltr'>Anselmo</span> <span class='ocrx_word' id='word_1_231' title='bbox 1373 2712 1488 2760; x_wconf 86' lang='lat' dir='ltr'>cujus</span> <span class='ocrx_word' id='word_1_232' title='bbox 1516 2712 1578 2748; x_wconf 88' lang='lat' dir='ltr'>hic</span> <span class='ocrx_word' id='word_1_233' title='bbox 1606 2712 1756 2748; x_wconf 86' lang='lat' dir='ltr'>mentio</span> 
     </span>
     <span class='ocr_line' id='line_1_29' title="bbox 120 2771 1754 2820; baseline -0.002 -9"><span class='ocrx_word' id='word_1_234' title='bbox 120 2774 176 2818; x_wconf 82' lang='lat' dir='ltr'>fit,</span> <span class='ocrx_word' id='word_1_235' title='bbox 198 2774 387 2811; x_wconf 84' lang='lat' dir='ltr'>videntur</span> <span class='ocrx_word' id='word_1_236' title='bbox 405 2773 584 2820; x_wconf 84' lang='lat' dir='ltr'>intelligi</span> <span class='ocrx_word' id='word_1_237' title='bbox 603 2786 707 2820; x_wconf 87' lang='lat' dir='ltr'>quae</span> <span class='ocrx_word' id='word_1_238' title='bbox 727 2773 930 2810; x_wconf 83' lang='lat' dir='ltr'>habentur</span> <span class='ocrx_word' id='word_1_239' title='bbox 948 2773 989 2809; x_wconf 87' lang='lat' dir='ltr'>in</span> <span class='ocrx_word' id='word_1_240' title='bbox 1010 2772 1164 2809; x_wconf 77' lang='lat' dir='ltr'>Laz&#39;m&#39;z&#39;</span> <span class='ocrx_word' id='word_1_241' title='bbox 1181 2772 1389 2815; x_wconf 64' lang='lat' dir='ltr'>Monam..</span> <span class='ocrx_word' id='word_1_242' title='bbox 1408 2771 1476 2817; x_wconf 89' lang='lat' dir='ltr'>III,</span> <span class='ocrx_word' id='word_1_243' title='bbox 1500 2771 1580 2817; x_wconf 78' lang='lat'>116;</span> <span class='ocrx_word' id='word_1_244' title='bbox 1601 2771 1674 2817; x_wconf 75' lang='lat' dir='ltr'>IV,</span> <span class='ocrx_word' id='word_1_245' title='bbox 1696 2772 1754 2817; x_wconf 70' lang='lat'>46;</span> 
     </span>
     <span class='ocr_line' id='line_1_30' title="bbox 120 2832 1758 2880; baseline -0.002 -8"><span class='ocrx_word' id='word_1_246' title='bbox 120 2834 176 2880; x_wconf 91' lang='lat' dir='ltr'>V,</span> <span class='ocrx_word' id='word_1_247' title='bbox 195 2834 278 2880; x_wconf 67' lang='lat'>6243</span> <span class='ocrx_word' id='word_1_248' title='bbox 298 2835 613 2877; x_wconf 70' lang='lat' dir='ltr'>Rz&#39;badenez&#39;rcz‚</span> <span class='ocrx_word' id='word_1_249' title='bbox 635 2834 665 2879; x_wconf 75' lang='grc' dir='ltr'>Ι,</span> <span class='ocrx_word' id='word_1_250' title='bbox 690 2834 769 2877; x_wconf 81' lang='grc'>131,</span> <span class='ocrx_word' id='word_1_251' title='bbox 789 2834 875 2871; x_wconf 83' lang='grc'>297.</span> <span class='ocrx_word' id='word_1_252' title='bbox 901 2834 966 2870; x_wconf 90' lang='lat' dir='ltr'>De</span> <span class='ocrx_word' id='word_1_253' title='bbox 983 2846 1030 2870; x_wconf 89' lang='lat' dir='ltr'>eo</span> <span class='ocrx_word' id='word_1_254' title='bbox 1047 2833 1170 2870; x_wconf 86' lang='lat' dir='ltr'>etiam</span> <span class='ocrx_word' id='word_1_255' title='bbox 1186 2833 1271 2879; x_wconf 82' lang='lat' dir='ltr'>agit</span> <span class='ocrx_word' id='word_1_256' title='bbox 1286 2838 1421 2869; x_wconf 85' lang='lat' dir='ltr'>rector</span> <span class='ocrx_word' id='word_1_257' title='bbox 1436 2832 1600 2879; x_wconf 85' lang='lat' dir='ltr'>collegii</span> <span class='ocrx_word' id='word_1_258' title='bbox 1620 2833 1758 2869; x_wconf 82' lang='lat' dir='ltr'>nolani</span> 
     </span>
     <span class='ocr_line' id='line_1_31' title="bbox 121 2892 1756 2941; baseline -0.001 -10"><span class='ocrx_word' id='word_1_259' title='bbox 121 2895 162 2931; x_wconf 92' lang='lat' dir='ltr'>in</span> <span class='ocrx_word' id='word_1_260' title='bbox 180 2894 465 2931; x_wconf 75' lang='lat' dir='ltr'>informatione</span> <span class='ocrx_word' id='word_1_261' title='bbox 485 2894 580 2931; x_wconf 86' lang='lat' dir='ltr'>data</span> <span class='ocrx_word' id='word_1_262' title='bbox 598 2894 662 2931; x_wconf 92' lang='lat' dir='ltr'>die</span> <span class='ocrx_word' id='word_1_263' title='bbox 684 2894 727 2931; x_wconf 81' lang='lat'>13</span> <span class='ocrx_word' id='word_1_264' title='bbox 741 2894 840 2941; x_wconf 90' lang='lat' dir='ltr'>Julii</span> <span class='ocrx_word' id='word_1_265' title='bbox 862 2894 963 2939; x_wconf 65' lang='grc'>1559,</span> <span class='ocrx_word' id='word_1_266' title='bbox 986 2906 1090 2941; x_wconf 89' lang='lat' dir='ltr'>quae</span> <span class='ocrx_word' id='word_1_267' title='bbox 1110 2893 1317 2929; x_wconf 86' lang='lat' dir='ltr'>invenitur</span> <span class='ocrx_word' id='word_1_268' title='bbox 1343 2893 1382 2929; x_wconf 88' lang='lat' dir='ltr'>in</span> <span class='ocrx_word' id='word_1_269' title='bbox 1407 2893 1543 2929; x_wconf 85' lang='lat' dir='ltr'>codice</span> <span class='ocrx_word' id='word_1_270' title='bbox 1573 2892 1655 2929; x_wconf 79' lang='lat' dir='ltr'>Sic.</span> <span class='ocrx_word' id='word_1_271' title='bbox 1686 2893 1756 2935; x_wconf 81' lang='lat'>59,</span> 
     </span>
     <span class='ocr_line' id='line_1_32' title="bbox 122 2953 730 3002; baseline -0.002 -11"><span class='ocrx_word' id='word_1_272' title='bbox 122 2968 164 2991; x_wconf 90' lang='lat' dir='ltr'>n.</span> <span class='ocrx_word' id='word_1_273' title='bbox 188 2954 247 3001; x_wconf 82' lang='grc'>25;</span> <span class='ocrx_word' id='word_1_274' title='bbox 269 2954 380 3002; x_wconf 87' lang='lat' dir='ltr'>prius</span> <span class='ocrx_word' id='word_1_275' title='bbox 398 2953 445 2990; x_wconf 78' lang='lat'>22</span> <span class='ocrx_word' id='word_1_276' title='bbox 465 2954 614 2999; x_wconf 89' lang='lat' dir='ltr'>(deleto</span> <span class='ocrx_word' id='word_1_277' title='bbox 635 2953 730 3000; x_wconf 70' lang='lat'>124).</span> 
     </span>
     <span class='ocr_line' id='line_1_33' title="bbox 172 3014 994 3062; baseline -0.001 -11"><span class='ocrx_word' id='word_1_278' title='bbox 172 3017 180 3034; x_wconf 93' lang='lat'>¹</span> <span class='ocrx_word' id='word_1_279' title='bbox 233 3014 341 3051; x_wconf 88' lang='lat' dir='ltr'>Vide</span> <span class='ocrx_word' id='word_1_280' title='bbox 361 3014 561 3061; x_wconf 80' lang='lat' dir='ltr'>superius,</span> <span class='ocrx_word' id='word_1_281' title='bbox 582 3028 676 3062; x_wconf 85' lang='lat' dir='ltr'>pag.</span> <span class='ocrx_word' id='word_1_282' title='bbox 698 3014 781 3059; x_wconf 75' lang='lat'>569,</span> <span class='ocrx_word' id='word_1_283' title='bbox 803 3020 939 3051; x_wconf 85' lang='lat' dir='ltr'>annot.</span> <span class='ocrx_word' id='word_1_284' title='bbox 965 3014 994 3050; x_wconf 89' lang='lat'>1.</span> 
     </span>
    </p>
   </div>
   <div class='ocr_carea' id='block_1_5' title="bbox 123 3072 1758 3180">
    <p class='ocr_par' dir='ltr' id='par_1_6' title="bbox 123 3072 1758 3180">
     <span class='ocr_line' id='line_1_34' title="bbox 171 3072 1758 3122; baseline -0.003 -10"><span class='ocrx_word' id='word_1_285' title='bbox 171 3075 183 3094; x_wconf 74' lang='lat'><strong>²</strong></span> <span class='ocrx_word' id='word_1_286' title='bbox 235 3074 481 3112; x_wconf 88' lang='lat' dir='ltr'>Coloniense</span> <span class='ocrx_word' id='word_1_287' title='bbox 511 3075 731 3122; x_wconf 87' lang='lat' dir='ltr'>collegium</span> <span class='ocrx_word' id='word_1_288' title='bbox 757 3075 878 3111; x_wconf 87' lang='lat' dir='ltr'>situm</span> <span class='ocrx_word' id='word_1_289' title='bbox 907 3080 994 3110; x_wconf 87' lang='lat' dir='ltr'>erat</span> <span class='ocrx_word' id='word_1_290' title='bbox 1024 3074 1062 3109; x_wconf 89' lang='lat' dir='ltr'>in</span> <span class='ocrx_word' id='word_1_291' title='bbox 1090 3073 1280 3120; x_wconf 86' lang='lat' dir='ltr'>paroecia</span> <span class='ocrx_word' id='word_1_292' title='bbox 1310 3072 1384 3110; x_wconf 77' lang='lat' dir='ltr'>Sti.</span> <span class='ocrx_word' id='word_1_293' title='bbox 1415 3073 1535 3120; x_wconf 89' lang='lat' dir='ltr'>Lupi.</span> <span class='ocrx_word' id='word_1_294' title='bbox 1566 3072 1758 3115; x_wconf 67' lang='lat' dir='ltr'>HANSEN‚</span> 
     </span>
     <span class='ocr_line' id='line_1_35' title="bbox 123 3135 405 3180; baseline 0.004 -9"><span class='ocrx_word' id='word_1_295' title='bbox 123 3135 198 3172; x_wconf 90' lang='lat' dir='ltr'>loc.</span> <span class='ocrx_word' id='word_1_296' title='bbox 220 3135 302 3180; x_wconf 61' lang='lat' dir='ltr'>cit„</span> <span class='ocrx_word' id='word_1_297' title='bbox 322 3135 405 3172; x_wconf 80' lang='lat'>304.</span> 
     </span>
    </p>
   </div>
   <div class='ocr_carea' id='block_1_6' title="bbox 171 3194 733 3232">
    <p class='ocr_par' dir='ltr' id='par_1_7' title="bbox 171 3194 733 3232">
     <span class='ocr_line' id='line_1_36' title="bbox 171 3194 733 3232; baseline -0.002 0"><span class='ocrx_word' id='word_1_298' title='bbox 171 3196 184 3215; x_wconf 76' lang='lat'><strong>⁸</strong></span> <span class='ocrx_word' id='word_1_299' title='bbox 236 3195 432 3232; x_wconf 85' lang='lat' dir='ltr'>Matthias</span> <span class='ocrx_word' id='word_1_300' title='bbox 451 3194 733 3232; x_wconf 89' lang='lat' dir='ltr'>Bredenbach.</span> 
     </span>
    </p>
   </div>
  </div>
 </body>
</html>
