2051 3516
348 316 416 352 424
810 317 1031 354 LITTERAE
1058 318 1411 362 QUADRIMESTRES

303 420 454 462 amat,
482 420 533 455 ut
558 427 711 466 nuper
736 411 781 456 in
805 421 919 457 actu
953 411 1145 468 publico
1181 409 1393 461 suadens
1426 408 1820 454 adolescentibus
1854 409 1917 453 di-

302 488 513 544 ligenter
537 488 1012 544 circumspiciendum
1032 503 1152 544 quos
1172 486 1261 531 sibi
1281 485 1521 541 eligerent
1544 494 1911 542 praeceptores,

304 579 388 609 eos
413 565 590 610 dixerit
613 564 866 621 eligendos
901 565 979 621 qui
1014 564 1245 620 pietatem
1279 577 1390 607 cum
1424 561 1698 606 eruditione
1722 561 1917 606 coniun-

305 650 443 697 gunt,
471 641 657 696 qualeS,
683 640 886 697 addens,
912 640 1099 696 pridem
1126 639 1219 684 huc
1250 638 1443 683 uenisse
1466 637 1586 694 scio,
1613 637 1692 694 qui
1716 653 1811 683 non
1836 637 1917 682 mi-

305 717 410 762 nori
435 732 556 762 cura
580 717 672 762 hoc
695 726 866 774 agunt,
895 728 945 762 vt
970 715 1187 771 discipuli
1212 714 1324 760 boni
1348 714 1444 759 sint
1468 722 1614 769 atque
1638 721 1690 758 ut
1713 713 1857 758 docti.

368 796 410 838 ὃ.
480 793 559 838 Ad
592 793 715 838 haec
748 801 947 838 senatus
982 793 1083 849 ipse
1118 790 1319 836 maioris
1352 790 1398 835 in
1433 789 1537 835 dies
1569 805 1659 834 nos
1692 789 1827 834 facit.
1855 788 1925 834 Illi

309 869 455 915 etiam
480 871 560 926 qui
583 869 795 926 suspecti
820 869 1081 914 admodum
1115 876 1225 912 sunt
1258 867 1541 923 haereseos,
1568 874 1706 912 tanto
1729 881 1817 911 nos
1841 866 1923 910 ho-

306 962 426 991 nore
451 946 687 1000 afficiunt‚
716 954 768 991 vt
804 946 1039 991 miremur
1076 944 1353 1001 plurimum.
1383 943 1486 988 Imo
1520 951 1720 988 senatus
1750 942 1847 987 iam
1878 942 1923 987 in

307 1023 361 1067 iis
384 1038 509 1078 quae
534 1023 595 1068 ad
619 1022 994 1068 uniuersitatem
1029 1021 1289 1078 pertinent,
1320 1028 1492 1065 nostro
1526 1019 1593 1064 uti
1629 1019 1790 1076 coepit
1813 1034 1924 1064 con-

307 1100 429 1145 silio,
458 1099 521 1145 Et
551 1100 663 1145 licet
697 1100 742 1144 id
775 1100 928 1144 semel
964 1108 1153 1144 tantum
1178 1097 1364 1142 factum
1399 1097 1477 1153 sit,
1512 1111 1745 1153 magnum
1779 1096 1926 1152 quod-

310 1176 421 1221 dam
462 1187 625 1221 tamen
676 1184 793 1231 puto
833 1175 960 1232 quod
1012 1174 1151 1219 nobis
1202 1182 1391 1219 tantum
1441 1172 1654 1218 confidit,
1702 1172 1927 1230 Denique

309 1269 477 1298 omnes
501 1253 575 1297 hic
600 1252 933 1298 feruentiores
961 1251 1093 1305 fiunt;
1116 1266 1228 1296 nam
1252 1265 1363 1295 cum
1387 1258 1535 1295 antea
1559 1249 1927 1294 examinatores

312 1344 428 1374 raro
453 1344 622 1373 omnes
656 1338 704 1374 et
741 1329 788 1373 in
823 1337 1046 1384 tempore
1080 1327 1326 1383 adessent,
1354 1326 1397 1371 in
1422 1334 1673 1383 postremo
1697 1326 1791 1370 hoc
1813 1341 1926 1371 exa-

311 1405 438 1450 mine
463 1419 657 1461 semper
683 1420 853 1450 omnes
878 1413 926 1449 et
949 1419 979 1449 a
1003 1402 1241 1464 principio
1275 1402 1337 1447 ad
1371 1402 1515 1447 finem
1540 1417 1693 1458 usque
1716 1404 1821 1447 fere
1846 1400 1925 1446 ad-

312 1482 525 1527 fuerunt.
568 1481 694 1527 Cum
735 1490 848 1526 ante
888 1481 933 1526 in
973 1479 1278 1537 imperfectis
1309 1479 1515 1534 actibus,
1553 1478 1748 1536 quando
1782 1479 1926 1524 baca-

311 1558 466 1604 laurei
492 1559 593 1603 sine
618 1558 865 1614 magistris
899 1557 1336 1614 promouebantur,
1373 1555 1516 1612 pauci
1546 1566 1924 1611 praeceptorum

311 1635 484 1680 adesse
518 1634 879 1689 consueuerint3
906 1634 998 1679 hoc
1022 1642 1257 1678 autumno
1283 1631 1537 1677 affuerunt
1560 1632 1928 1677 examinatores

312 1727 496 1757 omnes.
522 1710 663 1766 Quae
688 1710 894 1756 mutatio
918 1710 963 1755 in
986 1709 1222 1755 facultate
1243 1708 1525 1765 theologica
1548 1707 1683 1754 facta
1705 1708 1783 1764 sit,
1805 1707 1928 1753 alias

314 1788 599 1845 scripsimus
636 1789 667 1833 ¹.
703 1788 890 1844 Magna
924 1786 1071 1832 etiam
1106 1785 1260 1839 breui,
1301 1801 1464 1842 spero,
1500 1784 1580 1831 fiet
1614 1785 1657 1830 in
1692 1784 1930 1830 facultate

314 1865 509 1911 artium.

370 1942 412 1987 Ο.
479 1943 526 1986 Α
566 1952 739 1986 senatu
780 1941 851 1985 his
890 1940 1061 1986 diebus
1100 1940 1345 1997 quoddam
1386 1939 1569 1985 factum
1603 1948 1691 1995 est,
1725 1939 1928 1985 multum

314 2018 508 2075 quidem
533 2017 883 2074 desideratum,
910 2017 994 2062 sed
1019 2016 1213 2062 minime
1233 2025 1562 2073 expectatum.
1585 2014 1797 2061 Senatus
1816 2031 1928 2061 con—

318 2096 497 2141 sultum
523 2094 581 2140 de
605 2094 869 2140 haereticis
888 2094 1188 2151 expellendis
1212 2093 1396 2139 factum
1422 2102 1512 2138 est.
1535 2093 1648 2138 Duo
1672 2101 1930 2138 senatores

320 2172 684 2218 haereticorum
719 2171 1044 2228 inquisitores,
1072 2172 1149 2216 uel
1173 2171 1334 2228 potius
1367 2171 1658 2227 expulsores
1682 2169 1931 2215 constituti

315 2258 441 2294 sunt.
485 2248 547 2293 Hi
587 2263 695 2293 cum
736 2247 945 2293 inuentis
978 2263 1072 2292 non
1106 2248 1310 2292 multum
1344 2247 1607 2303 disputant,
1643 2246 1729 2292 sed
1764 2262 1930 2303 quam-

314 2340 521 2380 cumque
546 2324 821 2380 opinionem
846 2324 1043 2380 habent,
1070 2332 1118 2368 et
1147 2323 1373 2379 quamuis
1407 2323 1587 2379 optime
1622 2339 1731 2368 eam
1765 2322 1928 2367 defen-

314 2402 432 2446 dere
458 2401 660 2457 possint,
689 2400 727 2445 si
753 2409 918 2446 tamen
940 2399 1091 2445 nostri
1112 2415 1206 2445 non
1226 2409 1353 2455 sunt,
1376 2399 1422 2444 id
1441 2409 1530 2456 est,
1552 2399 1796 2452 catholici,
1818 2415 1931 2445 con-

314 2479 517 2523 stituunt
552 2478 643 2523 illis
676 2488 868 2534 tempus
902 2477 1032 2522 intra
1063 2477 1192 2533 quod
1216 2476 1412 2522 ciuitate
1436 2477 1694 2534 excedant,
1722 2476 1848 2533 quod
1883 2476 1929 2522 ni

319 2556 519 2610 saciant,
557 2555 602 2600 in
643 2555 842 2600 uincula
873 2537 1148 2599 coniiciunt.
1188 2553 1336 2599 Faxit
1371 2554 1506 2599 Deus
1540 2563 1591 2599 ut
1625 2554 1670 2599 id
1706 2554 1929 2599 foelicem

317 2648 568 2677 sucessum
608 2632 810 2676 habeat.
852 2630 996 2687 Quod
1034 2631 1073 2675 si
1107 2630 1206 2687 fiat,
1246 2629 1452 2676 Colonia
1488 2646 1680 2688 semper
1719 2630 1934 2676 manebit

320 2709 470 2753 fidelis
495 2724 732 2753 romanae
758 2707 1012 2753 Ecclesiae
1037 2706 1149 2752 filia.
1919 2708 1927 2714 ’

378 2785 442 2830 lO.
511 2786 782 2830 Praeterea
806 2784 975 2829 uicinis
999 2784 1187 2841 populis
1213 2785 1448 2842 paulatim
1480 2785 1641 2841 magis
1675 2784 1932 2830 innotescit

317 2862 554 2914 ‚Societas
582 2863 625 2906 in
658 2861 893 2907 conuiuiis
923 2861 981 2906 de
1015 2877 1074 2906 ea
1104 2862 1383 2918 loquuntur,
1422 2877 1546 2907 unus
1580 2862 1765 2918 laudat,
1803 2862 1931 2907 alter

317 2939 580 2994 uituperat.
609 2938 734 2984 Cum
754 2938 1080 2995 quarumdam
1105 2938 1357 2984 ciuitatum
1381 2938 1583 2984 Hansae
1609 2939 1763 2996 legati
1788 2938 1934 2984 Colo-

366 3106 375 3124 ¹
430 3103 535 3140 Vide
555 3104 750 3147 superius,
773 3117 863 3149 pag.
889 3104 965 3147 138,
987 3104 1064 3149 184,
1084 3103 1250 3140 234-235.

2035 1495 2051 1646 J—auss-..Ass
2032 1392 2046 1473 -‘''
