2051 3516
380 310 425 346 24
845 311 1064 348 LITTERAE
1090 310 1442 356 QUADRIMEs'rREs

336 405 548 460 quentia.
576 403 673 450 Sed
698 405 809 450 istis
831 412 848 431 ²¹
870 406 1086 450 breuiter
1110 405 1363 460 absolutis,
1391 405 1453 450 ad
1478 406 1575 463 illa,
1602 407 1744 463 queis
1771 405 1832 462 [Ρ]
1857 410 1950 449 ter-

335 481 437 525 tius
459 482 721 526 tractandi
742 482 881 526 locus
905 482 1125 534 debetur,
1155 483 1259 526 jam
1280 482 1627 537 procedamus
1648 482 1681 527 b.

398 558 464 603 1Ο.
531 558 653 603 Nihil
676 574 794 603 sane
819 558 895 603 hie
919 559 1092 604 attinet
1117 574 1205 603 nos
1230 559 1433 602 multum
1452 568 1627 604 eontra
1647 558 1818 614 impias
1838 573 1949 614 quo<

336 635 542 679 rundam
569 635 890 680 bohemorum
915 635 960 679 in
985 651 1091 691 noS,
1130 635 1224 679 imo
1257 635 1300 679 in
1326 635 1481 690 ipsum
1516 635 1693 691 Deum,
1731 635 1950 690 blasphe-

333 711 456 755 mias
480 710 756 766 digladiari.
784 711 886 755 Nos
909 711 1035 756 enim
1060 711 1125 755 illi
1148 720 1379 766 tanquam
1415 710 1871 755 excommunicatos
1904 719 1951 755 et

335 787 619 843 deploratos
644 787 863 832 homines
887 787 1138 839 damnant,
1161 787 1336 843 quippe
1361 787 1437 843 qui
1463 796 1648 843 septem
1670 787 1803 842 deos,
1830 786 1952 831 haee

334 873 519 920 septem
558 874 890 920 sacramenta,
933 864 999 909 uti
1039 864 1191 917 aiunt,
1233 864 1520 915 habeamus;
1567 878 1619 907 se
1664 878 1787 907 uero
1829 877 1951 919 puro

335 941 516 986 Christi
542 941 800 996 euangelio
825 941 1100 986 adhaerere
1125 950 1172 985 et
1196 940 1403 985 credere
1428 940 1668 995 iactitant,
1696 954 1754 984 ae
1789 939 1948 996 proin-

333 1018 391 1063 de
431 1020 574 1074 (bone
609 1017 762 1073 Deus)
798 1033 942 1073 quam
977 1017 1185 1072 turpiter
1219 1032 1279 1062 ae
1312 1015 1547 1072 nepharie
1581 1015 1630 1060 S.
1670 1014 1948 1072 pontificem

333 1104 658 1149 caeterosque
698 1094 950 1149 praelatos
988 1108 1189 1149 nosque,
1234 1093 1380 1138 ueluti
1421 1108 1593 1137 eorum
1631 1092 1853 1137 alumnos
1892 1106 1952 1136 ae

334 1171 596 1225 ministros,
623 1169 904 1214 traducunt.
932 1168 1102 1225 Neque
1126 1179 1291 1214 tamen
1317 1168 1510 1225 plurimi
1544 1169 1700 1213 etiam
1724 1167 1949 1213 catholici

334 1247 522 1303 desunt,
543 1247 621 1303 qui
639 1246 775 1290 nobis
798 1247 918 1291 haee
937 1261 1086 1302 saepe
1106 1245 1341 1303 referant,
1363 1246 1440 1302 qui
1460 1246 1573 1291 dum
1594 1261 1684 1302 pro
1704 1245 1781 1302 pio
1800 1259 1951 1302 quem

333 1340 456 1380 erga
490 1339 577 1368 nos
603 1323 788 1367 habent
811 1322 1014 1377 affeetu,
1042 1332 1088 1367 et
1112 1323 1374 1367 condolere
1399 1323 1461 1367 ob
1485 1337 1796 1367 communem
1821 1322 1947 1366 cala·
2019 1311 2022 1315 Δ

333 1401 572 1456 mitatem,
599 1410 645 1444 et
669 1415 757 1444 nos
781 1399 1027 1444 consolari
1052 1399 1286 1455 nituntur,
1308 1398 1359 1444 fit
1382 1408 1433 1444 ut
1457 1399 1562 1454 ipsi,
1584 1399 1757 1444 maiori
1783 1413 1949 1443 conso-

334 1478 514 1522 latione
534 1486 783 1532 pereepta,
802 1476 1088 1532 patientiam
1108 1485 1330 1521 nostram
1351 1491 1410 1520 ae
1426 1475 1849 1521 mansuetudinem
1868 1474 1949 1520 ad-

334 1554 589 1608 mirentur,
610 1562 656 1598 et
672 1553 991 1597 uehementer
1007 1553 1260 1608 gaudeant
1278 1553 1436 1597 Deum
1455 1568 1550 1597 non
1571 1552 1767 1597 omnino
1784 1552 1948 1608 despe-

333 1632 464 1676 xisse
488 1630 792 1684 Bohemiam,
816 1630 942 1685 quod
967 1630 1096 1674 tales
1120 1630 1163 1674 in
1189 1645 1296 1674 eam
1325 1630 1465 1674 uiros
1488 1629 1821 1674 introduxerit
1842 1635 1872 1673 ⁰.

396 1709 462 1753 11.
528 1707 659 1751 Idem
684 1707 829 1751 etiam
854 1706 1067 1751 nonnulli
1092 1706 1235 1751 dubii
1257 1706 1473 1750 hussitae
1498 1705 1733 1761 paulatim
1765 1710 1952 1761 sapere

335 1785 578 1830 uidentur
608 1783 625 1809 ‘¹
654 1785 683 1827 ¹.
722 1783 907 1839 Nuper
923 1784 1058 1828 enim
1082 1783 1293 1839 quidam
1318 1783 1376 1827 ol)
1396 1783 1655 1839 insz'gvzem
1675 1783 1817 1827 illam.
1841 1796 1950 1827 7203-

332 1866 443 1906 trae
463 1862 600 1906 [tilae
623 1862 701 1915 (Its
723 1861 913 1911 dicunt,
941 1875 998 1904 ac
1024 1875 1111 1915 per
1137 1860 1388 1916 regionem
1413 1869 1657 1916 spargunt
1679 1859 1799 1916 quie
1823 1859 1952 1904 forte

331 1937 531 1983 fortuna
554 1937 778 1981 cubicula
797 1936 984 1981 nobiles
1004 1936 1211 1992 ingressi
1231 1940 1366 1992 suns,
1389 1940 1436 1980 et
1453 1936 1660 1981 demum
1680 1935 1837 1993 (zlz'l'[?]
1864 1936 1953 1992 qni

330 2014 558 2063 fratrum
577 2012 856 2057 custodiam
879 2028 1110 2056 sensuum
1130 2013 1174 2056 in
1192 2012 1379 2068 templo
1399 2016 1445 2056 et
1463 2012 1645 2069 ubique
1663 2011 1949 2057 mirabilem

334 2091 589 2147 uiderunt,
627 2104 686 2134 ac
719 2090 780 2135 al)
804 2091 945 2134 anmi
970 2090 1127 2145 plane
1158 2091 1328 2146 specie
1361 2090 1488 2135 mali
1518 2090 1599 2134 laic
1634 2089 1811 2134 caeteri
1843 2102 1948 2133 nm-

333 2167 520 2223 m'feslo
554 2170 925 2222 cognouerzmt)
958 2167 1371 2217 sanctimonialum
1414 2167 1628 2222 (mirum
1657 2167 1709 2211 in
1743 2165 1950 2210 modum

332 2244 468 2288 enim
491 2257 666 2287 omnes
684 2257 747 2287 ex
763 2247 1071 2298 paupertate
1090 2247 1135 2287 et
1153 2243 1631 2300 cczsle'tatqfrcztrnm
1651 2257 1711 2287 [ze
1729 2242 1949 2287 Pczlrnm

333 2320 739 2376 aedificationem
763 2319 914 2373 long-e
939 2320 1225 2364 matriniam
1250 2320 1478 2375 eliciunt)
1502 2323 1652 2376 atque
1681 2319 1739 2363 ob
1772 2319 1949 2376 singu-

332 2396 494 2440 larem
519 2396 569 2440 in
595 2395 791 2439 arlz'lms
809 2396 1180 2450 promozlemz'z's
1204 2396 1533 2450 z‘ml'llslrt'am,
1555 2409 1670 2440 cum
1694 2395 1825 2440 Rdo.
1849 2390 1947 2439 Pa*—

332 2476 408 2516 tre
436 2474 670 2517 Vrsmaro
694 2472 1056 2528 {fcznzz'lz'arz'lls
1080 2471 1315 2529 conferre
1339 2476 1615 2527 coeperunt
1642 2470 1667 2525 f,
1695 2487 1756 2516 ex
1775 2471 1949 2527 quibus

380 2602 396 2621 a
442 2595 513 2630 his.
570 2595 633 2621 —b
653 2594 701 2629 de
720 2594 864 2640 quibus
882 2593 939 2630 2⁰
957 2595 1044 2630 loco
1063 2594 1274 2631 dicendum
1296 2599 1395 2639 erat,
1423 2595 1673 2631 accedamus.
1728 2602 1789 2621 -c
1816 2594 1948 2631 Socie-

333 2660 456 2690 tatem
490 2659 664 2689 nostram
692 2653 862 2689 duxerit.
918 2653 981 2680 —d
1003 2654 1152 2690 sentire
1182 2654 1379 2690 videntur.
1433 2661 1495 2681 -e
1516 2667 1605 2690 curn
1631 2654 1750 2690 enim.
1850 2653 1860 2680 f
1885 2666 1947 2690 cu-

333 2713 461 2748 bicula
492 2718 628 2748 nostra
652 2712 806 2748 nobiles
831 2713 994 2759 quidam
1023 2713 1195 2759 ingressi
1223 2719 1369 2757 essent,
1400 2725 1448 2749 ex
1476 2725 1614 2749 eorum
1645 2718 1881 2759 paupertate
1910 2718 1948 2749 et

332 2773 540 2814 lectorum,
567 2784 665 2817 quos
692 2772 776 2807 sine
796 2772 940 2817 plumis
960 2778 997 2808 et
1019 2785 1094 2808 vno
1113 2773 1294 2818 stragulo
1313 2777 1439 2808 tectos
1458 2784 1567 2808 more
1586 2772 1720 2808 italico
1739 2772 1945 2815 habemus,

334 2843 382 2867 ex
402 2831 579 2866 custodia
598 2842 786 2866 sensuum
806 2831 844 2866 in
866 2832 1010 2867 nostris
1030 2831 1218 2867 fratribus
1239 2837 1278 2867 et
1296 2831 1439 2867 decore
1467 2831 1507 2867 in
1531 2831 1651 2867 rebus
1678 2831 1873 2873 omnibus,
1903 2843 1948 2867 ac

334 2889 373 2925 in
400 2890 552 2925 artibus
579 2890 780 2925 tradendis
808 2890 1015 2933 industria,
1046 2891 1189 2926 mirum
1217 2891 1256 2926 in
1281 2891 1439 2926 modum
1459 2889 1655 2926 aedificati
1675 2894 1778 2934 sunt,
1801 2894 1947 2926 etcum

334 2947 455 2983 Patre
475 2953 608 2984 nostro
628 2954 783 2984 rectore
804 2948 1057 2985 familiariter
1081 2962 1205 2995 agere
1231 2955 1436 2996 ceperunt.

383 3050 391 3067 ¹
444 3048 558 3093 Quae
578 3054 800 3095 sequuntur
817 3050 993 3086 adhibita
1013 3055 1103 3086 sunt
1123 3051 1172 3086 ab
1192 3051 1331 3086 eodem
1352 3050 1559 3092 POLANCO,
1581 3049 1688 3092 ibid.,
1709 3050 1780 3085 385
1797 3062 1881 3095 sqq.

381 3109 393 3126 ²
445 3107 488 3143 P.
511 3107 728 3143 Ursmarus
749 3108 995 3153 Goissonius,
1018 3114 1148 3145 rector
1167 3110 1328 3155 collegii
1354 3109 1576 3155 pragensis.
