2051 3516
805 314 1041 343 PRAEFATIO
1635 315 1690 341 XV

105 416 179 452 tes
213 403 411 449 minime
450 402 496 448 in
535 402 830 459 poenitentis
869 401 1201 459 cognitionem
1237 400 1409 445 venire
1449 401 1660 456 possint>
1704 402 1734 445 ¹.

191 481 244 527 In
269 496 401 526 novo
426 479 611 526 Codice
634 479 768 539 Juris
803 478 1113 535 eclesiastici,
1150 478 1421 523 canonibus
1455 477 1542 522 880
1575 487 1622 522 et
1654 476 1741 523 890

105 559 280 605 eadem
306 557 532 603 firmatur
558 556 812 613 disciplina
836 555 896 601 de
925 555 1087 612 sigillo
1112 555 1284 600 stricte
1317 555 1566 600 servando
1601 563 1649 599 et
1682 554 1740 599 de

106 634 344 682 scientiae
388 649 476 691 per
516 632 879 678 confessionem
923 632 1198 689 acquisitae
1243 631 1398 677 vetito
1438 646 1545 683 usu,
1594 631 1741 676 etiam

105 714 293 769 absque
316 711 538 768 periculo
562 709 885 756 revelationis
907 708 994 754 sed
1019 724 1129 754 cum
1153 708 1453 766 gravamine
1488 707 1738 764 poeniten-

105 791 182 847 tis,
209 790 290 835 vel
313 788 463 834 etiam
487 788 590 833 sine
613 787 699 832 tali
723 786 1021 843 gravamine
1052 786 1090 831 si
1126 786 1189 830 ad
1223 785 1527 831 exteriorem
1562 785 1741 841 guber-

105 867 353 913 nationem
378 881 408 911 a
431 863 785 921 Superioribus
809 864 907 909 ullo
933 863 1078 909 modo
1103 862 1414 909 adhibeatur.

195 944 327 988 Ante
353 942 590 988 Codicem
615 950 799 998 autem,
827 940 905 986 die
937 941 966 987 9
998 941 1128 1000 Junii
1166 940 1293 996 1915,
1332 940 1377 985 in
1416 940 1742 985 instructione

107 1021 159 1067 S.
182 1020 346 1067 Officii
371 1019 431 1065 ad
458 1018 739 1064 ordinarios
763 1019 986 1064 locorum
1006 1027 1053 1063 et
1074 1016 1372 1074 Superiores
1392 1017 1741 1074 religiosorum

35 1092 41 1100 '¹
106 1099 209 1144 lata
234 1098 380 1154 (quae
411 1096 606 1153 quidem
641 1095 901 1141 instructio
935 1104 1038 1140 tam
1073 1095 1119 1140 in
1156 1096 1260 1152 ipso
1297 1093 1484 1140 Codice
1519 1110 1664 1151 quam
1698 1095 1742 1139 in

106 1174 328 1233 ejusdem
344 1173 749 1219 annotationibus
768 1172 952 1218 omissa
968 1172 1077 1229 est),
1097 1172 1221 1217 haec
1240 1181 1294 1217 ut
1313 1172 1542 1217 absoluta
1562 1171 1741 1229 agendi

106 1267 283 1297 norma
308 1250 616 1308 proponitur:
648 1265 734 1295 «ne
759 1250 872 1306 quid
897 1265 1132 1306 umquam
1156 1249 1503 1295 sacerdotes...
1542 1248 1602 1294 ad
1629 1264 1742 1294 con-

106 1327 332 1374 fessionis
356 1327 734 1373 sacramentalis
759 1327 1020 1372 materiam
1045 1326 1315 1382 pertinens,
1338 1326 1517 1382 quavis
1535 1326 1627 1371 sub
1646 1324 1743 1370 for-

106 1422 186 1452 ma
210 1415 258 1451 et
283 1406 459 1462 quovis
483 1406 573 1450 sub
597 1413 879 1461 praetextu,
907 1420 966 1449 ne
986 1404 1147 1449 obiter
1166 1404 1362 1460 quidem
1382 1413 1429 1449 et
1448 1419 1539 1449 nec
1558 1403 1744 1449 directe

104 1499 262 1540 neque
300 1483 537 1528 indirecte
577 1482 808 1539 (excepto
848 1497 969 1527 casu
1008 1481 1327 1526 necessariae
1366 1480 1746 1526 consultationis

103 1560 245 1619 juxta
269 1561 474 1617 regulas
498 1575 528 1605 a
551 1559 777 1615 probatis
801 1559 1093 1604 auctoribus
1124 1558 1338 1604 traditas
1371 1559 1742 1615 proponendae)

106 1639 151 1683 in
195 1638 295 1684 suis
339 1653 425 1683 seu
475 1637 683 1694 publicis
732 1653 819 1682 seu
872 1637 1082 1694 privatis
1131 1637 1446 1682 sermonibus
1495 1637 1745 1693 attingere

106 1716 377 1761 audeant...
405 1715 654 1760 Praedicti
679 1713 932 1760 Ordinarii
953 1723 1001 1760 et
1021 1712 1321 1771 Superiores
1339 1723 1746 1772 transgressores

106 1793 336 1850 graviter
360 1801 610 1846 moneant,
640 1792 887 1837 recidivos
911 1792 1148 1849 congruis
1171 1792 1342 1848 poenis
1366 1793 1657 1850 percellant,
1686 1808 1747 1838 ac

107 1871 152 1916 in
192 1871 391 1916 casibus
430 1870 752 1927 gravioribus
792 1867 1038 1926 Supremo
1078 1870 1190 1915 huic
1234 1868 1286 1915 S.
1335 1869 1596 1916 Tribunali
1641 1885 1745 1915 rem

107 1949 470 2006 quamprimum
495 1947 772 1993 deferant».

197 2025 360 2072 Etiam
405 2025 843 2082 quadrimestrium
888 2034 1175 2070 nostrarum
1218 2025 1492 2083 scriptores
1538 2026 1616 2071 vel
1662 2026 1743 2083 qui

108 2104 199 2149 illis
222 2104 473 2149 factorum
503 2102 882 2148 scribendorum
917 2112 1139 2159 segetem
1173 2103 1573 2160 suppeditabant,
1602 2103 1744 2160 profi-

107 2182 341 2227 tebantur
365 2189 501 2226 certe
525 2179 803 2225 doctrinam
838 2179 898 2225 de
931 2179 1094 2236 sigillo
1129 2180 1456 2226 confessionis
1489 2195 1739 2237 nunquam

107 2274 167 2304 ne
191 2258 430 2304 indirecte
453 2257 650 2315 quidem
674 2258 964 2303 reserando,
991 2246 1245 2303 Robertus
1273 2257 1575 2315 Claysonius
1601 2275 1647 2303 v.
1674 2273 1739 2314 g.,

108 2335 318 2381 Billiomi
342 2335 566 2381 scribens
590 2335 667 2380 die
689 2335 718 2381 9
740 2334 1007 2380 Februarii
1034 2335 1163 2392 1557,
1190 2351 1252 2381 ac
1276 2335 1336 2381 de
1361 2335 1528 2381 fructu
1553 2333 1742 2380 confes-

109 2414 300 2459 sionum
335 2412 600 2469 disserens,
638 2412 849 2458 arduum
886 2412 1001 2458 illud
1036 2422 1389 2468 argumentum
1425 2414 1659 2470 appellat,
1696 2422 1745 2458 et

113 2506 332 2536 «summa
356 2490 552 2548 quidem
577 2490 839 2547 prudentia
873 2500 921 2535 et
957 2490 1101 2547 sigilli
1137 2490 1463 2536 confessionis
1500 2490 1740 2547 religione

108 2578 338 2614 seruata»
367 2570 382 2593 2
406 2568 740 2625 tractandum,
769 2568 917 2614 nihilo
941 2579 1106 2613 tamen
1133 2569 1292 2614 minus
1326 2569 1492 2624 aliqua
1517 2568 1746 2624 exempla

159 2755 169 2773 ¹
220 2753 355 2798 LUGo,
379 2753 445 2790 De
461 2753 752 2797 Poenz’tentia,
775 2753 874 2800 disp.
896 2752 1052 2797 XXIII,
1074 2766 1111 2790 n.
1140 2753 1199 2795 0&
1227 2752 1269 2790 S.
1289 2752 1555 2796 ALPHONSUS,
1579 2754 1614 2790 T
1610 2754 1745 2791 1260ῖο-

106 2815 182 2859 gia
202 2813 398 2858 moralis,
420 2813 514 2850 edit.
537 2812 696 2855 Gaude,
719 2814 890 2857 Romae,
915 2813 1017 2855 1909,
1040 2817 1089 2849 tr.
1116 2812 1185 2855 VI,
1208 2814 1233 2849 l.
1255 2812 1330 2853 IV,
1352 2825 1384 2849 c.
1414 2813 1483 2859 ΙΙΙ,
1512 2826 1580 2849 nn.
1609 2813 1679 2850 654
1706 2820 1746 2851 et

110 2873 192 2919 657;
214 2873 358 2910 Homo
377 2873 655 2919 apostolicus,
672 2878 721 2909 tr.
744 2872 798 2916 16,
816 2886 854 2908 n.
875 2872 954 2917 15&
972 2871 1599 2916 GURY-BALLERINI-PALMIERI,
1631 2874 1745 2911 Com-

110 2932 326 2979 pendimn
352 2932 604 2978 leeologz'ae
623 2933 819 2974 moralis,
841 2933 905 2969 ed.
928 2933 980 2977 15,
999 2932 1047 2974 Π,
1065 2932 1146 2976 Πῶς
1165 2932 1423 2977 LEHMKUHL,
1441 2934 1502 2971 ed.
1524 2934 1577 2978 10,
1595 2933 1644 2979 II,
1662 2933 1743 2978 4673

112 2991 545 3032 GamcoT-SALMANS.
565 2993 625 3029 ed.
643 2992 677 3037 8,
695 2992 744 3036 II,
762 2992 843 3036 3893
864 2992 1086 3035 Pitumnum,
1103 2994 1113 3023 (
1128 2994 1151 3025 ).
1170 2992 1230 3035 R,
1249 2992 1316 3036 III,
1331 2993 1412 3037 447;
1431 2993 1566 3036 Pffiffl.
1586 2994 1747 3031 Cursus

120 3052 372 3097 Theologicze
391 3053 584 3095 moralis,
607 3051 681 3094 IV,
702 3051 784 3087 361.

161 3111 173 3129 ²
225 3110 346 3151 Infra,
368 3123 407 3145 n.
427 3111 485 3153 ⁴24,
509 3111 547 3147 in
568 3111 798 3147 litterarum
818 3116 933 3156 parte
953 3110 1111 3146 omissa.
