2051 3516
433 313 500 349 488
896 313 1114 350 LITTERAE
1142 313 1491 357 QUADRIMESTREs

383 423 477 464 quc
502 408 571 452 les
596 407 658 452 ha
682 406 809 452 dado
830 408 872 453 el
898 409 1042 466 velle,
1070 409 1139 453 les
1165 407 1222 453 de
1247 407 1290 453 el
1309 407 1510 463 ponerlo
1530 423 1620 464 por
1639 408 1762 452 obra
1779 424 1808 463 y
1830 408 1874 452 la
1894 423 1998 463 per-

383 482 696 537 seuerancia.

439 560 481 605 8.
550 559 668 604 Vna
693 575 810 604 casa
831 575 922 616 que
948 570 1122 606 estaua
1147 575 1238 616 par
1263 559 1320 604 de
1346 560 1392 604 la
1416 568 1620 604 nuestra
1645 575 1847 604 auemos
1873 574 1998 604 com—

382 636 556 693 prado,
584 651 675 692 que
700 638 942 682 teniamos
967 637 1111 681 harta
1136 635 1399 680 necesidad
1423 642 1440 662 ³
1461 635 1603 692 della,
1632 651 1720 691 por
1742 635 1789 680 la
1825 636 2000 680 mucha

383 712 671 757 estrecheza
685 727 779 768 que
793 715 1034 757 teniamos
1048 728 1106 757 en
1120 712 1166 756 la
1187 710 1756 768 nuestra3yas1'juntado
1776 727 1838 756 vn
1859 712 1998 756 huer-

384 799 432 834 to
453 805 546 846 que
564 791 698 834 tensa
716 803 807 833 con
828 797 937 834 otro
957 798 1177 844 nuestrO,
1199 803 1379 844 parece
1399 803 1491 844 que
1511 797 1730 833 tenemos
1750 803 1909 844 agora
1934 789 1999 833 al-

383 881 517 922 guna
542 880 659 910 cosa
683 880 740 909 en
767 881 858 922 que
883 880 971 909 nos
1001 864 1241 920 espaciar.
1279 863 1336 908 El
1360 862 1519 908 Senos
1543 879 1631 908 nos
1666 864 1724 908 de'
1749 879 1803 907 su
1828 864 2001 919 gracia

385 958 506 998 para
527 958 618 998 que
638 941 849 998 siempre
868 957 956 986 nos
976 956 1148 986 vamos
1168 940 1536 996 augmentando
1557 956 1616 985 en
1636 940 1816 996 virtud‚
1831 957 1860 996 y
1879 956 2001 996 para

383 1017 535 1063 sentir
558 1035 588 1074 y
613 1017 999 1075 perfectamente
1024 1017 1231 1074 cumplir
1255 1032 1311 1061 su
1335 1027 1478 1061 santa
1504 1017 1756 1062 voluntad.
1786 1017 1827 1061 Y
1847 1033 1905 1061 cn
1931 1018 2001 1062 los

384 1095 655 1152 sacrificios
673 1112 703 1152 y
728 1096 989 1151 oraciones
1013 1096 1070 1140 de
1091 1094 1158 1139 V.
1186 1094 1240 1139 P.
1267 1111 1297 1150 y
1317 1094 1375 1138 de
1400 1094 1542 1139 todos
1568 1104 1795 1139 nuestros
1819 1095 2000 1139 charis-

384 1172 533 1216 simos
558 1171 746 1216 Padres
764 1188 794 1228 y
819 1172 1081 1216 hei-manos
1106 1171 1362 1215 deseamos
1387 1170 1562 1215 mucho
1583 1186 1662 1215 ser
1682 1171 2000 1216 encomenda-

385 1247 489 1293 dos.
514 1248 589 1292 De
613 1246 914 1292 Salamanca
936 1250 964 1292 O
987 1247 1045 1292 de
1072 1247 1270 1291 Henero
1299 1246 1424 1292 1558.

472 1324 548 1369 De
573 1324 639 1369 V.
668 1324 720 1369 Ρ.
749 1323 846 1381 hijo
871 1341 900 1381 y
926 1324 1090 1369 sieruo
1114 1339 1170 1368 en
1198 1324 1242 1368 el
1266 1322 1440 1378 Senon

1507 1421 1534 1468 †
1558 1417 1768 1464 GASPAR
1796 1420 1824 1463 ¹.

476 1513 573 1558 Por
598 1513 857 1558 comission
880 1513 952 1558 del
982 1512 1142 1557 Padre
1168 1522 1337 1557 rector
1362 1513 1391 1557 ².

474 1590 764 1645 Inscriptio.
791 1592 821 1645 †
844 1591 937 1635 Ihs.
965 1591 1021 1635 A]
1044 1606 1158 1646 muy
1178 1590 1302 1635 Rdo.
1326 1605 1384 1634 θη
1405 1589 1554 1635 Chi-o.
1578 1590 1754 1644 Padi-e,
1782 1592 1820 1635 el
1844 1591 2014 1649 Padi-e=

388 1676 605 1713 maestro
629 1668 846 1724 Laynez,
868 1667 1055 1713 vicario
1079 1667 1284 1723 general
1309 1667 1367 1711 de
1393 1667 1439 1712 la
1459 1666 1736 1723 Compasii'a
1761 1668 1817 1712 de
1841 1668 1999 1726 jesus.

390 1744 463 1790 En
488 1744 665 1790 Roma.

476 1821 653 1879 Sigillz·
673 1822 964 1878 vestigium.

435 1982 451 2002 ὃ
499 1975 647 2022 superi.
677 1975 781 2012 add.
813 1977 857 2011 in
890 1986 1048 2020 marga:
1073 1979 1296 2011 servatum
1324 1978 1470 2011 tamem
1490 1975 1584 2019 fiscis
1611 1977 1654 2012 in
1684 1977 1875 2023 exemplo
1902 1978 2005 2013 colo—

390 2046 542 2072 meust.

389 2191 558 2224 quorum
578 2178 646 2214 ille
667 2183 775 2213 artes
795 2189 865 2213 seu
885 2176 1189 2223 philosophiam,
1212 2176 1272 2212 hic
1298 2176 1479 2222 linguam
1506 2189 1698 2224 graecam
1726 2177 1798 2214 hoc
1827 2184 2004 2224 tempore

389 2239 428 2274 in
447 2237 748 2274 salmanticensi
768 2237 1032 2273 universitate
1052 2236 1232 2279 docebat,
1255 2241 1293 2272 et
1313 2242 1483 2282 uterque
1510 2236 1754 2274 Societatem
1784 2251 1888 2274 anno
1918 2239 2006 2274 1558

389 2298 596 2343 ingressus
614 2302 686 2336 est.
708 2302 750 2332 ut
769 2301 925 2332 constat
945 2309 995 2332 ex
1013 2297 1177 2342 antiqua
1197 2296 1297 2331 libro
1318 2308 1388 2332 mS.
1412 2297 1451 2332 in
1470 2309 1548 2342 quo
1568 2297 1729 2333 nomina
1758 2310 1909 2338 eorum,
1939 2298 2003 2343 qui

390 2357 427 2393 in
447 2356 620 2403 collegio
639 2356 939 2393 salmanticensi
960 2356 1287 2397 admittebantur,
1310 2362 1448 2392 notata
1467 2362 1572 2392 sunt.

439 2418 447 2435 ¹
501 2416 604 2453 Cum
626 2417 762 2462 plures
781 2416 898 2464 hujus
917 2416 1087 2451 nominis
1107 2422 1241 2452 essent
1261 2417 1329 2453 illo
1349 2422 1529 2462 tempore
1556 2416 1595 2452 in
1622 2416 1821 2462 provintia
1850 2416 2005 2453 Castel-

391 2477 454 2512 lae
474 2477 526 2520 (ν.
548 2488 587 2522 g.
610 2475 770 2522 Gaspar
789 2475 949 2518 Astete,
974 2474 1134 2522 Gaspar
1153 2476 1200 2511 de
1225 2476 1402 2517 Duenas‚
1425 2475 1585 2522 Gaspar
1600 2476 1647 2511 de
1664 2474 1846 2512 salazar*-
1866 2481 1903 2512 et
1920 2477 2002 2512 nul-

390 2537 472 2572 lum
492 2537 720 2582 catalogum
746 2535 908 2582 collegii
934 2535 1254 2571 salmanticensis
1286 2536 1403 2583 hujus
1434 2535 1527 2572 anni
1560 2536 1793 2577 habeamus,
1827 2536 1924 2571 nihil
1957 2536 2005 2572 de

391 2595 586 2641 epistolae
606 2600 769 2631 auctore
789 2594 922 2631 dicere
942 2594 1148 2631 audemus.

438 2655 449 2674 ²
500 2654 544 2691 P.
566 2654 902 2690 Bartholomaeus
922 2653 1178 2690 Hernandez.
