2051 3516
591 279 1002 315 148.-1x‹;01⁴sm1>10
1034 277 1074 313 18
1102 277 1260 314 MAR‘ru
1290 278 1380 314 1338
1681 277 1751 312 575

170 373 321 418 diensi
346 373 551 430 singulis
575 373 716 417 annis
740 373 945 430 exigere
969 373 1221 422 debemus
1250 373 1378 429 quod
1410 373 1548 417 nobis¹
1584 387 1796 417 commo-

169 449 274 493 dius
299 459 389 505 est,
417 465 562 506 quam
598 449 635 494 si
673 449 715 493 in
753 449 1082 494 immobilibus
1117 450 1264 493 rebus
1299 449 1407 494 illos
1442 449 1795 505 constituisset,

168 541 280 571 cum
320 527 496 572 minori
536 527 708 572 labore
748 543 807 571 ac
847 526 1031 571 certius
1066 526 1128 570 ab
1163 526 1488 571 uniuersitate
1524 527 1616 571 hac
1651 526 1798 583 (quae

167 602 305 647 diues
328 613 402 648 est
427 612 474 648 et
498 603 786 659 pecuniosa>
823 618 908 647 eos
942 602 1146 659 exigere
1183 603 1455 653 ualeamus
1491 618 1635 658 quam
1662 618 1691 647 a
1716 602 1796 647 do-

168 695 362 724 morum
388 680 467 724 uel
493 695 658 724 rerum
685 695 1092 736 quarumcumque
1127 679 1447 724 immobilium
1488 680 1796 725 conductori·

166 757 272 812 bus;
301 756 381 812 qui
406 756 695 813 plerumque
732 757 806 801 uel
844 757 911 802 ita
946 771 1192 813 pauperes
1226 765 1353 813 sunt,
1381 766 1433 801 ut
1467 758 1545 801 uel
1580 756 1795 814 difficile,

164 833 243 877 uel
269 833 399 877 nullo
426 842 572 889 pacto
598 848 799 877 censum
825 833 1041 878 debitum
1074 833 1258 888 possint
1296 834 1602 888 persoluere,
1629 834 1706 877 uel
1739 833 1797 889 (si

166 909 343 954 diuites
367 910 479 967 sint)
505 926 600 954 non
626 910 694 955 ita
719 910 810 955 illis
835 910 1073 966 pecuniae
1099 919 1380 965 suppetant,
1409 920 1459 954 ut
1484 910 1584 954 suis
1610 920 1796 967 tempo-

166 987 302 1031 ribus
327 987 614 1043 persoluere
639 987 840 1043 possint.

222 1063 263 1109 6.
328 1063 418 1109 His
441 1080 636 1120 quoque
661 1064 831 1109 diebus
865 1064 1093 1120 princeps
1112 1074 1281 1107 noster
1301 1062 1501 1108 Patrem
1523 1063 1793 1118 Canisium,

164 1141 227 1185 acl
251 1156 303 1186 se
328 1141 645 1186 Monachium
671 1151 949 1197 euocatum,
977 1139 1335 1196 Strabingham
1355 1139 1501 1197 (quae
1525 1157 1622 1186 una
1642 1151 1716 1186 est
1735 1157 1797 1186 ex

165 1227 379 1274 quatuor
418 1217 665 1274 precipuis
705 1218 777 1262 sui
818 1218 1017 1262 dominii
1057 1216 1377 1273 ciuitatibus),
1415 1217 1611 1273 direxit,
1649 1227 1701 1262 ut
1735 1218 1798 1264 ibi

164 1293 554 1350 quadragesima
578 1294 669 1339 hac
694 1295 1101 1339 concionatorem
1127 1294 1350 1349 haberet;
1385 1294 1488 1339 eius
1519 1295 1647 1339 enim
1684 1295 1796 1340 ciui-

164 1371 280 1416 tatis
306 1380 478 1427 pastor
502 1387 562 1416 ac
586 1371 929 1428 concionator,
956 1380 1217 1427 postquam
1239 1380 1393 1416 totam
1417 1370 1521 1415 fere
1546 1371 1798 1416 ciuitatem

163 1448 426 1493 lutherana
459 1448 655 1493 haeresi
691 1448 758 1492 ita
794 1448 1212 1502 contaminarunt,
1257 1456 1307 1492 ut
1337 1447 1658 1493 difficilimum
1699 1448 1797 1493 iam

163 1524 225 1570 sit
249 1525 310 1569 ad
336 1525 633 1570 catholicam
659 1525 921 1570 ueritatem
941 1540 1049 1570 eam
1072 1539 1333 1580 reuocare,
1357 1539 1468 1569 cum
1487 1526 1629 1581 regis
1651 1531 1669 1551 ἃ
1698 1525 1798 1570 ani-

163 1618 296 1647 mum
332 1602 476 1647 ualde
510 1602 600 1647 sibi
636 1602 880 1647 infensum
921 1603 1294 1659 persensissent,
1323 1601 1642 1659 aufugerunt;
1671 1603 1797 1648 unde

162 1679 350 1725 factum
370 1689 460 1736 est,
484 1689 536 1724 ut
556 1680 738 1725 misera
758 1680 840 1725 illa
861 1680 1037 1725 ciuitas
1056 1680 1214 1724 sacris
1241 1680 1374 1725 hisce
1399 1680 1571 1724 diebus
1595 1690 1797 1736 pastore

164 1767 212 1802 et
246 1758 603 1802 concionatore
637 1757 786 1802 fuerit
822 1758 1013 1814 penitus
1048 1757 1300 1802 destituta.
1339 1756 1452 1814 Qua
1492 1757 1551 1802 de
1593 1773 1646 1803 re
1686 1773 1797 1802 cum

161 1835 286 1880 alius
310 1835 471 1880 nullus
494 1835 704 1880 inueniri
730 1835 962 1891 potuerit,
985 1835 1063 1891 qui
1090 1850 1265 1879 munus
1288 1835 1382 1879 hoc
1402 1835 1539 1880 obire
1563 1835 1794 1891 uoluerit,

160 1912 224 1957 ad
260 1912 461 1957 Patrem
497 1911 753 1957 Canisium
789 1921 987 1957 uentum
1023 1922 1113 1967 est,
1152 1912 1229 1957 cui
1263 1912 1522 1968 prouincia
1563 1913 1686 1957 haec
1725 1924 1798 1957 est

162 1990 410 2046 delegata,
455 2005 601 2046 quam
643 2005 828 2046 magna
867 1989 1016 2034 etiam
1043 1989 1061 2015 b
1106 1989 1352 2035 charitate
1389 1998 1463 2035 est
1502 2005 1792 2047 aggressus.

161 2066 288 2111 Cum
313 2066 465 2124 igitur
489 2067 617 2123 apud
643 2067 914 2124 principem
947 2067 1097 2112 Pater
1127 2066 1358 2112 Canisius
1393 2079 1585 2124 ageret,
1623 2083 1683 2113 ac
1718 2083 1794 2113 ne-

160 2143 446 2189 cessitatem
473 2144 722 2189 lectorum
747 2151 781 2199 ⁰,
810 2160 906 2201 qua
931 2144 1236 2199 distinemur,
1258 2161 1318 2190 ac
1342 2145 1471 2190 horti
1492 2145 1700 2191 alicuius
1719 2145 1796 2201 (eo

162 2221 290 2267 enim
316 2222 583 2278 caremus),
611 2237 706 2278 quo
731 2221 921 2267 animos
946 2222 1210 2279 aliquando
1253 2224 1484 2268 relaxare
1519 2238 1793 2280 possemus,

163 2299 227 2343 illi
262 2308 552 2355 exponeret;
587 2314 677 2355 pro
707 2298 846 2344 lectis
879 2309 1090 2356 centum,
1120 2315 1209 2356 pro
1244 2300 1390 2344 horto
1426 2315 1547 2345 uero
1588 2300 1796 2346 emendo

161 2376 503 2432 septingentos
527 2375 742 2420 florenos
768 2376 1021 2421 numerari
1045 2375 1198 2422 iussit.

220 2452 262 2498 7.
330 2452 512 2498 Libros
535 2467 730 2508 quoque
755 2453 924 2509 plures
948 2469 1163 2510 graecos
1198 2463 1244 2499 et
1279 2454 1457 2499 latinos
1492 2453 1632 2499 nobis
1666 2454 1796 2499 dono

163 2529 309 2585 dedit;
348 2529 698 2575 bibliothecam
735 2543 934 2587 quoque
964 2529 982 2557 ‘¹
1013 2531 1292 2588 egregiam,
1326 2546 1413 2576 sex
1444 2530 1645 2575 millium
1671 2546 1796 2587 pene

161 2606 418 2661 librorum,
446 2622 574 2663 quae
594 2607 1010 2663 praestantissimi
1032 2608 1139 2663 uiri,
1163 2608 1205 2652 in
1228 2608 1391 2653 multis
1412 2608 1560 2653 etiam
1580 2607 1797 2654 scientiis

161 2692 210 2728 et
234 2683 412 2739 linguis
436 2683 767 2737 eruditissimi,
796 2684 977 2729 domini
1009 2684 1377 2730 Vidmanstadii
1414 2687 1424 2709 ¹
1460 2685 1643 2741 fuerat,
1680 2685 1796 2731 libe-

208 2844 225 2864 a
296 2837 485 2884 principis
538 2839 603 2866 —b
641 2838 763 2874 etiam
785 2839 1004 2875 etiamms.
1058 2846 1121 2866 —c
1157 2839 1412 2875 lectulorum.
1468 2839 1532 2866 —d
1602 2841 1735 2877 etiam.

211 2971 219 2989 ¹
273 2969 442 3005 Indicari
472 2968 631 3005 videtur
656 2969 835 3015 Joannes
867 2970 1067 3006 Albertus
1102 2969 1450 3007 Widmanstadius
1477 2971 1710 3015 (Lucretius
1741 2972 1796 3009 di-

161 3030 264 3073 ctus)
284 3030 352 3075 qui
371 3029 591 3065 secundum
611 3030 769 3076 aliquos
789 3035 974 3066 auctores
993 3029 1089 3065 obiit
1115 3042 1219 3065 anno
1249 3030 1354 3066 1557.
1388 3029 1451 3067 Cf.
1486 3031 1679 3074 HURTER,
1714 3032 1795 3068 JVO-

162 3089 406 3125 menclalor
422 3089 666 3125 litterarius
684 3089 933 3135 theologiae.
956 3088 1030 3133 IV,
1054 3088 1155 3134 129&
1186 3088 1544 3135 BRAUNSBERGER,
1566 3092 1640 3128 loc.
1659 3092 1741 3137 cit,
1764 3092 1793 3136 I,
