2051 3516
615 286 907 324 52fCA1=ANA
933 285 957 322 8
982 285 1093 332 MAJ1
1123 286 1212 322 1557
1609 288 1678 325 215

94 382 242 427 ciliati
269 391 396 427 sunt.
424 381 576 437 quue
601 396 697 426 non
731 389 924 426 tantum
948 379 1075 425 inter
1099 379 1349 436 italenses‚
1376 381 1460 425 sed
1485 382 1633 427 etiam
1658 383 1725 428 in·

92 469 169 504 ter
207 468 491 504 extraneos.
537 457 665 502 Nam
703 472 815 503 cum
852 456 1138 502 confratres
1181 466 1388 502 sanctae
1429 457 1668 503 Venerae
1710 462 1722 483 ¹

89 548 205 581 cum
241 534 552 580 confratibus
572 533 931 580 Giudimandre
956 534 988 589 ²,
1015 533 1096 590 qui
1120 533 1535 579 Annunciationis
1561 535 1723 581 dicun-

87 621 187 668 tur,
230 612 509 657 inimicitias
548 612 793 668 spuerent,
835 621 983 667 atque
1019 610 1193 656 modus
1228 611 1582 656 reconciliandi
1616 612 1724 657 illos

92 705 188 735 non
223 699 532 745 occurreret;
570 689 769 734 tandem
805 697 1014 744 rogatus
1048 703 1078 732 a
1112 687 1491 744 giudimandris,
1525 699 1579 733 vt
1613 704 1722 734 con-

91 766 284 812 cionem
309 765 527 822 aliquam
551 766 657 822 ipso
682 764 758 811 die
783 763 1212 820 Annunciationis‚
1243 780 1338 820 quo
1363 770 1380 790 ἃ
1420 765 1587 820 plures
1612 781 1722 810 con-

91 842 436 888 fraternitates
461 842 534 898 (vt
561 853 743 888 vocant
763 842 800 897 b)
825 841 1138 886 diuersorum
1157 841 1379 886 locorum
1399 852 1720 896 concurrunt,

91 935 168 964 me
204 920 412 965 libenter
447 919 541 964 illis
565 920 618 964 in
651 919 1084 975 praedicatwezrz,
1123 918 1236 962 istis
1268 932 1388 963 vero
1413 925 1429 945 ⁰
1462 918 1723 964 confratri-

90 997 180 1042 bus
205 1005 410 1041 sanctae
433 996 668 1042 Venerae
692 997 745 1041 in
769 995 1100 1051 capellanum
1124 994 1258 1051 deda)
1287 1004 1340 1040 vt
1363 995 1506 1040 simul
1531 1011 1723 1041 mecum

91 1075 153 1120 ad
176 1074 309 1119 illam
332 1074 701 1120 solemnitatem
725 1088 835 1119 sese
861 1072 1164 1127 conferrent,
1191 1072 1409 1118 diuinum
1435 1073 1499 1118 ibi
1534 1074 1722 1120 auditu-

90 1152 131 1197 ri
166 1150 399 1197 officium.
433 1151 581 1208 Quod
616 1151 731 1196 dum
765 1150 928 1195 debite
962 1149 1414 1206 processionaliter,
1444 1151 1589 1195 modo
1613 1166 1721 1203 SUO,

89 1227 294 1285 faciunt,
333 1243 506 1273 munus
541 1229 692 1274 etiam
727 1228 871 1274 diuae
895 1227 1099 1284 Virgini
1133 1226 1569 1286 confratribusque
1592 1228 1610 1254 d
1632 1228 1725 1272 illis

89 1304 325 1350 offerunt.
368 1306 504 1350 Vnde
539 1306 602 1351 illi
638 1316 924 1352 nostrorum
958 1307 1283 1353 humilitatem
1318 1307 1463 1352 simul
1496 1316 1543 1351 et
1577 1306 1723 1350 deuo-

89 1382 274 1428 tionem
298 1385 710 1441 contemplantes,
737 1400 835 1429 non
868 1395 1136 1441 potuerunt
1170 1401 1267 1430 non
1300 1384 1497 1429 veniam
1533 1392 1720 1440 petere,

88 1471 237 1515 atque
263 1460 547 1505 conuiuium
573 1477 895 1519 praeparare,
926 1471 977 1507 vt
1001 1463 1145 1508 simul
1169 1463 1463 1520 gaudenteS‚
1492 1462 1538 1506 in
1564 1460 1723 1517 pristi-

89 1552 204 1582 nam
230 1537 450 1582 redirent
474 1539 756 1583 amicitiam.
788 1538 934 1595 Quod
959 1551 1007 1585 et
1031 1539 1217 1585 factum
1237 1550 1327 1585 est.
1625 1548 1628 1552 ”

147 1614 189 1658 4.
259 1613 388 1670 Quid
414 1615 598 1662 dicam?
620 1615 694 1661 Ita
720 1617 927 1672 populus
952 1617 1028 1662 hic
1053 1616 1292 1663 Societati
1317 1627 1521 1662 nostrae
1545 1627 1619 1662 est
1654 1615 1724 1660 af-

88 1691 264 1748 fectus,
295 1702 347 1737 vt
371 1707 483 1737 cum
510 1693 678 1748 quinto
713 1693 828 1738 Maii
864 1693 990 1740 Itala
1024 1695 1298 1751 discedens,
1336 1695 1474 1740 iuxta
1500 1694 1725 1738 volunta-

88 1778 188 1814 tem
223 1768 333 1814 Rdi.
370 1769 423 1815 Ρ.
462 1771 619 1816 nostri
652 1772 970 1827 prouincialis
994 1772 1079 1829 so.
1102 1773 1365 1829 jeronimi
1386 1772 1401 1796 3
1430 1786 1604 1816 versus
1630 1769 1722 1815 Ca-

88 1845 320 1891 thaneam
356 1846 449 1891 iter
483 1847 710 1893 facturus
743 1855 774 1905 8,
804 1849 1023 1895 multum
1046 1864 1101 1894 se
1122 1853 1340 1906 propter
1364 1853 1598 1894 nostrum
1622 1848 1722 1893 dis-

88 1936 292 1967 cessum
315 1923 487 1968 dolere
506 1925 881 1979 monstrabant,
903 1927 1129 1971 (licentes
1149 1942 1201 1971 se
1221 1937 1459 1982 tanquam
1479 1940 1601 1970 oues
1620 1924 1722 1970 sine

89 2008 292 2055 pastore
312 2004 627 2055 permanes&
669 2000 696 2057 f,
736 2018 996 2058 meumque
1032 2003 1305 2048 discessum
1340 2018 1448 2047 esse
1486 2012 1722 2058 tanquam

89 2061 325 2133 magnum
350 2077 441 2122 illis
468 2077 720 2134 flagellum
744 2080 976 2124 emissum
1002 2096 1030 2124 a
1056 2080 1285 2125 Domino.
1310 2080 1463 2137 Quod
1477 2080 1721 2124 siveram

88 2154 156 2197 sit
179 2149 485 2209 nescc'0;lzoc
509 2159 683 2201 tamen
707 2158 811 2202 scio
847 2172 926 2202 me
959 2171 1172 2203 semum
1209 2156 1474 2203 Societatis
1508 2170 1618 2201 esse
1652 2157 1724 2200 in·-

91 2230 283 2287 utilem,
311 2235 358 2276 et
380 2231 439 2276 ob
473 2233 566 2277 lzoc
603 2233 834 2289 amplius
867 2248 967 2279 mm
998 2235 1234 2291 profici&
1262 2234 1329 2279 Et
1352 2235 1475 2292 quia
1500 2234 1720 2289 sepf'a'zts,

92 2308 316 2353 aliorum
337 2309 639 2366 fregz'dz'tatz‘
660 2311 858 2356 mederi
879 2312 1048 2356 nescio
1084 2319 1116 2357 g.

150 2384 169 2393 ..ι

147 2395 190 2430 O.
257 2385 346 2431 His
382 2387 633 2432 mensibus
667 2388 846 2444 elapsis
882 2388 980 2445 legi
1014 2388 1249 2434 hebraice
1285 2398 1332 2433 et
1365 2403 1515 2444 grece
1540 2387 1722 2432 Leuiti·

139 2545 156 2565 a
200 2538 407 2585 haberem,
441 2552 533 2586 quo.
588 2540 654 2567 ab
698 2546 816 2577 vocat
848 2552 928 2578 ms.
983 2548 1047 2568 —C
1089 2541 1170 2578 illis
1201 2541 1342 2582 obtuli,
1378 2541 1446 2576 sed
1480 2548 1531 2576 et.
1586 2540 1651 2567 ——d
1684 2551 1723 2577 et

76 2597 371 2636 -confratribus
443 2606 505 2626 -e
553 2599 732 2637 facturus
752 2613 902 2637 essem.
970 2600 1025 2627 *f
1078 2601 1271 2648 relinqui.
1330 2608 1393 2634 —g
1428 2612 1721 2646 conquereren-

89 2663 166 2701 tur,
188 2671 278 2694 curn
298 2659 449 2705 alioqui
478 2671 555 2706 ego
583 2664 665 2696 tam
684 2660 759 2696 sim
786 2660 940 2697 inutilis
960 2661 1078 2697 huius
1100 2660 1315 2697 Societatis
1336 2671 1492 2695 seruus,

138 2790 146 2808 ¹
200 2788 285 2826 Sta.
310 2789 480 2826 Venera
499 2796 568 2826 aut
588 2790 840 2827 Veneranda
859 2791 990 2838 Virgo,
1012 2791 1053 2827 in
1074 2790 1214 2828 Sicilia
1233 2790 1394 2826 celebre
1420 2803 1567 2827 nomen
1587 2796 1626 2827 et
1644 2791 1722 2827 sin-

89 2849 279 2895 gularem
298 2850 452 2885 cultum
472 2849 626 2886 habuit.
650 2849 713 2887 Cf.
737 2849 1005 2892 CHEVALIER,
1027 2850 1439 2896 Ez'ohzblz'ogmplu'e,
1460 2849 1509 2889 H.
1530 2850 1636 2888 4641.

137 2908 149 2926 ²
200 2906 509 2953 Guidomandri,
527 2909 715 2956 oppidum
735 2908 900 2946 Siciliae
920 2923 1044 2956 prope
1064 2909 1222 2951 Italam,
1242 2921 1322 2945 non
1338 2910 1459 2956 longe
1475 2923 1498 2945 a
1513 2909 1719 2947 Messana.

89 2967 150 3004 Ita
184 2968 374 3004 scribitur
392 2970 498 3015 apud
518 2970 655 3013 Rossl‚
680 2969 874 3006 Indice...
894 2969 1006 3006 delle
1015 2969 1227 3014 sstazl'onl',
1249 2970 1390 3006 casali
1407 2981 1428 3006 e
1446 2970 1636 3007 colmellz·
1648 2970 1724 3007 che

91 3032 383 3073 compongono
402 3029 436 3064 il
454 3028 603 3074 Regno
622 3029 819 3066 d'llczlz'a.

140 3087 151 3105 ³
202 3086 479 3134 Hieronymus
497 3087 794 3125 Domeneccus.
