2051 3516
335 260 404 296 ‘261'
669 291 672 295 .
800 260 1015 297 LITTERAE
1043 261 1398 304 QUADfflMEs'sREs

290 354 517 400 Romam
552 356 788 400 rm'sz'mus
822 356 874 400 in
909 356 1106 400 octczztz's
1140 353 1378 398 Paschae
1402 353 1431 409 ¹,
1458 366 1590 409 quae
1623 353 1697 409 (κεῖ
1715 353 1907 411 fallor)

289 431 392 476 loco
426 431 884 488 qezczdrz'tnestm'um
918 431 1098 476 lmbem‘
1126 433 1381 486 poterunt.
1420 427 1573 473 Nmzc
1610 433 1783 474 tamen
1819 430 1904 474 ite-

288 520 405 551 7²an
427 507 596 562 paucis
623 506 1013 563 perstringemus
1037 506 1149 563 quid
1174 520 1341 550 rerum
1368 504 1566 560 Pragae
1597 505 1859 550 nobiscmn
1883 505 1904 526 a

289 593 484 639 agatur.
701 642 703 644 η

376 659 427 704 In
452 660 620 716 primis
645 675 814 705 omnes
847 676 1014 704 sumus
1047 659 1170 715 sani,
1197 668 1298 703 tum
1325 673 1552 713 corpore,
1579 666 1680 702 tum
1705 658 1776 713 (ut
1799 673 1903 714 spe·

289 736 363 792 ro)
397 736 567 792 spiritu
604 752 690 792 per
725 736 817 780 Dei
852 736 1017 791 optimi
1058 734 1254 779 maximi
1291 732 1698 778 misericordiam.
1736 734 1905 779 Nouos

287 812 469 869 aliquot
505 813 703 857 iuuenes
738 813 1038 866 recepimus,
1069 811 1145 867 qui
1170 826 1220 855 se
1255 811 1273 835 ¹³
1308 810 1353 853 in
1389 810 1612 854 omnibus
1648 811 1906 866 resignare

284 889 479 933 student
503 898 650 944 atque
674 888 719 932 in
745 889 914 932 domus
938 887 1111 932 officiis
1135 902 1242 932 sese
1267 896 1519 931 exercent.
1549 886 1712 943 Aliqui
1744 888 1903 933 solent

286 964 349 1008 ad
384 979 472 1008 nos
507 964 690 1020 uenire,
718 974 920 1008 orantes
955 973 1005 1008 ut
1041 963 1358 1018 recipiantur,
1386 975 1449 1006 ex
1481 962 1664 1018 quihus
1697 963 1903 1018 quidam

284 1039 567 1085 afficiuntur
601 1040 717 1096 iugo
753 1040 892 1085 suaui
931 1039 1111 1084 Christi
1148 1038 1399 1095 paulatim;
1427 1038 1626 1094 quidam
1660 1054 1781 1084 uero
1818 1039 1900 1084 im-

283 1116 527 1171 patientes
550 1123 565 1143 C
600 1116 850 1168 recedunt.
893 1116 1233 1160 Veruntamen
1259 1129 1322 1159 ex
1345 1115 1645 1160 huiusmodi
1667 1120 1897 1161 constan—

285 1196 359 1236 tes
389 1196 731 1247 persenerant
762 1193 936 1249 aliqui,
964 1206 1028 1236 ex
1060 1192 1242 1248 quibus
1275 1191 1518 1247 quendam
1552 1191 1570 1217 ‘¹
1606 1207 1900 1248 germanum

286 1269 537 1320 nouitium,
575 1270 892 1314 humillimum
918 1269 1013 1325 (qui
1039 1268 1418 1325 grammaticam
1443 1268 1614 1313 audire
1639 1269 1831 1314 solebat
1854 1270 1900 1314 in

284 1345 488 1401 priuatis
518 1346 731 1401 scholis),
758 1345 1090 1402 praefecimus
1125 1345 1267 1389 classi
1302 1360 1586 1402 puerorum⁷
1614 1345 1692 1401 qui
1726 1340 1907 1401 princi!

282 1422 361 1478 pia
398 1422 751 1478 grammatices
786 1423 1039 1466 recitante
1072 1431 1119 1466 et
1152 1422 1198 1466 hi
1232 1430 1343 1466 sunt
1377 1421 1674 1477 penultimae
1709 1422 1894 1468 classis.

280 1497 445 1542 Alium
482 1499 721 1553 quendam
756 1498 1086 1554 praefecimus
1117 1498 1342 1542 minimae
1368 1498 1512 1542 classi
1536 1513 1803 1553 puerorum
1834 1499 1897 1543 di-

280 1575 518 1620 scentium
542 1576 710 1630 legere
734 1584 781 1620 et
806 1575 1137 1631 alphabetum,
1159 1584 1207 1619 et
1230 1575 1306 1619 hic
1331 1583 1402 1619 est
1427 1574 1714 1631 bohaemus‚
1738 1585 1790 1620 ut
1814 1577 1898 1621 bo-

280 1651 500 1695 haemice
535 1651 686 1707 possit
720 1667 829 1696 cum
869 1651 938 1696 eis
972 1667 1141 1707 agere.
1181 1650 1465 1707 Gasparum
1500 1652 1514 1675 2
1552 1665 1672 1696 nero
1701 1651 1712 1678 f
1753 1653 1898 1698 classi

279 1726 498 1772 Floriani
538 1728 571 1783 3,
613 1727 658 1771 in
698 1743 793 1783 qua
831 1728 967 1784 pueri
1002 1728 1190 1772 discunt
1230 1728 1422 1783 quidem
1462 1727 1699 1784 principia
1732 1744 1898 1784 gram-

279 1804 483 1849 matices
508 1811 543 1860 g,
580 1805 662 1849 sed
689 1804 769 1849 alii
798 1804 1138 1861 prouectiores
1171 1814 1282 1849 sunt
1316 1804 1438 1860 aliis,
1466 1814 1613 1861 atque
1638 1805 1702 1850 illi
1727 1820 1756 1850 a
1780 1821 1896 1862 pau-

277 1880 346 1925 cis
381 1880 766 1926 hebdomadibus
801 1890 1068 1937 coeperunt
1102 1881 1273 1925 audire
1310 1880 1565 1926 Ciceronis
1599 1882 1896 1927 selectarum

277 1957 598 2012 epistolarum
644 1957 1021 2013 explicationem
1067 1957 1404 2002 bohaemicam
1449 1968 1496 2002 et
1535 1958 1891 2015 germanicam,

277 2034 390 2089 quia
415 2034 643 2079 altiorum
669 2044 778 2078 sunt
804 2034 997 2078 minime
1022 2049 1248 2090 capaces3
1275 2034 1361 2079 sed
1386 2045 1433 2079 et
1457 2035 1548 2079 hoc
1573 2035 1728 2090 ipsum
1753 2050 1893 2090 prae-

277 2110 420 2165 cipue
444 2110 665 2165 fecimus,
688 2119 740 2155 ut
764 2110 1085 2156 imbecillitati
1105 2120 1364 2167 parentum
1385 2110 1662 2168 satisfieret,
1685 2112 1764 2167 qui
1784 2127 1894 2156 con-

276 2187 611 2241 querebantur
633 2185 757 2230 filios
781 2202 895 2231 suos
919 2187 1034 2231 nihil
1058 2187 1188 2231 aliud
1213 2202 1358 2243 quam
1394 2187 1475 2232 illa
1507 2188 1647 2232 rudia
1682 2188 1890 2244 discere,

273 2277 363 2307 nec
388 2263 638 2319 progredi.
666 2263 816 2308 Tales
849 2273 962 2308 sunt
995 2263 1067 2308 his
1102 2264 1146 2308 in
1181 2264 1406 2319 partibus
1439 2274 1688 2321 parentes,
1716 2274 1766 2309 ut
1800 2264 1889 2309 nisi

275 2339 437 2384 statim
463 2355 695 2396 magnam
730 2339 944 2395 aliquam
978 2340 1299 2385 mutationem
1333 2341 1542 2385 uiderint
1577 2341 1622 2385 in
1657 2340 1819 2396 pueris
1844 2350 1894 2386 et

274 2415 567 2471 profectum,
596 2425 764 2471 putent
794 2416 907 2461 nihil
936 2416 1034 2460 sibl
1054 2415 1176 2461 fieri.
1204 2415 1375 2472 Itaque
1409 2418 1683 2462 consultum
1706 2416 1812 2471 fuit,
1841 2427 1892 2462 ut

319 2558 337 2575 ‘¹
388 2558 491 2602 apud
509 2570 590 2593 nos.
646 2557 709 2583 —b
746 2557 997 2592 admissimus
1016 2557 1116 2601 [sic],
1135 2557 1202 2602 qui
1217 2569 1259 2592 se
1276 2562 1390 2593 totos.
1448 2564 1505 2583 —0
1542 2557 1798 2603 impatientes
1814 2569 1892 2593 mo-

274 2628 355 2652 rae.
403 2615 467 2642 —d
499 2616 698 2661 quendam
719 2627 767 2652 ex
786 2616 859 2652 his.
905 2622 967 2642 -e
999 2621 1184 2652 tractant.
1230 2615 1287 2641 —f
1330 2628 1424 2652 vero
1440 2621 1632 2653 nostrum.
1675 2623 1740 2650 —g
1771 2615 1913 2652 Haec*

275 2675 303 2708 ,ἶ
324 2686 386 2710 vv.
402 2676 529 2720 prins
544 2675 692 2717 oblim,
710 2675 810 2711 dein
828 2676 1024 2711 restituta
1040 2678 1144 2710 sunt
1154 2676 1331 2720 punctis
1346 2675 1465 2720 instra
1478 2676 1644 2720 positis.

324 2807 327 2821 ¹
386 2804 490 2839 Vide
510 2816 640 2849 supra,
663 2816 753 2849 pag,
776 2803 853 2840 172.
874 2803 998 2839 Forte
1018 2803 1067 2839 ad
1087 2804 1178 2839 illas
1197 2803 1353 2839 alludit.

322 2864 332 2880 '³
385 2862 490 2897 Vide
511 2875 601 2908 pag.
623 2861 680 2904 21,
703 2868 836 2898 annot.
860 2862 890 2898 1.

320 2923 330 2937 ”
382 2920 494 2962 Ιϋὶἀ.,
516 2926 649 2957 annot.
670 2920 703 2956 3.
727 2921 771 2956 In
790 2921 954 2968 antiquo
974 2921 1181 2965 «catalogo
1200 2919 1368 2956 fratrum
1389 2920 1647 2966 germanicae
1672 2920 1891 2966 superioris

274 2978 530 3015 Provinciae»
555 2980 652 3023 (cod.
677 2979 814 3016 Gemn.
836 2980 924 3023 131,
946 2979 1012 3017 fol.
1032 2980 1118 3022 ⁶237)
1135 2980 1279 3015 dicitur
1294 2992 1343 3015 ex
1359 2978 1593 3015 Carinthea.
1616 2978 1739 3015 Anno
1760 2979 1851 3015 1560
1869 2991 1890 3015 e

272 3036 475 3074 Societate
494 3038 676 3073 dimissus
692 3038 775 3075 fuit.
796 3037 858 3075 Cf.
877 3039 1235 3083 BRAUNSBERGER,
1258 3038 1422 3075 Cam'siz‘
1440 3040 1577 3083 epist„
1594 3037 1642 3082 Π,
1660 3038 1740 3083 717,
1758 3037 1839 3074 735.
