2051 3516
558 293 817 330 86.—EBoRA
842 293 885 331 31
914 293 1107 330 Ant-‚usn
1137 294 1226 330 15:37
1583 295 1653 332 349

67 389 316 446 tar-gensis
341 398 388 434 et
411 389 451 434 is
474 389 571 445 qui,
598 389 852 434 cardinale
876 389 1097 446 absente,
1123 389 1228 434 eius
1250 390 1327 435 hic
1352 406 1615 446 personam
1650 401 1699 437 et

67 465 422 510 authoritatem
456 465 680 521 sustinet,
717 479 866 524 quern
895 465 1224 522 prouisorem
1258 466 1480 511 dicimus
1504 469 1552 512 ¹.·
1572 467 1698 514 Fue-

67 550 181 586 runt
204 550 470 598 praeterea
494 541 575 586 alii
601 542 695 588 viri
719 542 849 587 docti
873 557 937 587 ex
959 542 1312 587 canonicorum
1345 543 1569 596 concilio,
1598 545 1696 600 qui-

66 619 158 663 bus
181 618 406 664 omnibus
429 619 550 663 satis
574 619 736 664 oratio
760 619 843 664 illa
865 618 1062 675 placuit,
1091 634 1239 675 quam
1274 635 1370 664 non
1404 621 1561 665 solum
1588 637 1695 666 ver-

65 695 156 750 bis,
182 695 270 740 sed
295 695 430 740 multi
455 695 603 740 etiarn
629 695 896 752 lachrymis
926 696 1286 752 approbarunt.
1326 696 1399 741 Eo
1434 696 1587 753 igitur
1622 698 1697 743 die

64 782 290 817 nostrum
315 772 581 829 collegium
605 773 735 828 quod
768 773 831 818 ab
865 787 924 817 eo
961 773 1324 829 postulabatur,
1353 773 1625 819 liberaliter
1650 784 1698 820 et

64 849 141 905 pie
166 848 477 905 praestisisse
512 850 673 894 visum
699 861 787 895 est.
815 849 926 894 Hoe
949 850 1156 907 quidem
1190 864 1254 894 ex
1277 864 1332 895 eo
1352 851 1522 908 facile
1556 852 1696 896 intel·

64 926 162 983 ligi
196 930 376 983 potest,
414 927 552 983 quod
588 927 864 983 episcopus
903 927 1183 984 targensis,
1221 942 1337 972 cum
1371 941 1428 972 eo
1462 928 1576 985 ipso
1615 929 1697 973 a'ie

64 1002 212 1058 apud
242 1016 336 1047 nos
373 1008 626 1060 coe-naret,
668 1004 1046 1049 liberalissimis
1084 1004 1252 1049 verbis
1290 1005 1444 1051 Patri
1481 1005 1645 1051 Leoni
1682 1008 1696 1031 ²

62 1079 400 1136 omnibusque
424 1080 567 1125 nohis
590 1081 927 1138 confirmarit,
963 1095 1018 1126 se
1051 1083 1229 1127 omnia
1259 1097 1392 1140 quae
1424 1087 1546 1127 tnnc
1581 1089 1720 1129 acta*

63 1160 233 1201 essent
263 1157 493 1213 principi
524 1158 786 1203 cardinali
807 1158 822 1182 3
848 1159 1128 1215 magnifice
1152 1161 1526 1215 expositurum.
1565 1160 1699 1206 Erat

62 1234 200 1278 enini
223 1234 501 1290 episcopus
522 1235 772 1291 postridie
799 1235 1162 1292 Oly'sipponem
1188 1237 1259 1281 aa'
1280 1237 1519 1294 reginam
1543 1239 1559 1262 4
1584 1252 1695 1284 con·

60 1310 338 1355 solandam
375 1311 723 1368 profecturus.
764 1311 1102 1369 Quapropter
1123 1314 1390 1359 maximas
1413 1314 1699 1361 immortali

60 1386 171 1432 Deo
191 1388 404 1444 gratias
438 1390 665 1445 agimus,
707 1403 739 1434 a
773 1390 922 1434 eiu'ns
954 1390 1082 1434 llaec
1116 1391 1293 1436 onznia
1327 1391 1551 1437 bonitate
1576 1397 1694 1448 pro-

46 1464 233 1521 fluunt
254 1468 303 1509 et
324 1466 473 1510 cuius
497 1465 737 1518 beneficio
759 1471 1134 1513 sustentantur.
1162 1467 1305 1513 Haec
1329 1482 1457 1526 sunt,
1491 1470 1695 1516 colende

60 1540 226 1597 Pater,
257 1557 383 1598 quae
407 1542 467 1587 de
492 1552 776 1588 nostrorum
802 1544 1079 1589 studiorum
1110 1544 1278 1591 fructu
1311 1546 1425 1591 mihi
1450 1557 1695 1592 venerunt

63 1618 109 1662 in
133 1628 366 1664 mentem.
394 1619 538 1665 Nunc
562 1620 754 1677 reliqua
778 1637 1154 1678 persequamur.

115 1695 160 1740 5.
228 1694 393 1740 Primo
429 1697 559 1752 quod
589 1697 651 1742 ad
675 1707 874 1742 nostros
908 1699 1198 1745 sacerdotes
1233 1700 1425 1757 attinet,
1462 1703 1692 1757 permulti

58 1786 232 1816 eorum
257 1788 429 1829 opera,
453 1773 709 1830 diligentia
727 1784 776 1819 et
800 1775 1015 1820 consiliis
1038 1775 1144 1822 fieri
1168 1778 1367 1823 student
1392 1778 1568 1824 cotidie
1593 1795 1695 1825 me-

59 1848 222 1894 liores.
266 1849 362 1906 Qui
403 1851 596 1906 quidem
632 1863 745 1897 tum·
773 1853 993 1909 peccatis
1032 1855 1213 1900 crebro
1247 1855 1553 1914 confitendis,
1590 1855 1694 1902 tum

58 1927 378 1973 concionibus
402 1929 533 1984 apud
559 1945 648 1974 nos
672 1930 944 1986 audiendis,
973 1940 1076 1976 tum
1107 1933 1256 1977 etiam
1291 1933 1491 1979 assidua
1525 1950 1692 1980 sacro-

58 2005 216 2050 sancti
241 2007 466 2062 corporis
489 2005 622 2052 Chri.
646 2008 940 2064 sumptione,
969 2009 1204 2055 mirificos
1228 2011 1275 2055 in
1300 2011 1484 2056 virtute
1504 2011 1693 2058 faciunt

58 2097 374 2137 progressus,
404 2099 711 2140 magnosque
735 2086 935 2142 capiunt
960 2086 1168 2132 fructus.
1197 2088 1362 2145 Atque
1397 2089 1454 2134 iis
1488 2091 1621 2134 nulla
1644 2090 1691 2134 in

59 2174 112 2204 re
137 2160 293 2204 nostri
317 2162 610 2206 sacerdotes
634 2162 827 2209 desunt.
878 2187 881 2189 ·
1648 2215 1651 2217 .

114 2235 158 2282 6.
227 2236 405 2294 Neque
429 2239 502 2283 eis
524 2239 692 2284 solnm
716 2246 931 2296 operam
955 2241 1098 2298 (lant,
1125 2243 1220 2287 secl
1240 2243 1397 2288 etiam
1420 2249 1579 2300 saepe
1608 2244 1691 2289 a'ie

59 2326 119 2357 ac
142 2317 285 2357 nocte
310 2314 372 2358 ab
398 2316 630 2371 aegrotis
653 2318 904 2367 accersiti,
932 2332 1017 2363 eos
1045 2319 1128 2362 vel
1148 2319 1445 2376 confitentes
1474 2324 1691 2376 peccata

58 2390 295 2447 audiunt,
331 2388 414 2435 vel
443 2392 497 2436 vi
527 2393 692 2437 morbi
724 2394 952 2451 afflictos
985 2396 1332 2453 consolantur,
1365 2397 1447 2441 vel
1468 2398 1689 2453 astata-

57 2480 174 2511 rntn
199 2481 374 2512 reruni
399 2483 576 2514 amore
599 2474 647 2514 et
668 2471 981 2527 cogitatione
1005 2473 1077 2517 ad
1098 2487 1180 2518 res
1198 2474 1411 2518 a'izn'nas
1431 2475 1692 2519 anzana'as

57 2547 106 2587 et
136 2544 549 2591 considerandas
582 2552 843 2605 reuocant,
881 2549 962 2593 vel
993 2549 1213 2607 denique
1252 2551 1317 2595 iis
1356 2551 1691 2596 morientilnts

54 2626 266 2676 praesto
300 2612 434 2668 sunt.

115 2697 157 2742 7.
226 2699 511 2745 Praeterea
536 2701 796 2747 interdum
819 2717 873 2748 se
908 2705 960 2748 in
995 2718 1256 2749 carcerem
1286 2705 1575 2762 colfferunt,
1607 2706 1692 2751 vbi

105 2924 115 2942 ¹
169 2923 232 2961 Cf.
254 2938 346 2971 pag,
365 2925 398 2969 8,
422 2932 557 2962 annot.
575 2926 609 2963 3.

104 2981 117 3001 ²
166 2982 212 3020 P.
234 2983 320 3020 Leo
338 2983 604 3032 Henriquius,
626 2987 790 3033 collegii
809 2993 953 3024 rector.

103 3041 116 3060 ³
167 3041 383 3087 Henricus,
401 3043 570 3091 Joannis
588 3046 698 3092 regis
718 3045 856 3083 frater.

104 3101 119 3120 ⁴¹
171 3100 408 3149 Catharina,
425 3103 594 3150 Joannis
612 3118 726 3149 uxor,
750 3105 890 3142 Caroli
914 3106 950 3142 V
970 3107 1224 3152 imperatoris
1243 3119 1368 3144 soror.
