2051 3516
339 330 409 367 266
804 331 990 367 LITTERA
999 341 1022 366 E
1050 330 1402 375 QUADRJMESTRES

293 440 510 471 saxones
537 425 730 481 milites,
759 425 965 481 contigit
1000 424 1287 469 Florianum
1324 431 1372 466 et
1395 420 1680 478 Gasparum
1706 423 1779 467 ire
1801 429 1818 449 ²¹
1852 422 1914 466 ad

292 502 595 554 concionem,
625 517 749 557 quae
774 501 922 545 fiebat
948 501 992 545 in
1018 500 1122 545 Sto.
1150 499 1355 558 jacobo,
1378 497 1657 543 salubriter
1678 502 1915 544 attrecta-

293 579 332 623 ti
352 582 474 623 sunt
502 578 535 623 ¹³.
565 577 688 623 Cum
723 586 885 622 autem
911 577 1106 633 quidam
1137 577 1332 621 illorum
1357 574 1560 619 militum
1585 575 1808 620 uiderent
1832 591 1912 620 no-

294 664 440 711 stros,
468 665 737 710 coeperunt
774 654 1153 710 blasphaemare
1188 656 1235 696 et
1268 652 1445 695 iurare
1468 666 1622 707 usque
1657 650 1719 696 ad
1753 659 1920 707 stupo-v

293 747 397 777 rem
421 731 626 776 hominis
660 730 874 775 cuiusuis
898 729 1003 775 sani
1030 728 1207 779 iudicii,
1236 728 1470 773 dicentes:
1498 728 1627 783 quod
1658 727 1790 783 ipsos
1814 743 1914 773 sus-

292 809 579 864 penderent,
606 807 835 863 uenitque
861 821 985 851 unus
1010 818 1055 851 et
1078 806 1223 850 trusit
1257 804 1541 861 Gasparum
1575 805 1911 861 uehementer,

294 885 362 930 ita
385 893 437 929 ut
461 899 617 940 paene
652 883 885 928 ceciderit
918 883 963 927 in
998 892 1201 928 terram.
1230 882 1341 937 Ipsi
1364 895 1484 925 uero
1509 880 1734 926 dicebant
1761 888 1792 926 C:
1821 896 1914 925 vos

294 961 505 1017 pessimi,
534 975 688 1016 quare
712 975 807 1004 non
830 959 970 1004 fertis
994 968 1158 1004 uestes
1193 958 1258 1002 uti
1294 959 1403 1003 nos?
1427 956 1555 1013 Quid
1589 957 1661 1002 sic
1689 956 1708 985 d
1739 957 1914 1003 incedi-

291 1038 373 1083 tis?
396 1037 563 1082 Nostri
587 1052 707 1081 uero
731 1036 978 1081 humiliter
1002 1051 1052 1080 se
1078 1036 1461 1080 substraxerunt
1485 1043 1533 1079 et
1557 1034 1802 1080 abierunt.

351 1115 392 1158 4.
461 1113 637 1158 Altera
673 1127 792 1157 uero
826 1112 902 1156 die
936 1112 982 1156 in
1018 1111 1207 1167 plateis,
1235 1127 1345 1155 cum
1371 1110 1505 1155 multi
1531 1126 1594 1155 ex
1618 1111 1707 1155 illis
1742 1111 1913 1156 obuia-

294 1194 407 1235 rent
434 1196 450 1216 e
491 1189 674 1233 nostris
710 1188 964 1244 (mirabilis
1001 1188 1242 1242 mutatio),
1270 1202 1437 1232 omnes
1472 1197 1519 1232 et
1553 1187 1733 1243 singuli
1767 1197 1916 1244 caput

293 1275 598 1323 aperuerunt
622 1274 929 1310 reuerenter.
958 1265 1020 1309 Et
1054 1265 1148 1309 hoc
1183 1274 1444 1320 utrumque
1479 1264 1676 1320 saepius
1708 1274 1754 1310 et
1786 1265 1914 1309 dim·—

291 1344 365 1388 δίε
386 1343 396 1369 f
431 1343 617 1388 factum
640 1342 744 1399 fuit,
772 1351 824 1387 ut
847 1341 993 1386 facile
1018 1349 1259 1397 appareat
1285 1341 1328 1385 in
1354 1341 1446 1386 hoc
1465 1341 1729 1385 ueritatem
1753 1357 1782 1386 a
1807 1356 1910 1397 pes-

292 1419 425 1465 simis
451 1420 600 1464 etiam
625 1418 897 1463 hominibus
922 1433 1016 1462 non
1042 1433 1184 1473 posse
1210 1433 1302 1461 non
1330 1417 1538 1463 laudari.

351 1496 393 1542 5.
461 1495 673 1552 Quidam
698 1497 820 1539 baro
847 1495 1015 1539 gcuius
1040 1493 1121 1538 filii
1145 1494 1346 1538 uisitant
1370 1503 1569 1539 nostras
1593 1494 1804 1549 scholaS,
1827 1494 1909 1539 mi-

292 1572 353 1617 sit
378 1572 450 1617 ad
470 1585 562 1616 1208
597 1585 757 1615 mzzmz
788 1576 1007 1626 porcum
1041 1574 1323 1615 llzacsm‘ztm
1359 1584 1637 1627 magnum:
1677 1584 1773 1615 aas
1808 1584 1912 1615 ma-

288 1662 457 1705 gnmn
492 1647 682 1705 butyri:
707 1647 853 1691 alind
891 1661 988 1691 uas
1016 1647 1358 1703 pinguedinis
1393 1647 1642 1702 porcinae
1672 1651 1768 1702 pro
1804 1660 1914 1691 con—

294 1724 497 1768 diendis
535 1723 681 1767 cibis:
719 1727 821 1767 tres
860 1736 1036 1767 caseos
1070 1736 1291 1779 magnos
1325 1722 1669 1767 bolzaemicos:
1692 1722 1913 1779 quadra-

290 1801 444 1857 ginta
479 1799 608 1844 alios
647 1800 872 1843 minores
910 1812 1084 1843 caseos
1123 1798 1408 1843 bollemicos
1447 1813 1562 1843 cnm
1600 1798 1803 1843 duabus
1844 1798 1915 1842 ui—

294 1876 417 1921 treis
436 1876 708 1933 fenestris,
737 1889 868 1932 quas
893 1875 1147 1931 persolztit
1178 1879 1225 1919 et
1258 1875 1436 1932 affixit
1470 1875 1659 1920 scholis
1687 1874 1722 1920 ¹¹.
1756 1875 1914 1931 Expe-

295 1961 487 1997 ctamus
511 1952 671 1997 adhuc
696 1952 818 1996 alios
843 1951 964 1996 duos
988 1951 1221 1996 nobilium
1248 1953 1488 1996 baronum
1506 1952 1652 2008 filios
1689 1950 1696 1977 ³
1719 1963 1915 1996 nostras

295 2029 490 2073 scholas
526 2028 830 2072 ztz‘sitatm'os
852 2028 886 2070 1,
917 2027 993 2072 Ex
1029 2027 1311 2072 ciuitatibus
1349 2037 1397 2073 et
1434 2028 1552 2073 locis
1587 2028 1759 2073 uicinis
1790 2027 1912 2074 Ger-

293 2104 487 2149 maniae
512 2104 711 2148 ueniunt
736 2103 1076 2148 adolescentes
1096 2105 1157 2149 ob
1182 2104 1358 2159 studia,
1387 2120 1513 2160 quae
1532 2104 1760 2149 dicuntur
1784 2105 1912 2161 apud

293 2179 531 2225 Sanctum
557 2179 862 2225 Clementem
887 2180 1075 2236 uigere;
1102 2181 1188 2225 sed
1212 2195 1323 2225 cum
1348 2196 1443 2225 non
1469 2181 1684 2226 habeant
1709 2181 1795 2226 ubi
1827 2181 1845 2207 ¹<
1863 2197 1915 2226 se

293 2256 479 2313 possint
504 2256 728 2312 recipere
755 2255 762 2282 ¹
797 2260 845 2300 et
864 2260 1170 2311 sustentare,
1199 2257 1275 2301 uel
1312 2257 1642 2311 remittuntur,
1672 2262 1764 2302 (ml
1785 2264 1811 2283 ¹¹¹
1836 2273 1913 2303 co-

292 2342 476 2390 guntur
500 2333 692 2378 uersari
719 2348 829 2378 cum
852 2333 1063 2387 hussitis,
1090 2333 1216 2378 inter
1241 2349 1361 2389 quos
1386 2335 1529 2389 plane
1553 2334 1912 2391 periclitantur,

294 2424 385 2454 nec
407 2409 610 2454 scholas
644 2413 850 2454 nostras
883 2409 987 2453 υἱεῖ
1017 2409 1323 2466 quandoque
1349 2411 1578 2455 ztl‘sz'tcmt.
1605 2410 1769 2466 Aliqui
1803 2419 1915 2455 sunt

295 2486 539 2539 catholici,
568 2485 646 2542 qui
673 2501 784 2530 cum
808 2485 1006 2530 hussitis
1029 2485 1268 2541 habitant,
1297 2501 1325 2530 a
1350 2486 1523 2543 quibus
1547 2496 1595 2531 et
1618 2486 1824 2531 sollicite
1849 2487 1913 2532 la-

294 2573 569 2619 cessuntur,
597 2563 636 2608 si
672 2579 766 2619 quo
801 2563 946 2607 modo
982 2562 1168 2619 possint
1202 2579 1231 2608 a
1264 2564 1444 2608 nostris
1478 2563 1659 2609 scholis
1689 2564 1909 2609 auocari.

293 2639 366 2684 Vt
390 2649 555 2685 autem
589 2639 661 2684 his
694 2639 835 2684 malis
869 2650 1183 2695 occurratur,
1211 2640 1404 2684 uidetur
1438 2656 1559 2692 opus
1594 2655 1701 2685 esse
1725 2639 1913 2696 tempo-

342 2876 359 2894 ἃ
404 2874 558 2904 euntes.
611 2869 673 2894 —b
707 2869 882 2915 colaphis
902 2869 1000 2905 cedi.
1057 2876 1116 2895 —C
1149 2869 1351 2905 Dicebant
1370 2875 1517 2906 autem.
1572 2870 1636 2897 -d
1681 2870 1916 2906 Hocv.su-
1953 2908 1956 2916 ,

293 2931 375 2972 pra
408 2938 514 2963 vers.
549 2928 700 2963 eadem
734 2940 871 2964 mam!
904 2929 1123 2965 additum.
1176 2935 1239 2954 —e
1286 2935 1557 2965 occurrerent.
1611 2928 1667 2956 —f
1733 2928 1913 2965 diuersis.

297 2994 361 3019 —14
394 2986 454 3021 vir
469 2987 624 3023 nobilis.
682 2988 744 3013 —11
790 2988 898 3023 misis
918 2988 1053 3024 multis
1071 2988 1196 3029 donis,
1223 3000 1336 3024 suam
1355 2988 1681 3024 bene-nolentiam
1700 2988 1743 3024 'in
1766 3001 1837 3024 nos
1855 2993 1915 3024 est

296 3049 477 3080 testatus.
524 3045 577 3071 -ῑ
626 3046 681 3086 <vt
702 3046 1133 3093 vocant)filiosquiad.
1182 3047 1234 3079 —l
1266 3046 1689 3093 propediemvenient.
1737 3047 1799 3072 —k
1820 3059 1910 3093 quo.

296 3102 352 3129 —l
405 3108 487 3139 luto
514 3104 708 3150 recipere.
762 3112 837 3131 -m
870 3107 949 3141 vel.
