2051 3516
638 295 910 332 50.—BURG1s
935 295 957 330 4
983 294 1091 340 MAJl
1121 295 1211 331 1557
1621 298 1691 334 205

874 541 949 593 50

592 653 943 700 ANTONIUS
979 653 1255 700 TORRES

676 766 823 792 ssCRG1s
849 756 871 792 4
897 766 991 803 MAJI
1022 757 1110 792 1557
1140 758 1163 793 ¹.

99 844 176 882 1-3.
205 844 432 881 Sociorum
451 855 664 881 numerus
684 849 723 882 et
741 847 1000 882 ministeria.
1012 846 1090 882 qli.
1122 846 1465 883 Etercitcztiones
1478 847 1736 892 spirituales

169 906 209 939 et
240 904 498 949 regularum
529 904 1203 941 observantia.—5.-Lz'ttemm'a
1222 904 1374 942 studia
1394 908 1433 941 et
1458 906 1735 941 exercitia.-

168 961 211 998 6.
244 962 397 1009 Aliqui
411 963 664 1000 scholastica·
679 964 740 1001 ad
757 965 1008 1010 religiosam
1022 967 1163 1001 vitam
1178 964 1472 1010 aspirant—7
1480 992 1486 998 .
1519 963 1736 1001 Obtrecta-

167 1024 279 1058 tores
297 1023 440 1068 aliqui
457 1026 607 1059 contra
628 1023 885 1061 Societatem
904 1025 1070 1061 latrare
1088 1035 1174 1061 non
1194 1024 1417 1069 desinunt,
1433 1024 1511 1061 sed
1526 1025 1645 1061 intra
1657 1028 1736 1070 pa-

170 1082 296 1118 rietes
312 1083 512 1128 privatos
531 1086 725 1120 tautum.

160 1176 198 1222 1.
265 1179 293 1227 †
327 1176 422 1222 Ihs.
450 1177 735 1224 Admodum
759 1179 884 1224 Rde.
912 1179 958 1224 in
989 1178 1141 1224 Chro.
1179 1179 1347 1225 Pater.
1385 1178 1492 1224 Pax
1528 1178 1732 1225 Christi.

96 1251 295 1310 [Multis
327 1254 496 1300 verbis
530 1256 667 1313 dicit,
706 1257 828 1301 novi
848 1256 979 1301 m'lzz'l
1001 1257 1053 1301 m
1078 1256 1290 1313 collegio
1315 1256 1601 1309 accidisse]
1627 1256 1732 1302 Iam

95 1341 260 1375 autem
284 1346 348 1376 ex
371 1346 546 1377 eorum
569 1336 606 1387 a,
634 1332 714 1388 qui
748 1332 794 1377 in
828 1333 922 1378 hac
955 1333 1102 1378 domo
1141 1343 1357 1389 manent,
1393 1333 1515 1378 satis
1548 1333 1733 1390 exiguo

94 1421 302 1453 numero
322 1407 484 1465 (quem
504 1409 635 1454 intra
653 1409 997 1455 duodecimum
1015 1410 1255 1466 proximis
1274 1410 1450 1456 litteris
1469 1408 1528 1455 T.
1548 1410 1600 1455 P.
1622 1426 1733 1456 con-

94 1483 271 1529 sistere
295 1484 573 1541 significaui
605 1486 656 1543 2)‚
694 1502 838 1532 nemo
872 1501 1079 1543 prorsus
1113 1497 1200 1532 aut
1232 1487 1505 1533 subductus
1540 1499 1613 1533 est
1647 1497 1735 1533 aut

93 1561 306 1618 additus,
342 1563 541 1608 tametsi
575 1562 593 1590 ¹³
623 1563 918 1619 quotidianis
953 1563 1398 1621 efflagitationibus
1432 1564 1554 1609 duos
1589 1564 1730 1615 alios.

93 1647 180 1683 aut
217 1638 281 1683 ad
321 1654 565 1684 summum
603 1649 723 1696 tres,
773 1640 1040 1696 superaddi
1080 1641 1452 1697 contendamus,
1499 1656 1610 1686 cum
1654 1642 1733 1698 qui

93 1715 271 1761 adsunt
304 1716 409 1761 sine
443 1717 591 1773 graui
625 1717 798 1763 labore
833 1726 881 1763 et
916 1718 1139 1774 plurimis
1174 1718 1450 1763 studiorum
1491 1719 1731 1764 intermis-

93 1792 310 1838 sionibus
330 1793 527 1850 collegii
551 1794 695 1839 huius
718 1794 993 1840 ministeria
1012 1795 1175 1840 omnia
1198 1796 1366 1841 subire
1385 1804 1471 1841 aut
1489 1796 1731 1842 tollerare

91 1880 355 1926 nequeant.
383 1871 464 1916 Ad
487 1871 612 1916 haec
635 1872 721 1917 uix
744 1871 837 1917 hoc
860 1873 1088 1928 proximo
1123 1873 1574 1930 quadragessimali
1609 1882 1729 1919 tem-

92 1962 212 2003 pore
241 1948 305 1992 ab
329 1948 585 1994 audiendis
611 1949 1022 2005 confessionibUS‚
1050 1965 1143 1996 nec
1167 1951 1337 2007 paucis
1361 1952 1556 2008 quidem
1581 1967 1729 2008 gene·

93 2023 296 2075 ralibus,
320 2025 538 2070 maximo
558 2041 670 2071 cum
689 2025 857 2072 fructu
876 2027 1119 2083 tantisper
1138 2039 1211 2073 est
1230 2038 1532 2074 caessatum.
1546 2029 1729 2074 Mendi-

91 2116 262 2147 corum
286 2103 436 2148 etiam
461 2105 627 2161 turba,
654 2119 765 2149 cum
790 2105 837 2149 in
861 2105 1110 2161 parochiis
1136 2115 1322 2162 quanta
1346 2121 1438 2163 par
1463 2117 1573 2152 erat
1597 2107 1726 2152 ratio

90 2193 186 2223 non
220 2179 508 2237 haberetur,
546 2180 610 2225 ad
644 2196 734 2226 nos
767 2197 820 2226 se
859 2182 1082 2239 contulit,
1120 2183 1296 2239 quibus
1335 2183 1575 2235 omnibus,
1619 2183 1726 2228 aliis

94 2255 487 2301 confessionibus
511 2257 705 2302 omissis
728 2258 776 2302 in
800 2267 1070 2316 posterum,
1098 2259 1216 2304 data
1240 2269 1315 2305 est
1338 2275 1491 2316 opera
1510 2260 1728 2305 maxima

93 2348 205 2378 cum
230 2348 403 2378 eorum
429 2334 636 2380 laetitia.

149 2408 191 2454 2.
258 2409 337 2454 Ad
362 2411 696 2456 eucharistiae
721 2412 939 2457 diuinum
974 2425 1360 2467 sacramentum,
1398 2414 1726 2459 foeminarum

93 2486 418 2543 potissimum,
446 2487 622 2543 ingens
648 2498 723 2533 est
746 2488 932 2534 feruor.
957 2489 1082 2535 Sunt
1117 2491 1245 2535 enim
1280 2506 1406 2546 quae
1440 2491 1727 2546 frequenter

92 2563 138 2607 in
161 2563 475 2609 hebdomada
510 2566 876 2611 communicant
904 2573 932 2610 C.
968 2566 1169 2612 Utinam
1204 2583 1374 2613 earum
1411 2567 1725 2613 sanctitatem

92 2640 172 2685 vel
194 2640 362 2697 aliqua
386 2657 448 2686 ex
471 2651 614 2698 parte
638 2642 740 2699 ipse
764 2643 1054 2689 immitarer!
1082 2644 1240 2690 Pudet
1274 2644 1417 2698 enim,
1454 2653 1602 2700 atque
1635 2644 1723 2691 uti-

136 2797 154 2816 2
198 2790 337 2827 Prius
355 2803 404 2827 ex
423 2791 495 2828 his.
551 2791 615 2819 —b
663 2797 706 2828 tn
733 2793 765 2829 si
799 2804 877 2829 ms.
933 2801 994 2821 —c
1041 2794 1176 2830 Prius
1207 2792 1383 2839 quotidie
1411 2794 1720 2836 communicant.

94 2854 176 2893 aut,
194 2849 226 2886 si
242 2850 484 2897 denegatur,
502 2852 622 2888 tertio
637 2864 796 2899 quoque
812 2853 888 2889 die.

140 2981 150 2999 ¹
201 2979 265 3016 Ex
283 2981 549 3028 autographo,
571 2987 614 3018 ut
634 2982 807 3025 videtur,
830 2983 869 3018 in
896 2983 1031 3019 codice
1060 2983 1191 3027 Hssp.
1226 2981 1294 3027 95,
1325 2982 1348 3019 2
1377 2983 1419 3020 ff.
1449 2996 1515 3021 nn.
1547 2984 1605 3030 99,
1641 2985 1719 3030 100;

91 3039 202 3085 prius
223 3038 302 3082 148.
328 3040 405 3077 149.
427 3040 584 3087 Aliqua
603 3041 688 3087 ipse
708 3047 849 3078 auctor
868 3042 1112 3082 emendavit.
1134 3046 1176 3077 ut
1195 3041 1235 3077 in
1250 3048 1384 3079 annot.
1406 3043 1641 3082 indicamus.

139 3101 151 3117 ²*
202 3097 309 3136 Vide
329 3112 423 3146 pag.
444 3099 502 3136 66.
