2051 3516
336 295 406 331 202
794 293 1015 330 LITTERAE
1043 292 1399 336 QUADRIMESTREs

289 389 468 445 studio,
496 398 545 434 et
568 389 631 433 ad
655 396 863 445 peccata
887 386 1182 442 confitenda,
1210 394 1257 429 et
1282 384 1342 429 ad
1368 393 1745 428 sacrosanctum
1770 383 1908 429 Chri-

289 465 349 510 Sti
374 480 554 521 corpus
578 464 932 520 accipiendum,
956 463 1190 518 templum
1215 461 1342 506 idem
1366 460 1699 516 frequentant.

346 542 388 587 9.
455 541 600 586 Duae
625 541 870 596 mulieres,
899 556 1024 596 quae
1051 554 1186 583 more
1210 547 1258 583 et
1282 536 1504 582 instituto
1537 537 1818 582 meretricio
1845 537 1907 585 vi-

287 619 484 674 uebant,
513 617 641 673 apud
664 627 862 662 nostros
885 616 944 660 de
970 615 1186 672 peccatis
1220 613 1496 669 confessae,
1523 628 1715 658 summo
1749 614 1907 658 crimi-

286 709 401 738 num
425 708 626 738 suorum
651 692 823 737 dolore
847 700 1143 744 commotae,
1172 689 1367 735 viuendi
1392 703 1551 745 genus
1575 689 1770 734 omnino
1805 705 1906 734 mu-

287 778 471 823 tarunt,
497 769 850 824 sepissimeque
875 768 919 812 in
944 777 1116 813 nostro
1147 767 1328 822 templo
1359 774 1567 821 peccata
1596 765 1904 810 confitentur.

288 846 393 892 Nec
417 845 619 890 defuere
643 845 735 889 uiri
757 846 869 889 boni
895 844 1145 900 nostrique
1170 842 1391 897 studiosi,
1419 842 1499 898 qui
1522 841 1631 886 illas
1656 857 1717 886 ex
1742 857 1795 886 re
1819 857 1910 886 sua

289 921 517 967 familiari
541 931 821 966 sustentare
840 921 1038 971 uellent,
1062 936 1120 964 ne
1145 919 1274 964 forte
1294 918 1456 974 inopia
1475 927 1701 974 coactae,
1728 917 1791 962 ad
1815 918 1908 974 pri-

287 998 465 1043 stinam
490 1006 535 1042 et
560 998 900 1042 detestabilem
927 997 1057 1041 uitae
1081 995 1488 1041 consuetudinem
1514 1004 1904 1040 reuerterentur.

349 1074 414 1119 10.
482 1073 585 1118 Iam
611 1088 729 1118 uero
754 1073 867 1118 illud
895 1073 1000 1117 fere
1024 1072 1361 1130 quotidianum
1387 1081 1435 1116 et
1458 1071 1610 1116 ueluti
1641 1070 1906 1116 Societatis

286 1159 486 1195 nostrae
511 1150 765 1206 proprium
788 1165 884 1194 non
907 1150 1088 1201 scribo,
1116 1149 1306 1204 quoties
1331 1148 1517 1192 scilicet
1541 1148 1605 1192 ab
1629 1147 1799 1204 aegris
1824 1162 1903 1192 ac-

287 1237 547 1271 cersantur
577 1232 608 1280 ³,
646 1226 836 1281 quoties
875 1229 1079 1281 egrotos
1111 1225 1130 1251 b
1164 1225 1392 1280 inuisant,
1430 1224 1622 1280 quoties
1660 1223 1907 1269 morienti-

288 1304 376 1348 bus
400 1302 574 1357 adsint,
603 1302 793 1358 quoties
817 1302 1023 1357 denique
1049 1317 1322 1357 pauperum
1352 1310 1628 1357 egestatem
1664 1303 1905 1346 bonorum

287 1379 491 1423 diuitum
514 1379 819 1435 benignitate
843 1379 1117 1423 subleuent.
1144 1377 1285 1422 Haec
1309 1377 1523 1434 inquam,
1551 1377 1747 1433 aliaque
1781 1377 1904 1422 eius-

286 1456 396 1500 dem
420 1456 617 1511 generis
640 1456 923 1512 singulatim
948 1455 1172 1511 persequi
1199 1455 1398 1510 longum
1423 1455 1532 1507 erit3
1556 1453 1791 1511 quocirca
1814 1470 1904 1499 nos

288 1533 348 1577 ad
376 1532 649 1577 domestica
674 1531 964 1576 referamus.

352 1608 419 1652 11.
486 1607 703 1652 Primum
748 1608 1036 1652 sacerdotes
1075 1622 1133 1651 ac
1172 1606 1356 1652 fratres
1394 1607 1486 1651 hoc
1525 1618 1765 1663 tempore,
1792 1606 1901 1651 Deo

287 1683 467 1740 gratia,
496 1685 617 1729 bene
642 1684 824 1738 ualent,
852 1699 947 1727 uno
971 1693 1160 1728 tantum
1185 1693 1410 1739 excepto,
1439 1683 1518 1738 qui
1543 1694 1710 1728 tamen
1745 1698 1774 1728 a
1808 1692 1904 1728 ter-

288 1759 433 1805 tianis
459 1759 554 1804 iam
578 1759 799 1804 recreari
824 1759 1002 1815 incipit.
1023 1758 1206 1804 Omnes
1226 1772 1387 1805 autem
1407 1775 1458 1804 se
1478 1759 1740 1815 diligenter
1764 1775 1907 1804 exer—

291 1846 415 1889 cent,
458 1836 504 1880 in
543 1851 601 1880 eo
645 1836 848 1891 quisque
893 1851 1112 1891 munere,
1155 1836 1285 1891 quod
1323 1836 1413 1880 sibi
1452 1836 1770 1880 commissum
1812 1846 1902 1892 est,

287 1913 552 1970 cunctique
575 1913 627 1957 in
652 1913 849 1969 regulis
869 1913 1148 1957 seruandus
1171 1926 1272 1957 non
1291 1913 1617 1958 mediocriter
1634 1913 1903 1969 ezcz'gz'lcmt.

352 1988 419 2033 12.
486 1988 562 2033 De
597 1989 789 2044 collegii
824 2004 944 2033 uero
987 1988 1210 2033 aedificio
1245 1990 1337 2034 hoc
1376 1989 1653 2034 addendum
1693 1989 1904 2045 uidetur,

286 2076 388 2109 tres
429 2080 538 2110 esse
578 2065 623 2109 in
663 2065 807 2109 horto
847 2074 1162 2110 constructas
1201 2065 1413 2121 piscinas
1447 2072 1476 2121 ⁰,
1520 2074 1720 2122 praeter
1759 2065 1905 2110 aliam

288 2156 415 2197 quae
440 2141 536 2186 iam
559 2151 848 2186 constructa
873 2151 997 2187 erat:
1024 2158 1121 2186 una
1146 2141 1272 2199 [sic]
1301 2142 1346 2186 in
1372 2158 1517 2198 quam
1551 2158 1614 2187 ex
1646 2142 1799 2197 fonte,
1828 2143 1905 2198 qui

286 2226 360 2262 est
394 2217 438 2261 in
472 2217 744 2274 perystilio‚
772 2233 901 2273 aqua
935 2217 1115 2275 defluit3
1150 2219 1378 2275 alteram,
1411 2219 1458 2263 in
1498 2235 1610 2276 qua,
1646 2219 1708 2263 ad
1741 2234 1905 2274 poma-

285 2293 411 2337 rium
444 2292 767 2349 irrigandum,
804 2294 957 2338 antlia
990 2295 1296 2350 exhauritur,
1334 2295 1531 2340 tertiam
1555 2294 1574 2321 ‘¹
1604 2295 1902 2351 bipartitam,

285 2377 338 2414 ut
361 2370 406 2414 in
431 2366 494 2414 ea'
513 2379 678 2414 uestes
701 2371 945 2421 lauentur;
967 2369 1013 2414 in
1032 2371 1161 2415 illam
1183 2386 1308 2427 quae
1333 2371 1430 2416 iam
1454 2381 1603 2416 antea
1622 2372 1758 2417 facta
1777 2380 1901 2424 erat,

286 2461 416 2501 aqua
449 2461 510 2490 ex
543 2445 759 2490 cisterna
793 2446 1011 2490 illabitur
1045 2447 1106 2491 ad
1142 2448 1279 2492 olera
1315 2448 1543 2503 riganda.
1575 2447 1650 2491 Ex
1684 2448 1756 2493 his
1791 2463 1904 2504 qua—

286 2533 412 2577 tuor,
439 2531 540 2566 tres
563 2532 690 2576 sunt,
718 2523 765 2567 in
789 2538 911 2578 quas
944 2524 1230 2568 salientibus
1265 2525 1558 2570 marmoreis
1583 2540 1713 2581 aqua
1744 2534 1905 2569 scatu-

287 2598 416 2642 riens
441 2598 590 2643 exilit.
619 2598 760 2644 Haec
784 2599 892 2643 ideo
922 2599 1058 2644 facta
1092 2610 1203 2644 sunt
1237 2601 1466 2656 quoniam
1491 2601 1564 2645 his
1588 2601 1634 2645 in
1659 2601 1778 2646 locis
1802 2601 1904 2648 fon:

288 2675 406 2718 tium
429 2675 704 2720 amoenitas
738 2690 1079 2731 aquarumque
1114 2676 1433 2732 refrigeratio
1458 2679 1662 2722 multum
1686 2677 1749 2722 ad
1777 2678 1903 2721 vale-

288 2750 502 2794 tudinem
526 2751 771 2796 conducit.

351 2826 416 2870 13.
484 2825 755 2871 Praeterea
780 2828 1073 2873 uestibulum
1104 2829 1299 2884 collegii
1326 2846 1385 2874 ac
1409 2830 1573 2885 templi
1598 2830 1904 2875 scholarum-

336 3015 353 3035 a
420 3016 686 3045 accensantur
719 3022 797 3046 ηις.
850 3011 913 3037 *b
958 3016 1097 3057 sponte
1129 3012 1308 3047 eosdem.
1367 3020 1428 3040 ——C
1476 3014 1586 3050 iussu
1617 3013 1833 3050 cardinalis
1863 3019 1903 3050 vt

287 3072 462 3104 caetera.
515 3068 580 3094 —d
627 3075 689 3104 ter
709 3069 829 3104 etiam
852 3080 930 3106 ms.
