2051 3516
367 310 435 345 344
835 311 1018 348 errssim
1028 324 1051 348 E
1078 313 1140 357 Qu
1147 324 1168 347 Α
1176 323 1201 347 D
1208 320 1429 346 ieiMEsTREs

283 396 288 401 ’
321 414 417 461 tur,
445 414 608 450 tamen
633 407 760 461 apud
788 422 875 451 nos
900 406 1195 451 correctioni
1222 406 1425 448 subesse
1450 405 1651 461 malunt,
1684 419 1857 461 quam,
1885 410 1941 450 ut

321 481 470 525 multi
490 482 587 526 leae
610 484 1151 540 tempc’slalc’sarsum,
1178 481 1376 537 perdite
1400 484 1446 524 ct
1464 481 1727 536 deplorate
1745 482 1936 547 mttere.

379 558 419 602 2.
488 558 695 604 Possum
735 560 939 616 quidem
974 560 1184 604 reticere
1218 560 1237 577 ³
1271 566 1577 612 quantopere
1618 558 1846 602 studeant
1880 573 1939 603 ac

320 634 581 690 impensius
607 636 847 692 laborent,
876 646 925 681 ut
949 637 1209 692 plerosque
1241 632 1627 678 commilitonum
1652 634 1713 678 ad
1749 634 1938 679 confes-

319 711 505 756 sionem
530 713 805 768 pelliceam.
846 712 1029 757 Vermn
1054 723 1381 768 nequaqnam
1412 709 1430 735 ¹³
1464 709 1648 754 factum
1684 710 1937 755 cuiusdam

319 788 646 833 adolescentis
669 790 981 844 praeclarum
1007 788 1198 833 silentio
1230 786 1645 842 praetereundum
1671 801 1779 831 esse
1803 787 1935 833 duxi.

320 862 365 907 is
388 864 514 908 enim
540 879 649 908 cum
673 865 861 909 socium
885 881 1026 909 suum
1051 863 1273 908 conliteri
1299 862 1534 906 ardenter
1557 871 1777 918 cuperet,
1815 863 1937 908 eius-

319 954 411 994 que
437 940 505 984 rei
530 956 682 985 causa
706 941 838 985 illum
869 941 931 985 ad
966 956 1052 985 nos
1086 938 1412 995 perduxisset,
1451 937 1638 982 veritus
1672 947 1845 994 postea
1878 955 1938 983 ne

318 1016 494 1071 socius,
523 1032 664 1071 quem
692 1017 868 1062 timore
892 1018 1173 1073 perculsum
1198 1015 1504 1069 aduerterat,
1527 1015 1819 1059 sententiam
1839 1015 1937 1060 ani-

320 1108 546 1148 mumque
572 1103 801 1147 mutaret,
829 1104 875 1139 et
900 1094 1062 1151 aliquo
1098 1092 1242 1137 modo
1277 1107 1328 1136 se
1363 1090 1675 1146 subduceret,
1713 1092 1857 1137 irruit
1891 1092 1937 1137 in

318 1168 442 1213 illius
467 1170 741 1226 amplexus,
769 1171 989 1227 ostioque
1015 1170 1197 1226 patenti
1222 1184 1330 1213 eum
1362 1168 1491 1212 intro
1521 1168 1742 1213 coniecit.
1777 1169 1846 1214 At
1878 1185 1938 1214 ne

319 1245 453 1300 prius
477 1261 622 1301 quam
648 1257 778 1292 esset
801 1247 1058 1292 confessus
1088 1245 1430 1301 egrederetur,
1468 1244 1643 1289 ostium
1679 1244 1743 1289 illi
1778 1246 1936 1291 occlu-

317 1322 392 1367 sit.
421 1320 519 1366 Sed
542 1330 556 1349 C
578 1323 754 1368 timore
779 1324 953 1379 posito,
981 1339 1090 1368 cum
1117 1322 1331 1367 maximo
1352 1321 1499 1365 animi
1524 1335 1667 1365 sensu
1687 1323 1935 1368 sacerdoti

317 1408 523 1453 peccata
549 1415 636 1443 sua
661 1401 901 1456 exposuit.
930 1399 1139 1455 Saepius
1163 1397 1456 1443 confitentur
1479 1407 1527 1442 et
1560 1408 1935 1444 sacrosanctum

318 1473 498 1519 Christi
539 1491 720 1532 corpus
760 1486 956 1521 sumunt
996 1476 1151 1520 nostri
1195 1474 1440 1530 gymnasii
1479 1474 1644 1529 pubes
1682 1474 1716 1518 d.
1763 1475 1932 1520 Nostri

317 1562 480 1595 autem
505 1552 817 1598 conuictores
842 1553 923 1597 uix
949 1553 992 1597 in
1017 1542 1180 1608 aliquo
1206 1567 1234 1596 a
1259 1550 1522 1595 Societatis
1556 1551 1764 1597 alumnis
1798 1553 1932 1597 dissi·
1955 1563 1958 1566 '

317 1628 444 1683 dent;
472 1638 633 1684 orant,
660 1629 971 1683 confitentur,
1001 1628 1378 1682 communicant,
1415 1627 1709 1683 studentque
1743 1644 1932 1674 summa

317 1718 426 1747 cum
453 1704 721 1760 diligentia,
747 1721 841 1749 non
867 1721 1009 1750 secus
1033 1721 1090 1750 ac
1117 1705 1300 1749 fratres
1324 1704 1496 1748 nostri.

407 1780 719 1836 [Omittamus
742 1783 842 1826 dJlO
867 1782 1104 1838 cntempla
1127 1781 1402 1838 quaesere
1436 1780 1629 1825 eisdem
1661 1781 1829 1826 verbis
1858 1783 1930 1827 in-

317 1857 598 1901 veniuntur
617 1859 876 1913 superius,
903 1864 989 1913 pp.
1018 1856 1282 1913 297-298,
1311 1871 1396 1901 me.
1425 1855 1559 1913 026]

372 1932 414 1977 3.
482 1932 620 1977 Multi
646 1934 791 1978 etiam
817 1935 1157 1979 adolescentes
1182 1934 1370 1978 decimo
1405 1933 1572 1989 quinto
1607 1948 1801 1989 quoque
1836 1934 1928 1991 die,

315 2016 495 2052 octauo
520 2009 684 2065 etiam,
722 2019 769 2053 et
803 2009 1112 2065 confitentur,
1150 2019 1197 2054 et
1230 2010 1291 2054 ad
1327 2025 1522 2053 sacram
1557 2010 1816 2065 synnaxim
1851 2026 1930 2055 ac-

316 2084 509 2129 cedunt
1881 2138 1884 2150 Ι
1982 2075 1985 2078 .

373 2161 415 2206 4.
480 2161 596 2218 Ego
621 2163 678 2206 de
713 2163 1001 2208 lectionibus
1035 2172 1194 2213 tace0‚
1232 2162 1344 2218 quia
1379 2162 1510 2206 nulla
1544 2162 1761 2218 ipsarum
1796 2162 1932 2208 facta

315 2246 388 2282 est
413 2238 633 2294 mutatio;
663 2239 749 2283 nbi
769 2240 1038 2296 quippiam
1050 2240 1224 2296 suerit
1254 2239 1600 2290 murmuratam,
1636 2239 1749 2283 ilico
1791 2239 1838 2283 T.
1866 2239 1927 2284 P.

314 2314 815 2372 certioremfaciam.
844 2315 922 2360 Fit
947 2316 1159 2371 quotidie
1184 2315 1534 2370 discipulorum
1555 2315 1790 2360 accessio.
1815 2315 1928 2360 Dia-

313 2390 471 2435 lectici
496 2390 920 2447 disputationibus,
948 2392 1264 2447 grammatici
1290 2391 1524 2448 epistolis,
1561 2392 1785 2436 rhetores
1820 2407 1928 2436 ora-

314 2466 526 2511 tionibus
550 2468 916 2512 conscribendis
940 2468 1110 2513 sedulo
1131 2479 1443 2512 exercentur.
1468 2467 1653 2512 Eorum
1674 2468 1752 2524 qui
1771 2468 1928 2514 decla-

314 2552 447 2587 mant
470 2552 583 2588 sunt
620 2544 687 2599 14,
725 2544 851 2588 inter
884 2559 1005 2600 quos
1039 2543 1263 2600 superior
1298 2544 1493 2599 quidam
1527 2549 1811 2601 germanus,
1849 2545 1929 2600 qui

316 2619 396 2662 vix
425 2619 477 2664 13
499 2635 681 2665 annum
705 2621 933 2676 excessit,
961 2621 1085 2665 adeo
1110 2621 1402 2665 concinnam
1421 2622 1695 2686 orationem
1717 2637 1928 2684 pronun,-

314 2695 468 2751 tiauit,
498 2707 546 2741 ut
572 2697 804 2742 vniuerso
828 2698 1107 2748 auditorum
1132 2697 1290 2742 coetui
1315 2709 1443 2742 esset
1467 2713 1688 2743 summae
1717 2699 1926 2743 admira-

314 2772 446 2816 tioni.
475 2773 726 2818 Eiusmodi
750 2774 1120 2819 exercitationis
1154 2789 1329 2829 genus,
1367 2790 1476 2818 cum
1512 2774 1664 2819 Pater
1697 2789 1884 2831 regens
1913 2781 1929 2801 θ

314 2849 459 2903 paulo
482 2848 637 2894 fusius
662 2850 721 2894 D.
750 2849 1013 2907 Groppero
1038 2861 1339 2905 enarrasset,
1366 2866 1459 2894 non
1486 2852 1631 2895 modo
1655 2851 1927 2896 institutum

358 3044 376 3064 ί
424 3037 501 3073 Vix
519 3038 665 3084 possim
684 3040 921 3085 exprimere.
973 3040 1036 3065 —b
1058 3038 1182 3075 Certe
1260 3052 1337 3074 non
1355 3041 1709 3085 praetereundum.
1764 3047 1825 3067 -c
1845 3039 1927 3078 Sed

311 3096 392 3132 ille.
447 3096 511 3122 -d
543 3102 772 3134 sectatores.
825 3106 885 3125 -e
921 3098 1084 3139 [oannes
1105 3097 1289 3133 Rethius.
