2051 3516
499 278 764 314 49.—Moxsss
791 280 961 315 REGALI
988 280 1035 315 30
1061 281 1226 316 APRILls·
1257 281 1346 316 1557
1625 282 1695 319 203

101 388 195 429 que
219 373 440 429 porticus
476 373 715 418 lateribus
750 374 1050 430 muniuntur,
1076 374 1279 419 tabulae
1314 376 1464 420 etiam
1500 378 1735 423 altarium

101 450 193 494 hoc
218 464 348 493 anno
372 449 649 504 pingendae
683 461 810 495 sunt.
840 449 1062 495 Volebat
1096 465 1292 507 quoque
1326 451 1557 507 princeps
1581 454 1738 498 cardi-

99 525 224 570 nalis
249 530 304 570 nt
325 525 453 570 duae
476 526 693 581 scholae,
721 542 849 584 quae
873 536 986 572 sunt
1002 527 1286 584 inchoatae,
1308 528 1678 584 perficerentur
1697 537 1739 582 ²¹:

97 601 183 647 sed
216 602 264 647 id
297 601 448 646 Pater
482 612 671 654 rector,
705 611 908 659 propter
941 619 1170 648 annonae
1205 604 1486 659 caritatem,
1524 606 1570 650 in
1606 607 1737 651 aliud

97 688 287 734 tempus
312 678 633 724 reiiciendum
658 679 863 725 censuit.
894 679 1160 736 [Pluribus
1187 680 1358 726 verbis
1379 682 1496 726 vale
1525 683 1665 739 dz'cz't‚
1693 688 1741 728 et

96 755 358 799 orationes
393 756 642 812 postulat,
688 757 749 801 [3
782 756 1018 802 versibus
1057 771 1089 802 (z
1127 757 1358 803 Polcmco
1394 758 1734 817 oblitteratis]

185 831 371 876 Datum
411 831 613 878 Eborae
652 833 807 889 pridie
852 834 1088 879 calendas
1132 834 1246 880 Maii
1291 851 1422 880 anno
1462 851 1491 880 a
1533 835 1734 883 Christo

95 918 217 953 nato
246 908 374 954 1557.

182 985 298 1030 Alia
323 1000 509 1031 malm:
531 986 659 1032 1557.
689 986 1071 1044 Quadrimestre
1095 989 1155 1034 de
1180 988 1371 1035 Euora.
1394 989 1528 1034 Maii.
1559 990 1733 1036 Emen-

96 1063 228 1107 data.
253 1062 457 1119 Spedita
484 1080 573 1120 per
597 1073 742 1110 tutto.

876 1283 952 1333 219

422 1413 474 1458 P.
513 1413 780 1460 PETRUS
820 1413 1407 1461 SANCTACRUCIUS

534 1537 672 1562 MONTE
699 1536 856 1562 REGALI
883 1526 930 1563 30
957 1537 1118 1563 APRILIS·
1149 1528 1239 1564 1557
1268 1530 1289 1564 ¹.

89 1620 121 1654 l.
150 1619 265 1656 Socii
281 1620 386 1657 bene
404 1625 580 1666 corpore
597 1625 637 1657 et
653 1622 814 1667 spiritu
845 1622 1142 1659 valent.—2-4.
1173 1622 1430 1660 Minislem'is
1460 1626 1600 1661 sacris
1632 1636 1733 1662 cum

151 1677 309 1724 fructu
325 1679 438 1716 dant
451 1684 631 1725 operam
642 1708 648 1715 .
659 1679 747 1715 —5.
775 1680 1146 1717 Sclzolasticormn
1164 1685 1338 1718 nostras
1351 1682 1524 1720 scholas
1530 1683 1734 1730 frequen-

163 1739 357 1774 tamimn
378 1748 592 1775 numerus
611 1743 650 1776 et
664 1739 888 1785 profectus
907 1742 953 1776 in
974 1741 1130 1777 litteris
1149 1744 1189 1777 et
1202 1743 1381 1787 pietate.

152 1827 190 1872 1.
256 1831 284 1878 ’ᾅ-
319 1827 472 1873 Molto
508 1828 634 1874 Rdo.
672 1829 717 1874 in
754 1829 845 1875 X.0
880 1829 1059 1876 Padre.
1097 1831 1204 1875 Pax
1229 1830 1385 1886 Chri„
1414 1839 1508 1877 etc.
1536 1831 1660 1878 Diro
1684 1833 1732 1878 in

89 1915 266 1960 questa
291 1905 321 1949 il
344 1904 505 1950 frutto
530 1906 654 1951 ch'el
679 1904 865 1963 Signor
890 1907 993 1952 s’ha
1018 1908 1224 1964 dignato
1260 1908 1335 1952 far
1365 1909 1410 1953 in
1437 1920 1610 1965 questo
1635 1911 1731 1955 col-

88 1981 220 2038 legio
241 1993 414 2038 questo
435 1998 569 2028 mese
590 1983 830 2040 d'Aprile;
855 1994 903 2030 et
923 1985 1266 2030 cominciando
1287 1985 1418 2042 degli
1439 1986 1622 2032 fratelli
1647 2004 1729 2032 no-

88 2059 193 2111 stri,
216 2059 327 2105 tutti
346 2075 434 2116 per
453 2061 620 2116 gratia
642 2061 718 2106 del
743 2060 959 2119 Signore
984 2072 1162 2107 stanno
1186 2063 1291 2107 sani
1318 2072 1367 2108 et
1391 2064 1606 2110 feruenti
1632 2065 1728 2110 nel-

87 2136 134 2180 la
158 2136 266 2181 loro
296 2137 582 2191 vocatione,
610 2147 659 2183 et
682 2138 955 2184 desiderosi
992 2140 1035 2185 di
1070 2139 1150 2185 far
1183 2141 1376 2197 grande
1410 2141 1568 2187 frutto
1602 2143 1729 2188 nelle

88 2213 195 2258 loro
230 2214 394 2259 anime
434 2224 483 2260 et
518 2215 654 2272 degli
679 2216 923 2272 prossimi.

145 2290 186 2335 2.
254 2291 326 2336 Le
361 2291 648 2337 domeniche
684 2304 731 2338 et
762 2293 888 2338 feste
923 2294 1028 2338 s’ha
1062 2294 1320 2350 predicato
1356 2295 1403 2339 in
1437 2295 1604 2340 chiesa
1639 2311 1721 2340 no-

85 2376 191 2412 stra
225 2383 316 2413 con
354 2369 528 2425 agiuto
570 2369 827 2425 spirituale
868 2370 994 2416 delle
1028 2371 1206 2416 anime.
1248 2371 1389 2416 Nelle
1428 2371 1728 2417 confessioni

85 2444 189 2490 s’ha
213 2444 339 2490 fatto
364 2446 557 2502 grande
582 2447 737 2492 frutto
762 2447 870 2492 tutti
895 2447 962 2504 gli
987 2448 1150 2504 giorni
1170 2458 1353 2493 auante
1373 2449 1431 2493 de
1451 2449 1654 2504 pascha.
1677 2459 1726 2494 et

86 2521 450 2577 magiormente
474 2522 604 2568 nella
627 2523 894 2569 settimana
919 2534 1081 2580 santa,
1108 2525 1238 2570 nella
1263 2526 1407 2581 quale
1432 2525 1581 2569 molte
1616 2540 1726 2581 per-

86 2613 204 2644 sone
227 2598 431 2643 s'hanno
456 2598 758 2654 confessato,
786 2601 876 2645 che
907 2600 1003 2645 mai
1039 2601 1085 2646 in
1118 2601 1286 2646 chiesa
1322 2608 1492 2645 nostra
1526 2600 1723 2647 s‘erano

85 2675 368 2733 confessati3
395 2676 474 2721 fra
497 2677 564 2734 gli
589 2678 721 2734 quali
745 2677 926 2723 furono
952 2679 1115 2724 alcuni
1140 2679 1199 2723 de
1223 2678 1334 2723 duoi
1370 2677 1500 2735 anni,
1538 2679 1652 2724 altri
1677 2679 1724 2724 di

83 2751 127 2809 3,
154 2753 265 2798 altri
290 2753 335 2798 di
359 2754 402 2807 4,
430 2763 478 2799 et
502 2754 615 2799 altri
640 2754 686 2800 di
716 2754 745 2800 5
776 2755 907 2812 anni,
946 2756 1036 2800 che
1070 2755 1166 2800 mai
1201 2755 1397 2800 s‘erano
1431 2755 1720 2812 confessati;

134 2926 151 2945 ἃ
199 2919 299 2955 duas
318 2919 520 2956 scholas...
543 2918 725 2966 perfici...

135 3074 144 3092 ¹
197 3073 259 3109 Ex
279 3074 533 3120 autographo
551 3073 591 3109 in
611 3073 748 3110 codice
769 3073 870 3110 Ital.
890 3073 985 3111 108,
1009 3074 1023 3109 1
1046 3072 1113 3115 fol.
1136 3085 1173 3109 n.
1195 3072 1254 3118 9&
1277 3073 1386 3119 prius
1413 3073 1495 3118 275;
1517 3073 1611 3110 olim
1638 3073 1719 3111 235.
