2051 3516
596 356 887 397 loa-Bonus
913 357 960 395 25
989 354 1098 404 MAJi
1128 356 1219 393 1558
1607 353 1678 391 675

95 457 242 515 gregi
266 473 355 503 suo
378 463 396 483 ³
422 457 746 514 (pastoralem
770 470 964 512 nanque
994 469 1168 500 curam
1192 452 1424 510 gerebat)
1460 451 1621 509 palam
1659 450 1723 495 di-

96 534 182 593 xit,
215 534 501 591 neutiquam
535 533 638 580 fieri
674 549 837 591 posse,
875 542 924 579 ut
958 532 1037 578 ille
1077 531 1156 588 qui
1191 531 1347 587 primo
1382 538 1589 586 aspectu
1622 537 1724 573 tam

96 612 319 657 abiectus
342 612 620 668 uidebatur,
654 611 774 656 talia
809 610 974 656 dicere
1009 616 1191 666 posset,
1228 607 1318 653 nisi
1353 607 1516 652 diuino
1549 605 1723 662 spiritu

95 700 224 734 esset
249 688 465 734 afflatus:
492 688 570 734 cui
594 688 789 746 quidem
814 703 985 734 omnes
1009 686 1151 732 simul
1176 685 1556 742 responderunt:
1578 684 1722 737 hunc,

96 767 224 812 hunc
248 775 477 824 optamus
501 766 690 823 audire,
718 766 797 822 qui
821 765 962 810 nobis
987 773 1160 821 aperte
1195 772 1405 819 peccata
1441 771 1613 807 nostra
1647 760 1724 805 de-

97 852 323 889 mostrat.
351 843 650 889 Benedictus
672 843 825 900 Deus,
849 842 929 899 qui
955 841 1105 898 elegit
1123 839 1319 886 infirma
1338 840 1518 897 mundi,
1542 848 1595 884 vt
1614 854 1724 884 con-

96 919 271 966 fundat
295 920 445 967 fortia
471 923 500 966 ¹.

155 997 197 1043 7.
267 996 549 1043 Cardinalis
573 1006 742 1044 noster
776 997 1039 1053 burgensis
1073 997 1088 1021 2
1121 995 1242 1041 satis
1277 994 1540 1048 obstendit,
1578 1008 1726 1049 quam

98 1076 340 1121 beneuolo
364 1076 528 1121 animo
552 1091 678 1133 erga
702 1074 1004 1121 Societatem
1028 1074 1089 1119 sit
1112 1074 1344 1119 affectus:
1381 1072 1569 1129 gaudet
1598 1071 1726 1116 enim

96 1153 301 1199 Patrum
335 1163 622 1199 nostrorum
656 1152 908 1199 consortio
942 1151 1133 1208 illisque
1170 1151 1323 1197 utitur
1356 1151 1401 1195 in
1444 1150 1594 1195 rebus
1632 1164 1725 1194 non

98 1230 239 1287 parui
264 1231 516 1288 momenti,
544 1242 590 1277 et
614 1231 661 1276 in
685 1231 757 1276 his
781 1245 908 1287 quae
933 1238 1159 1287 spectant
1184 1229 1246 1274 ad
1278 1227 1590 1274 commodum
1615 1242 1726 1284 gre-

97 1308 174 1365 gis
197 1308 288 1354 sibi
313 1309 507 1354 comissi
532 1308 568 1354 b.
595 1307 817 1365 Rogauit
840 1322 1035 1364 nanque
1059 1316 1112 1352 ut
1136 1316 1251 1352 octo
1276 1306 1453 1351 Patres
1473 1320 1592 1351 oues
1611 1319 1729 1350 suas

96 1385 382 1443 inuiserent‚
410 1395 458 1432 et
482 1387 636 1432 verbo
661 1401 721 1431 ac
744 1385 970 1442 exemplo
995 1384 1058 1430 ad
1082 1399 1254 1429 uerum
1279 1383 1373 1428 Dei
1408 1383 1594 1428 cultum
1628 1397 1727 1427 am-

96 1463 406 1520 plectendum
432 1463 540 1509 illas
565 1462 894 1509 inflamarent:
922 1462 1052 1519 quod
1086 1471 1139 1507 ut
1173 1461 1344 1506 melius
1384 1459 1585 1506 efficere
1620 1474 1727 1516 pos-

96 1550 220 1598 sent,
248 1541 403 1604 multa
426 1541 673 1587 concessit
696 1541 768 1599 iis,
796 1540 875 1597 qui
900 1555 1073 1585 eorum
1098 1537 1362 1584 conciones
1381 1537 1627 1584 audirent.
1652 1535 1729 1581 Ex

98 1634 193 1676 quo
217 1619 419 1676 negotio
444 1634 538 1664 non
563 1634 722 1675 parua
742 1617 1004 1664 commoda
1023 1625 1172 1673 atque
1192 1615 1430 1662 utilitates
1448 1628 1727 1672 speramus;

97 1696 436 1753 experimento
460 1711 655 1753 nanque
679 1695 1006 1753 cognouimus
1030 1693 1236 1739 Patrum
1262 1702 1547 1739 nostrorum
1573 1706 1729 1748 opera

96 1774 144 1820 in
167 1775 261 1820 hac
285 1775 499 1821 dioecesi
525 1776 704 1821 multos
727 1775 880 1821 uitam
906 1775 952 1820 in
975 1774 1149 1820 melius
1173 1782 1409 1818 mutasse.

156 1851 198 1898 8.
265 1853 348 1899 Ad
370 1853 494 1899 haec
518 1853 689 1910 petiuit
712 1852 996 1909 cardinalis,
1024 1861 1076 1897 ut
1101 1851 1163 1897 ad
1183 1866 1273 1896 nos
1293 1849 1560 1896 accederet
1579 1848 1730 1893 Patet·

98 1930 275 1976 doctor
298 1931 532 1977 Ramirez
556 1931 588 1989 3,
616 1946 762 1988 quem
786 1930 993 1988 ipsemet
1017 1929 1208 1987 optauit
1235 1938 1285 1973 vt
1320 1928 1363 1973 in
1399 1928 1494 1972 hac
1528 1925 1730 1972 ciuitate

97 2008 424 2055 concionandi
448 2025 624 2055 munus
648 2009 938 2065 susciperet.
966 2008 1045 2054 Ex
1076 2007 1132 2053 iis
1166 2022 1286 2052 uero
1321 2005 1572 2062 Patribus,
1610 2018 1731 2061 quos

97 2085 235 2143 petiit
259 2086 542 2144 cardinaliS‚
570 2087 652 2133 alii
676 2087 773 2133 iam
799 2095 1059 2138 venerunt,
1087 2085 1212 2130 alios
1231 2100 1353 2129 uero
1373 2083 1539 2129 statim
1560 2090 1728 2127 uentu-

100 2179 183 2209 ros
208 2179 318 2210 esse
342 2164 606 2210 credimus.

157 2242 199 2288 9.
268 2240 367 2288 Sed
391 2241 448 2287 iis
471 2258 568 2287 non
593 2250 870 2298 contentUS,
899 2257 1008 2286 cum
1035 2241 1183 2286 uellet
1218 2252 1548 2297 permagnum
1582 2235 1729 2292 quod-

100 2321 212 2365 dam
236 2335 359 2376 opus
383 2320 516 2366 beati
541 2318 732 2377 Cyrilli‚
760 2319 819 2364 de
844 2318 1139 2364 adoratione
1164 2317 1210 2363 in
1232 2316 1406 2373 spiritu
1431 2324 1479 2360 et
1499 2313 1729 2365 veritate,

100 2413 162 2443 ex
187 2413 377 2454 graeca
401 2396 572 2455 lingua
597 2397 642 2442 in
668 2397 872 2442 latinum
897 2410 1177 2442 sermonem
1201 2393 1486 2449 transferri,
1516 2391 1731 2449 postula—

100 2476 168 2521 uit
193 2490 222 2521 a
245 2474 397 2520 Patre
416 2474 691 2520 Francisco
712 2483 762 2520 ut
780 2474 994 2531 aliquem
1015 2482 1218 2519 nostrae
1239 2469 1507 2517 Societatis
1526 2469 1730 2514 Patrem

148 2694 165 2715 a
200 2699 299 2724 suae
318 2696 403 2722 ms.
463 2684 528 2711 —b
564 2684 759 2721 comissae
781 2683 882 2720 772ss

151 2886 161 2905 ¹
211 2884 229 2921 I
249 2883 470 2929 CORINTH.‚
491 2882 521 2927 I,
541 2882 600 2928 27,

149 2945 162 2964 ²
213 2943 455 2981 Franciscus
474 2943 523 2979 de
543 2941 744 2979 Mendoza
763 2947 803 2978 et
822 2941 1050 2978 Bobadilla.

148 3006 161 3025 ³
212 3004 258 3042 P.
274 3004 455 3052 Joannes
473 3003 678 3049 Ramstez,
699 3002 767 3050 qui
794 3001 1005 3040 Granatae
1034 3000 1356 3038 contionabatur.
1386 2999 1476 3037 Non
1506 3005 1644 3037 tamen
1673 3000 1736 3037 hic

101 3065 226 3102 Pater
244 3070 338 3101 tunc
356 3064 468 3101 venit
486 3062 659 3111 Burgos.
680 3063 751 3100 sed
770 3075 841 3110 pro
860 3063 931 3099 illo
951 3062 1096 3098 missus
1115 3066 1176 3097 est
1194 3060 1239 3097 P.
1257 3059 1297 3107 J.
1324 3059 1509 3107 Baptista
1535 3059 1734 3097 Sanchez.

103 3124 167 3163 Cf.
186 3125 376 3163 Sanctus
394 3124 657 3161 Franciscus
675 3123 854 3170 Borgz'a,
875 3122 944 3167 ΙΙΙ,
965 3121 1048 3167 368,
1068 3121 1150 3167 373,
1170 3120 1253 3167 378;
1276 3127 1315 3158 et
1334 3120 1502 3158 inferius
1522 3120 1735 3167 epistolam

99 3185 266 3232 Joannis
284 3184 524 3222 Fernandez
539 3183 619 3221 diei
636 3182 682 3220 24
701 3182 956 3230 Septembris
973 3182 1094 3230 hujus
1113 3182 1220 3219 anni.
