2051 3516
363 312 431 347 784
830 310 1051 347 LITTERAE
1079 310 1435 354 QUADRIMESTRES

317 405 604 457 catholicus,
642 404 725 449 uix
759 404 985 450 morbida
1020 405 1244 449 membra
1282 404 1490 450 ulterius
1528 405 1732 450 trahere
1766 408 1954 452 ualens>

317 482 378 526 ad
413 496 503 525 nos
537 480 630 525 huc
664 481 952 537 properauit
985 487 1017 535 ³,
1044 490 1097 525 ut
1128 481 1312 525 nostris
1345 480 1682 537 confiteretur,
1709 483 1939 539 nullaque

316 557 475 602 morbi
500 556 660 602 uictus
684 557 1004 613 impatientia,
1032 556 1113 602 diu
1136 556 1337 602 Patrem
1373 558 1673 615 expectauit,
1701 558 1781 614 qui
1805 560 1939 604 solus

316 634 392 679 hic
434 643 545 679 erat
588 649 858 690 germanus
902 644 950 679 et
995 642 1110 678 tunc
1153 634 1200 679 in
1244 634 1481 680 concione
1525 645 1810 692 occupatus;
1853 636 1939 680 sed

316 710 489 756 eodem
513 710 590 755 die
613 720 725 767 post
747 711 1035 756 concionem
1068 710 1111 755 ei
1145 710 1403 756 confessus
1437 720 1527 756 est.
1553 711 1798 756 Postridie
1827 727 1938 756 nus-

316 802 463 843 quam
486 787 601 832 alibi
626 802 772 843 quarn
797 788 842 832 in
866 796 1038 833 nostro
1062 787 1246 843 templo
1280 788 1647 833 communicare
1677 788 1848 834 uoluit.
1876 787 1941 833 Et

315 878 426 909 cum
458 863 543 908 uix
571 863 776 920 pedibus
810 863 1082 909 consistere
1114 872 1297 920 posset,
1324 863 1439 920 Xpi.
1466 873 1632 909 tamen
1666 864 1862 909 dilectio
1893 874 1941 909 et

315 940 560 985 internum
591 940 791 997 spiritus
826 941 979 985 robur
1012 939 1196 984 nullum
1231 939 1458 996 corporis
1482 941 1562 985 uel
1585 941 1719 998 longi
1752 940 1941 986 itineris

314 1015 468 1061 sensit
491 1031 784 1072 grauamen.

371 1092 415 1138 8.
482 1092 558 1137 De
597 1093 822 1138 literaria
861 1108 1053 1150 quoque
1092 1092 1449 1138 exercitatione
1493 1092 1716 1138 breuiter
1754 1092 1941 1149 aliquid

315 1185 626 1226 percurram.
655 1169 925 1215 Orationes
958 1169 1144 1225 aliquot
1166 1178 1277 1214 sunt
1301 1169 1516 1226 habitae,
1544 1170 1679 1215 uelut
1702 1169 1762 1215 de
1787 1167 1940 1225 Spiri-

313 1255 365 1292 tu
403 1245 607 1300 Sancto,
650 1246 709 1292 de
750 1245 975 1302 Corpore
1010 1246 1143 1303 Xpi.‚
1185 1246 1244 1291 de
1278 1245 1504 1291 laudibus
1543 1246 1677 1292 Petri
1716 1257 1763 1292 et
1798 1245 1940 1292 Pauli

313 1324 670 1380 apostolorum.
698 1323 974 1369 Puerorum
1008 1323 1266 1369 multitudo
1300 1323 1480 1368 crescit
1514 1323 1560 1368 in
1596 1323 1715 1379 dies,
1748 1332 1940 1368 tantum

314 1411 365 1446 ut
389 1401 452 1446 ad
476 1401 657 1446 altiora
680 1410 1003 1457 perseuerent
1028 1401 1313 1458 optandum.

371 1477 414 1524 9.
481 1477 824 1523 Nobilissimus
848 1478 1045 1534 quidam
1065 1477 1355 1522 adolescens
1379 1492 1441 1522 ex
1465 1477 1645 1522 nostris
1665 1475 1939 1521 maioribus

315 1554 562 1610 discipulis
591 1553 849 1599 confessus
873 1563 920 1599 et
944 1554 1206 1610 plurimum
1240 1552 1653 1598 admonitionibus
1677 1561 1725 1597 et
1747 1561 1937 1597 nostro-

317 1645 427 1675 rum
452 1629 698 1675 charitate
723 1629 1059 1685 confirmatus‚
1087 1638 1296 1685 accepta
1330 1629 1672 1674 communione
1697 1637 1745 1674 et
1769 1628 1940 1673 ultima
2002 1657 2004 1660 -

316 1707 547 1752 unctione
592 1722 701 1751 cum
746 1722 930 1762 magna
970 1706 1167 1762 spiritus
1212 1706 1550 1752 consolatione
1585 1705 1646 1751 ad
1681 1714 1939 1750 aeternam

320 1783 532 1840 quietem
557 1783 807 1839 migrauit.

377 1859 444 1904 10.
512 1858 670 1904 Fama
705 1859 967 1916 pragensis
1000 1860 1194 1916 collegii
1231 1875 1326 1904 non
1363 1859 1509 1904 modo
1544 1858 1817 1915 Bo’emiam‚
1853 1857 1940 1903 sed
2009 1902 2015 1908 ,

315 1944 363 1981 et
388 1933 693 1980 Germaniae
727 1946 1037 1991 peruagatur
1061 1946 1245 1992 partes.
1273 1935 1526 1981 Vlmensis
1552 1944 1600 1980 et
1623 1934 1731 1980 aliis
1756 1950 1819 1979 ex
1842 1945 1935 1979 ter-

316 2012 384 2057 ris
408 2012 595 2068 aliquot
619 2023 816 2057 nostras
840 2013 902 2057 ad
935 2013 1130 2058 scholas
1164 2022 1420 2058 uenerunt.
1450 2011 1778 2057 Consiliarius
1807 2026 1937 2056 mar·

315 2089 504 2134 chionis
529 2088 996 2144 Brandeburgensis
1019 2098 1120 2134 tres
1143 2089 1267 2134 filios
1289 2089 1429 2134 nobis
1453 2089 1499 2133 in
1524 2088 1848 2133 domesticam
1872 2087 1936 2132 di-

259 2160 261 2162 *
315 2165 570 2221 sciplinam
604 2165 805 2210 tradere
840 2181 1154 2221 summopere
1189 2166 1407 2222 expetiit;
1436 2165 1648 2211 ostendit
1679 2180 1818 2210 suam
1842 2165 1939 2221 pie-

314 2250 467 2287 tatem
492 2257 553 2286 ac
581 2242 873 2286 beneuolum
897 2257 957 2287 ac
980 2242 1283 2298 singularem
1308 2258 1451 2287 suum
1486 2242 1679 2298 aperuit
1703 2241 1938 2297 animum,

316 2333 457 2374 quem
483 2333 607 2373 erga
632 2316 936 2363 Societatem
961 2320 1188 2376 gerebat3
1216 2318 1438 2376 satisfiet,
1475 2319 1641 2374 credo,
1679 2318 1830 2364 Pater
1866 2334 1939 2363 ce-

316 2394 486 2439 leriter
512 2394 616 2439 eius
642 2394 1000 2450 efflagitatione
1020 2394 1055 2451 ¹³,
1078 2405 1172 2440 etc.
1200 2396 1415 2453 Pragae.

406 2471 482 2515 Ex
507 2471 758 2515 mandato.

1132 2558 1422 2604 GERARDUS
1456 2559 1756 2605 WERTENUS
1791 2560 1821 2603 ¹.

404 2653 526 2698 Alia
550 2668 727 2698 manu.
755 2653 925 2709 Praga
949 2654 1050 2699 sine
1075 2654 1150 2698 die
1174 2664 1222 2699 et
1245 2670 1391 2700 anno.

363 2816 380 2836 a
446 2806 675 2853 propinauit
695 2818 775 2842 ms.
831 2807 896 2834 *b
938 2806 1007 2843 Sic
1026 2818 1127 2849 ms.,·
1150 2807 1327 2844 videtur
1348 2807 1631 2844 scribendum
1653 2807 1800 2853 fuisse
1829 2807 1941 2844 satis-

315 2866 479 2903 faciet...
502 2865 796 2912 efflagitationi.

364 3011 374 3029 ¹
429 3009 490 3046 Cf.
514 3023 607 3055 pag.
630 3010 710 3053 431,
733 3015 871 3045 annot.
898 3010 931 3051 42
954 3015 992 3045 et
1012 3022 1102 3056 pag.
1121 3009 1203 3046 525.
