2051 3516
349 305 419 342 526
826 305 1041 343 LITTERAE
1068 306 1426 351 QUADRIMESTRES

303 403 406 447 suoi
433 402 598 459 figlioli
625 418 714 447 con
739 403 890 447 molto
911 395 1169 458 concorso,
1192 404 1231 446 si
1251 401 1297 446 di
1317 401 1563 446 cortesani
1584 417 1722 446 come
1747 401 1926 447 d'altra

301 488 464 534 gente,
492 480 647 523 anche
672 479 701 522 il
727 479 991 523 medesimo
1018 479 1173 523 hebbe
1193 478 1492 523 conclusioni
1521 477 1564 521 in
1590 478 1843 534 theologia
1865 479 1922 523 de

303 555 675 600 confirmatione
710 571 737 599 a
772 555 819 599 di
856 555 907 600 12
941 555 985 599 di
1021 564 1210 610 questo,
1239 563 1285 598 et
1308 554 1502 599 fussero
1538 554 1751 609 presenti
1787 555 1921 599 molti

303 633 391 677 che
415 648 509 677 non
536 641 716 687 poteua
740 632 877 688 capir
904 633 948 676 la
972 632 1155 676 schola.
1184 631 1285 675 Tra
1310 631 1452 687 quelli
1487 646 1640 675 erano
1666 630 1677 674 i
1705 631 1923 682 vescoui,

304 709 715 754 reuerendissimo
740 709 1019 765 labacense,
1043 708 1167 752 delle
1192 706 1382 763 Cinque
1405 706 1583 752 Chiese
1610 709 1619 730 ¹
1648 716 1695 752 et
1720 707 1749 751 il
1774 707 1924 751 eletto

302 787 345 831 di
371 786 569 831 Vienna
593 788 623 839 ²,
647 794 693 830 et
718 786 747 829 il
772 785 960 831 decano
987 786 1030 830 di
1061 785 1254 829 Vienna
1278 786 1293 808 ³
1318 794 1365 830 et
1389 784 1501 830 altri
1528 784 1711 829 dottori
1731 784 1808 828 del
1851 799 1923 839 re,

303 862 487 907 italiani
513 871 561 907 et
586 878 647 906 vn
682 862 940 918 spagnolo,
979 861 1167 906 medici.
1205 860 1374 905 Furno
1409 861 1565 905 anche
1596 860 1707 904 delli
1741 860 1927 904 hussite
2041 848 2051 907 i

303 939 490 995 (penso)
516 939 662 983 assai.
689 938 989 994 DiSputorno
1015 938 1042 982 il
1072 952 1287 982 vescouo
1313 937 1436 981 delle
1463 936 1652 992 Cinqtie
1678 935 1856 981 Chiese
1881 945 1930 980 et
2040 909 2051 975 i

304 1016 332 1060 il
357 1016 606 1072 preposito
640 1016 717 1060 del
749 1005 955 1060 'castello
990 1015 1034 1059 di
1074 1015 1238 1069 Praga
1272 1015 1303 1068 ⁴,
1352 1014 1378 1058 il
1407 1014 1612 1068 decano,
1645 1030 1703 1058 vn
1741 1013 1927 1070 profes-
2047 1015 2051 1018 ⁴

304 1108 387 1138 sor
417 1108 679 1148 pragense,
707 1093 796 1137 sub
831 1101 1061 1147 utraque,
1088 1100 1135 1135 et
1169 1090 1277 1135 fece
1313 1106 1410 1135 vna
1444 1090 1803 1146 protestatione
1839 1090 1930 1133 che

304 1179 442 1215 sente
476 1186 568 1214 con
604 1170 649 1214 la
684 1168 867 1213 Chiesa
902 1169 1164 1223 catholica,
1194 1167 1476 1223 imperoche
1500 1182 1611 1211 esso
1637 1167 1743 1211 dice
1769 1182 1924 1211 osser-

304 1262 426 1292 uare
465 1247 477 1291 i
517 1246 821 1302 compattati.
870 1245 1055 1289 Vltimo
1097 1247 1395 1300 argumento
1440 1253 1628 1288 mastro
1674 1242 1925 1289 Gerardo.

307 1324 449 1379 Dopo
480 1322 710 1368 habiamo
750 1322 927 1366 sentito
962 1321 1066 1366 dire
1100 1321 1189 1365 che
1225 1321 1385 1365 alcuni
1421 1320 1466 1365 di
1502 1320 1658 1376 questi
1693 1320 1926 1375 pragensi

305 1401 465 1446 hanno
501 1400 689 1456 ripreso
724 1399 882 1455 quelle
917 1397 1247 1451 conclusione,
1276 1397 1480 1442 dicendo
1517 1412 1652 1441 esser
1686 1396 1809 1441 fatte
1840 1412 1927 1452 per

304 1477 654 1530 ostentatione,
697 1486 744 1521 et
784 1477 931 1520 molte
965 1486 1012 1520 et
1047 1474 1268 1530 prolisse.
1314 1473 1611 1518 Diffendeua
1653 1489 1714 1518 vn
1754 1481 1924 1518 nostro

304 1554 548 1604 scholare,
577 1553 606 1597 il
631 1553 775 1608 quale
800 1553 906 1596 fece
940 1567 1033 1595 vna
1060 1553 1221 1596 buona
1246 1550 1522 1606 prefatione
1558 1551 1634 1595 nel
1669 1550 1926 1606 principio.

362 1632 404 1676 4.
471 1630 508 1675 Il
541 1630 740 1675 venerdi
768 1639 966 1685 passato
1002 1629 1031 1672 il
1067 1628 1479 1673 reuerendissimo
1513 1628 1778 1673 labacense
1814 1643 1925 1672 con-

306 1708 447 1753 firmo
481 1706 779 1763 (imperoche
805 1710 830 1751 e
854 1715 981 1750 tutto
1007 1714 1176 1749 nostro
1212 1721 1237 1749 e
1271 1713 1409 1749 tanto
1434 1703 1648 1749 offitioso
1673 1719 1820 1749 uerso
1846 1704 1923 1748 noi

305 1785 393 1830 che
416 1800 476 1829 ne
500 1784 641 1840 parla
666 1798 753 1839 per
778 1782 1071 1827 Reuerende
1096 1781 1306 1835 domine;
1335 1785 1360 1826 ’6
1384 1796 1503 1826 cosa
1529 1781 1753 1826 mirabile
1778 1796 1926 1837 quanm

305 1872 355 1906 ta
380 1862 564 1905 buonta
589 1860 827 1904 dimostra
853 1868 1025 1915 questo
1052 1859 1178 1903 buon
1204 1857 1439 1914 vescouo)
1463 1857 1509 1902 in
1534 1858 1700 1902 chiesa
1734 1866 1922 1902 nostra.

304 1937 355 1984 Si
379 1937 712 1982 confirmorno
737 1945 812 1981 tre
837 1935 881 1980 di
907 1935 1078 1990 nostri,
1107 1944 1153 1980 et
1178 1950 1329 1990 penso
1354 1934 1399 1979 di
1424 1934 1578 1979 nostri
1604 1934 1821 1979 scholari
1846 1934 1925 1990 pisi

307 2015 351 2060 di
375 2013 434 2060 30
457 2024 503 2059 et
535 2013 696 2058 alcuni
732 2012 859 2057 altri.
887 2012 1017 2056 Fece
1052 2012 1209 2068 prima
1245 2011 1275 2055 il
1311 2011 1370 2055 D.
1397 2011 1609 2056 Enrrico
1646 2027 1742 2056 vna
1778 2012 1927 2056 breue

305 2092 506 2148 predica
539 2090 830 2146 explicando
855 2089 885 2133 il
909 2098 1225 2134 sacramento
1250 2089 1377 2134 della
1403 2088 1797 2133 confirmatione.
1826 2088 1928 2133 Ve-

306 2185 500 2215 neuano
536 2168 670 2213 molti
706 2167 750 2211 di
786 2167 930 2212 fuora
966 2182 1052 2222 per
1087 2166 1431 2222 confermarsi,
1459 2176 1506 2211 et
1531 2182 1618 2223 per
1642 2182 1801 2222 paura
1833 2181 1925 2210 non

306 2248 343 2292 si
369 2245 747 2292 confirmassero
782 2244 940 2288 alcuni
975 2243 1195 2299 heretici,
1222 2243 1250 2287 il
1278 2244 1427 2288 eletto
1465 2259 1680 2294 vescouo
1705 2243 1749 2287 di
1775 2242 1925 2287 Vien-

306 2340 368 2369 na
393 2324 519 2368 disse
546 2323 587 2367 in
615 2322 783 2379 lingua
808 2321 1029 2366 boemica
1053 2321 1141 2364 che
1166 2321 1310 2376 quelli
1335 2321 1423 2365 che
1448 2335 1543 2364 non
1569 2321 1794 2365 haueano
1828 2320 1906 2364 aui

306 2410 416 2446 sato
451 2399 609 2446 inanzi
634 2415 728 2444 non
752 2399 791 2443 si
815 2398 1090 2454 potrebono
1126 2397 1421 2442 confirmare
1451 2413 1539 2453 per
1564 2413 1700 2442 esser
1723 2397 1806 2453 gia
1831 2406 1928 2441 tar-

307 2479 385 2534 do,
413 2478 520 2523 ch'il
554 2478 829 2522 lassasseio
865 2491 951 2532 per
985 2475 1114 2519 altro
1149 2475 1343 2531 giorno,
1371 2484 1418 2519 et
1443 2477 1570 2519 cossi
1595 2475 1633 2519 si
1657 2474 1930 2518 n’andorno

306 2554 456 2611 molti,
480 2553 838 2598 nientedimeno
862 2566 1056 2606 sempre
1082 2566 1233 2606 penso
1258 2551 1296 2595 si
1322 2550 1655 2595 confirmorno
1681 2550 1858 2601 alcuni;
1881 2562 1929 2594 et

311 2647 404 2676 vno
440 2631 854 2686 massiniamente‚
883 2629 911 2672 il
937 2628 1049 2684 qual
1074 2628 1119 2672 io
1144 2627 1254 2672 uedi
1280 2628 1616 2684 approssimar
1641 2628 1687 2672 al
1712 2643 1926 2673 uescouo

309 2717 355 2753 et
390 2723 485 2753 non
519 2707 810 2752 discerneua
844 2706 936 2750 ben
973 2705 1196 2761 all'hora,
1235 2713 1282 2749 et
1317 2705 1446 2760 dopo
1481 2706 1720 2761 connobe;
1757 2708 1930 2760 questo

308 2800 394 2840 per
418 2784 511 2829 due
536 2800 563 2829 o
588 2793 661 2828 tre
693 2783 824 2828 uolte
858 2797 945 2827 era
980 2791 1161 2827 uenuto
1197 2781 1241 2825 in
1276 2782 1487 2837 collegio
1524 2791 1696 2826 nostro
1732 2782 1929 2826 doman-

356 2929 365 2946 ¹
418 2926 622 2962 Antonius
647 2925 862 2961 NJVarchius
884 2924 1152 2969 (Verantius).
1175 2922 1334 2965 EUBEL,
1359 2923 1686 2963 Hierarclzia...,
1707 2921 1775 2967 HI,
1797 2921 1878 2958 298.

356 2987 368 3005 ‘²
418 2986 623 3022 Antonius
642 2985 747 3021 Brus
766 2985 813 3021 de
835 2984 1021 3030 Muglitz,
1044 2983 1240 3029 magister
1260 2981 1578 3028 Crucigerorum
1598 2981 1772 3027 Pragae.

355 3047 368 3065 ³
420 3045 525 3081 Vide
545 3045 743 3091 superius,
765 3057 858 3090 pag.
884 3043 961 3085 169,
984 3048 1106 3079 annot
1126 3042 1163 3078 2.

358 3107 369 3124 ³
425 3105 527 3140 Vide
548 3117 638 3151 pag.
660 3104 717 3145 27,
741 3108 874 3139 annot.
900 3103 930 3138 1.
