2051 3516
640 319 905 357 72-—GENUA
936 318 950 356 1
975 319 1084 366 jorn
1115 320 1202 355 1537
1624 320 1690 357 291

107 414 264 460 anche
287 414 428 460 accio
451 431 547 461 non
571 415 677 461 sian
701 416 819 462 uditi
852 415 915 460 da
949 415 1220 464 forastieri:
1259 424 1307 460 et
1342 415 1435 471 poi,
1475 417 1671 471 quando
1708 421 1733 462 0

106 501 287 548 tempo,
324 501 533 538 sentono
566 493 614 538 10
648 507 827 549 0]0550;
864 493 911 537 10
947 492 1089 548 quale
1114 491 1267 547 finita,
1295 492 1333 536 si
1358 493 1736 538 communicano

105 569 217 615 tutti
241 570 442 615 insieme
467 585 560 615 con
584 571 735 616 molta
769 570 1033 623 diuotione,
1060 572 1120 613 00
1143 570 1300 614 anche
1326 569 1541 625 (quando
1567 586 1732 625 posso-

105 647 187 704 no)
212 647 399 693 lascian
424 647 612 693 d'udire
634 648 681 693 10
703 648 878 704 parola
902 646 1102 691 d‘Iddio.
1142 646 1320 702 Doppo
1356 646 1585 691 desinare
1622 664 1737 693 uan-

104 740 168 769 no
192 740 222 770 a
245 724 513 782 insegnare
537 726 582 771 le
605 741 721 771 cose
755 724 835 781 pisi
867 724 1125 780 principali
1159 724 1288 768 della
1322 724 1559 779 dottrina,
1598 741 1738 770 come

104 801 135 846 il
174 801 327 847 Pater
364 812 551 859 noster,
594 794 706 848 Aue
740 801 920 859 Maria,
958 801 1141 857 Credo,
1180 801 1601 856 comandamenti,
1640 812 1734 848 etc.

107 879 220 936 Qua
245 880 491 925 uedrestri
515 880 678 925 alcuni
713 879 758 925 di
793 879 952 936 questi
986 878 1136 924 nobili
1172 889 1219 924 et
1254 878 1374 924 richi
1409 879 1677 935 insegnare
1710 896 1739 925 a

105 956 416 1013 pouerissimi
441 973 533 1003 con
558 966 699 1002 tanta
723 956 945 1002 humilita
979 965 1027 1001 et
1061 956 1273 1013 charita,
1310 956 1399 1001 che
1434 958 1460 1000 0
1495 971 1613 1001 0050
1649 972 1738 1013 per

106 1034 313 1079 laudare
336 1032 487 1079 Iddio.
516 1034 694 1091 Doppo
718 1034 954 1079 d'hauere
979 1033 1256 1089 insegnato,
1284 1032 1479 1097 sentito·
1499 1033 1531 1077 il
1565 1048 1738 1090 uespe-

106 1126 163 1155 ro
187 1119 235 1156 et
260 1110 307 1156 10
332 1111 548 1168 lettione,
575 1126 629 1156 se
654 1111 911 1156 ritornano
935 1125 964 1155 a
988 1125 1310 1166 congregare
1336 1110 1554 1167 insieme3
1582 1119 1630 1155 et
1654 1111 1733 1167 poi

106 1187 303 1244 quando
328 1191 354 1233 0
379 1195 560 1245 tempo,
588 1189 822 1234 ciascuno
845 1203 898 1233 se
924 1203 984 1233 ne
1009 1203 1073 1232 ua
1096 1203 1126 1233 a
1150 1203 1271 1232 casa
1295 1203 1402 1243 sua,
1431 1187 1619 1233 benche
1643 1203 1739 1232 non

105 1281 158 1311 se
181 1281 242 1311 ne
263 1265 635 1323 anderebbono,
660 1281 712 1311 se
734 1281 832 1310 non
857 1281 917 1311 ne
940 1265 1137 1310 fossero
1157 1265 1203 1309 in
1223 1273 1362 1309 certo
1384 1265 1531 1309 modo
1550 1264 1736 1310 discac-

106 1342 241 1387 ciati:
269 1351 409 1387 tanto
434 1346 460 1388 0
484 1343 678 1400 grande
702 1342 734 1387 il
757 1342 866 1387 loro
888 1341 1094 1387 feruore
1123 1345 1150 1386 ¹.

165 1419 206 1465 7.
275 1420 456 1465 Alcuni
490 1420 536 1465 di
571 1420 666 1466 essi
701 1419 997 1465 desiderano
1032 1419 1396 1476 grandemente
1430 1419 1617 1464 d'esser
1657 1420 1739 1464 ad-

106 1497 251 1543 messi
286 1498 416 1543 nella
441 1497 757 1555 Compagnia
781 1506 971 1551 nostra;
999 1513 1081 1542 ma
1114 1513 1211 1542 non
1235 1499 1275 1542 si
1300 1506 1468 1554 presto
1493 1512 1545 1542 50
1570 1497 1599 1541 11
1625 1512 1738 1542 con-

105 1575 241 1632 cede,
268 1575 377 1621 anzi
401 1575 440 1621 si
466 1576 617 1621 fanno
642 1584 898 1633 aspettare
928 1591 1017 1632 per
1051 1591 1271 1640 prouare
1307 1576 1354 1620 la
1388 1590 1477 1620 sua
1513 1585 1739 1620 constan-

105 1652 173 1697 tia
196 1662 245 1698 et
267 1668 652 1711 perseueranza3
681 1662 729 1699 et
752 1669 839 1710 per
863 1662 1039 1711 questa
1063 1668 1219 1698 causa
1244 1653 1398 1705 molti,
1427 1653 1739 1709 desperando

104 1729 291 1775 d'esser
315 1730 527 1776 riceuuti
550 1731 682 1776 nella
708 1729 1022 1787 Compagnia
1045 1739 1234 1787 nostra,
1263 1731 1462 1776 intrano
1496 1732 1740 1777 nell'altre

105 1806 349 1863 religioni;
387 1807 451 1852 dil
485 1807 575 1853 che
609 1823 705 1852 non
740 1808 782 1853 ci
818 1807 1085 1853 dobbiamo
1110 1807 1430 1863 contristare,
1458 1808 1738 1854 002110110-

104 1899 276 1940 gmre,
304 1885 487 1940 perche
512 1900 675 1930 uanno
700 1901 729 1930 a
754 1885 946 1930 seruire
971 1900 1000 1930 a
1023 1884 1144 1939 Diog
1165 1901 1245 1930 ma
1270 1885 1362 1930 ben
1399 1886 1441 1930 ci
1477 1885 1740 1931 dobbiamo

104 1961 405 2006 contristare
428 1961 654 2006 uedendo
681 1962 770 2007 che
805 1962 834 2007 11
870 1962 1063 2019 parenti
1088 1971 1228 2007 tanto
1264 1961 1430 2007 sforzo
1467 1962 1617 2007 fanno
1652 1979 1741 2019 per

106 2037 344 2093 impedirli
368 2047 416 2083 et
440 2038 668 2084 alienarli
692 2038 772 2084 dal
797 2038 1003 2084 seruitio
1037 2038 1218 2085 diuino.
1258 2038 1339 2084 Ma
1374 2055 1467 2084 con
1502 2049 1628 2085 tutto
1663 2041 1739 2085 cio

104 2129 158 2159 so
183 2115 277 2160 ben
301 2115 406 2160 dire
429 2116 529 2160 alla
553 2116 612 2160 R.
643 2115 738 2161 V.a
761 2116 851 2161 che
874 2132 939 2161 un
970 2116 1109 2162 richo
1144 2125 1193 2162 et
1226 2117 1357 2162 nobil
1393 2117 1624 2172 giouane,
1668 2134 1738 2163 05-

106 2192 257 2237 sendo
281 2202 608 2250 grauemente
633 2194 826 2249 ripreso
860 2193 976 2238 dalli
1010 2194 1205 2250 parenti
1242 2196 1425 2251 perche
1462 2195 1654 2240 uenisse
1689 2196 1735 2240 al

105 2269 316 2326 collegio
341 2280 513 2316 nostro
538 2282 585 2316 et
608 2271 886 2327 seguitasse
911 2273 959 2317 la
983 2271 1299 2329 Compagnia
1331 2273 1391 2317 de
1428 2273 1615 2329 pomeri,
1654 2273 1739 2318 ris·
1787 2308 1790 2311 .

106 2346 366 2402 pondendo
391 2347 534 2393 disse:
563 2352 588 2393 0
613 2349 764 2393 molto
789 2349 971 2405 meglio
1006 2349 1232 2405 seguitar
1270 2350 1316 2394 10
1350 2350 1649 2406 compagnia
1680 2350 1739 2395 de

106 2423 277 2479 poueri
302 2424 468 2480 buoni,
495 2425 585 2470 che
609 2425 669 2470 de
693 2425 814 2470 richi
840 2425 989 2483 impii;
1016 2426 1063 2471 in
1089 2426 1235 2472 modo
1270 2427 1379 2471 chel
1416 2427 1570 2482 padre
1607 2430 1739 2472 resto

107 2501 358 2547 conuint0.

162 2578 204 2624 8.
272 2578 355 2624 Ma
378 2594 468 2636 per
490 2579 742 2626 ritornare
766 2581 848 2626 alli
872 2580 1189 2635 confessioni,
1214 2581 1349 2626 molti
1375 2581 1413 2625 si
1440 2580 1738 2627 confessario

106 2656 483 2711 generalmente
507 2657 566 2702 de
589 2666 717 2703 tutta
742 2658 789 2702 10
813 2657 916 2703 uita
940 2673 1047 2713 sua;
1076 2667 1123 2703 et
1148 2657 1284 2702 molti
1311 2656 1502 2713 peccati
1528 2657 1618 2702 che
1642 2658 1737 2714 pri-

74 2782 80 2790 ,
108 2748 188 2778 ma
212 2733 441 2779 haueuan
465 2734 627 2780 celato
652 2750 741 2791 per
764 2735 1050 2792 ignorantia
1074 2751 1101 2779 o
1127 2735 1274 2780 timor
1299 2736 1459 2789 (come
1496 2735 1635 2780 suole
1659 2750 1738 2780 00-

109 2809 326 2866 0ος1οῑ0),
355 2810 550 2856 l'hanno
574 2812 653 2868 poi
677 2812 977 2858 manifestati
1002 2812 1084 2857 0111
1112 2811 1259 2856 Padri
1285 2811 1458 2858 nostri.

156 3014 164 3032 ¹
217 3014 294 3050 Hic
312 3015 506 3062 juvenum
524 3020 663 3052 coetus
681 3017 771 3064 jure
791 3016 1056 3062 congregatio
1078 3015 1259 3050 mariana
1278 3016 1478 3062 appellari
1498 3029 1615 3063 posse
1632 3017 1738 3055 vide-

107 3078 184 3109 tur.
207 3072 323 3118 Quod
341 3074 374 3111 si
391 3074 447 3111 ita
467 3080 540 3119 est,
561 3075 746 3122 pluribus
765 3076 883 3112 annis
902 3076 1124 3122 praecessit
1149 3076 1460 3122 congregationi
1486 3078 1653 3124 collegii
1680 3091 1738 3114 ro-

108 3133 228 3174 mani.
250 3134 364 3181 cujus
383 3134 495 3170 initia
518 3135 606 3170 vide
626 3136 729 3181 apud
752 3134 940 3171 Polcmcz'
960 3135 1296 3180 complementa,
1319 3135 1348 3177 1,
1370 3136 1452 3181 375,
1474 3136 1556 3175 470.
