2051 3516
349 330 372 365 6
813 325 1029 362 LITTERAE
1058 323 1409 369 QUADRIMESTRES

301 424 444 470 huius
467 422 621 469 nostri
645 420 838 478 collegii
862 417 1144 477 gandiensis
1178 416 1250 461 his
1283 426 1494 472 quatuor
1528 414 1774 460 mensibus
1808 428 1916 470 pro·

302 501 433 546 xime
472 498 771 557 praeteritis,
812 496 1074 542 admodum
1114 492 1406 538 Reuerende
1444 492 1609 548 Pater,
1652 490 1723 535 his
1766 489 1917 535 literis

308 577 443 624 breui
468 586 515 622 te
538 575 719 621 faciam
744 573 1024 619 certiorem.

363 654 405 699 2.
441 654 628 709 Magna
651 660 724 697 est
746 649 996 695 hominum
1020 645 1293 701 multitudo,
1320 660 1446 702 quae
1478 645 1602 689 solet
1635 642 1806 688 diebus
1839 642 1917 686 do·

306 731 492 777 minicis
517 739 664 786 atque
688 727 825 773 festis
850 725 911 770 ad
935 733 1135 769 nostras
1158 722 1305 768 aedes
1324 736 1497 767 sacras
1516 719 1798 775 conuenire,
1820 727 1920 780 tam

304 806 731 865 percipiendorum
755 810 1182 849 sacramentorum
1207 814 1373 854 causa,
1401 813 1547 854 quam
1566 796 1920 842 audiendarum

305 884 613 930 concionum.
641 881 899 926 Habentur
923 878 1049 923 enim
1074 877 1120 922 in
1144 885 1314 921 nostro
1338 876 1521 931 templo
1555 882 1792 930 perpetuo
1827 872 1920 917 die-

307 962 396 1006 bus
420 958 671 1004 dominicis
695 971 872 1002 sacrae
896 953 1172 1009 conciones,
1200 961 1248 997 et
1272 951 1378 997 aliis
1408 949 1742 996 celeberrimis
1765 947 1919 1004 festis,

307 1037 353 1082 in
387 1036 559 1093 quibus
589 1034 650 1079 ad
680 1047 942 1088 vesperam
966 1029 1144 1075 ibidem
1168 1028 1392 1074 doctrina
1415 1026 1683 1072 christiana
1707 1040 1817 1070 cum
1842 1040 1921 1069 ex-

307 1111 587 1170 planatione
607 1108 823 1165 diligenti
847 1107 1170 1152 articulorum
1190 1104 1314 1161 fidei,
1336 1113 1715 1161 praeceptorum
1734 1101 1856 1158 legis
1876 1110 1922 1146 et

310 1187 566 1234 Ecclesiae
590 1187 795 1231 docetur
819 1183 1014 1240 publica
1037 1182 1289 1227 concione.

366 1264 407 1310 3.
474 1263 787 1308 Instruuntur
820 1269 1084 1317 praeterea
1119 1259 1163 1303 in
1199 1258 1369 1303 eadem
1403 1256 1626 1302 doctrina
1661 1253 1925 1312 praedictis

310 1336 480 1381 diebus
504 1334 732 1379 absoluta
756 1331 992 1377 concione
1017 1329 1172 1386 pueri,
1193 1329 1271 1374 cui
1289 1343 1385 1373 non
1405 1330 1702 1373 erubescunt
1726 1327 1923 1371 interes-

310 1428 362 1457 se
386 1411 599 1457 maiores
622 1419 755 1466 natu,
784 1423 927 1465 quam
952 1407 1016 1452 illi
1040 1405 1281 1452 cantitant
1300 1406 1414 1462 (quo
1434 1404 1627 1450 facilius
1645 1404 1692 1448 in
1711 1403 1925 1448 animum

312 1487 564 1543 illabatur)
588 1495 736 1531 cantu
761 1485 982 1540 remisso,
1019 1482 1176 1538 suaui,
1212 1491 1259 1527 et
1293 1481 1363 1526 rei
1397 1480 1679 1537 propositae
1713 1479 1925 1525 maxime

314 1563 655 1610 accomodato.

369 1641 412 1685 4.
480 1639 575 1696 Qui
599 1638 661 1684 ad
684 1653 772 1682 nos
796 1637 1100 1693 frequenter,
1127 1635 1292 1692 gratia
1326 1634 1588 1680 confitendi
1622 1642 1843 1690 peccata,
1881 1641 1927 1677 et

312 1716 655 1774 percipiendae
688 1729 865 1759 sacrae
899 1712 1254 1758 communionis
1288 1711 1544 1767 accedunt,
1582 1719 1692 1755 sunt
1721 1709 1928 1766 amplius

313 1792 523 1838 ducenti:
552 1807 613 1836 ex
637 1790 810 1847 quibus
833 1789 912 1834 alii
938 1798 1116 1834 octauo
1140 1803 1334 1845 quoque
1357 1787 1451 1842 die,
1488 1787 1568 1832 alii
1603 1786 1769 1843 quinto
1803 1785 1927 1831 deci-

314 1884 408 1924 mo,
450 1868 531 1913 alii
569 1877 913 1923 quotoquoque
958 1880 1122 1910 mense
1165 1864 1293 1910 idem
1332 1872 1602 1920 praestant,
1645 1872 1697 1907 vt
1735 1872 1928 1907 taceam

315 1946 439 1991 alios
473 1945 550 2001 qui
585 1944 766 1989 eisdem
799 1942 982 1987 sanctis
1015 1942 1186 1987 studiis
1219 1941 1332 1986 alibi
1367 1941 1667 1986 incumbunt:
1695 1939 1822 1996 quod
1847 1940 1934 1983 mi-

315 2022 521 2068 randum
547 2030 635 2075 est,
665 2020 710 2064 in
735 2020 909 2076 oppido
935 2018 1229 2075 praesertim
1254 2028 1354 2063 tam
1374 2017 1573 2073 exiguo.

373 2098 416 2143 5.
484 2096 607 2142 Cum
638 2097 683 2141 in
713 2105 995 2152 pentecoste.
1029 2094 1237 2152 jubileus
1272 2094 1333 2139 ad
1367 2109 1454 2139 nos
1488 2094 1664 2139 missus
1698 2094 1928 2138 indicere-

317 2185 396 2221 tur
420 2185 447 2230 1,
480 2173 675 2218 numine
698 2172 790 2217 Dei
816 2172 999 2216 factum
1024 2181 1114 2223 est,
1152 2180 1203 2216 vt
1237 2186 1295 2216 eo
1320 2180 1543 2226 tempore
1575 2171 1680 2226 plus
1705 2170 1928 2226 quadrin-

317 2250 477 2307 gentis
502 2250 806 2305 perciperent
830 2248 1181 2293 eucharistiam
1206 2247 1251 2291 in
1281 2256 1448 2292 nostro
1479 2248 1676 2303 templo.
1715 2246 1857 2303 Quod
1892 2246 1929 2291 si

317 2327 471 2373 nostri
496 2336 542 2371 et
565 2326 774 2371 aliorum
799 2326 1090 2381 templorum
1125 2340 1366 2369 summam
1392 2324 1597 2368 velimus
1620 2323 1803 2376 facere,
1831 2323 1941 2379 fue—³

318 2413 430 2448 runt
454 2402 661 2458 amplius
686 2400 813 2445 mille
838 2410 883 2445 et
907 2400 1173 2456 quingenti.

376 2479 419 2524 6.
487 2477 705 2522 Cunctus
743 2476 819 2520 hic
858 2477 1061 2532 populus
1105 2486 1178 2521 est
1222 2475 1366 2520 valde
1410 2475 1632 2520 addictus
1675 2473 1927 2531 Societati,

320 2553 611 2611 praesertim
645 2553 755 2597 huic
788 2552 999 2607 collegio
1029 2568 1156 2597 nunc
1179 2552 1336 2608 magis
1361 2566 1505 2608 quam
1530 2566 1742 2608 vnquam
1766 2551 1927 2609 fuerit;

321 2624 383 2669 ad
417 2624 544 2680 quod
577 2623 627 2667 fit
660 2623 888 2678 frequens
922 2638 1190 2667 concursus
1213 2623 1476 2667 multorum
1500 2622 1825 2679 flagitantium
1850 2637 1934 2667 no-

321 2710 473 2746 stram
497 2715 714 2755 operam,
743 2715 886 2755 quam
911 2699 1102 2755 Patres,
1131 2700 1297 2744 oblata
1316 2699 1594 2755 occasione,
1616 2699 1931 2745 libentissime

321 2785 593 2835 praestant.
622 2775 790 2820 Solent
815 2775 941 2820 enim
971 2776 1211 2820 accedere
1241 2776 1302 2820 ad
1327 2791 1511 2832 aegros
1534 2777 1755 2821 volentes
1789 2775 1930 2821 confi-

323 2853 413 2899 teri
438 2862 645 2909 peccata
668 2865 773 2900 sua:
801 2852 974 2908 quibus
998 2851 1037 2896 si
1061 2852 1325 2908 contigerit
1349 2852 1562 2897 animam
1585 2867 1756 2908 agere,
1783 2852 1930 2897 etiam

324 2938 524 2986 praesto
548 2937 672 2973 sunt.

374 3061 381 3078 ¹
438 3057 682 3103 «Jubilaeum
702 3056 835 3098 etiam,
857 3068 879 3090 a
896 3055 1022 3091 Paulo
1040 3055 1100 3092 IV
1125 3068 1194 3101 pro
1221 3068 1317 3101 pace
1344 3056 1449 3092 inter
1475 3056 1672 3102 principes
1698 3056 1931 3093 christianos

325 3128 569 3159 concessum,
591 3115 639 3150 ad
660 3114 769 3150 varia
788 3115 874 3149 loca
893 3114 1055 3150 missum
1075 3119 1172 3150 est.»
1193 3114 1422 3158 POLANCUS,
1448 3115 1614 3159 Clzron„
1640 3114 1707 3159 VI,
1732 3114 1784 3151 16.
