2051 3516
322 289 345 325 2
784 289 1000 326 LITTERAE
1026 290 1377 336 QUADRIMESTRES

276 383 525 429 ciuitatem
565 383 822 439 theologos
862 399 1094 429 romanos
1133 384 1408 441 aduenisse,
1446 385 1525 441 qui
1558 385 1718 430 studia
1752 385 1892 430 huius

277 460 600 507 achademiae
624 460 813 517 iuuare,
839 469 925 506 aut
949 461 1109 517 potius
1132 462 1412 507 instaurare
1431 462 1646 517 cupiunt.
1669 462 1891 508 Tandem

277 546 519 593 rogantur
542 545 594 581 ut
618 536 663 580 in
688 536 932 592 publicum
957 537 1212 594 prodeant,
1239 546 1286 583 et
1309 538 1585 583 orationem
1610 539 1821 594 aliquam
1846 540 1890 584 in

277 613 608 658 studiosorum
642 612 857 667 gratiam
898 612 1081 658 habere
1121 614 1286 666 uelint,
1328 614 1458 669 quod
1495 621 1543 659 et
1582 614 1788 659 libenter
1826 614 1891 659 fe-

277 698 469 735 cerunt.
1143 691 1146 692 ⁷

337 766 378 811 2.
445 766 606 822 Magr.
635 765 879 811 Henricus
904 766 1170 823 Dionysius
1195 767 1351 823 primo
1377 766 1588 823 incoepit
1607 767 1797 823 publice
1817 768 1892 812 de-

278 843 497 888 clamare
522 841 670 886 latine
694 857 877 897 magna
901 857 1010 887 cum
1036 843 1251 888 omnium
1277 843 1632 895 satisfactione,
1656 843 1715 888 de
1751 844 1894 888 laude

279 919 490 971 uirtutis,
528 918 573 963 in
608 918 854 963 auditorio
879 918 1196 974 amplissimo.
1219 919 1352 964 Idem
1373 919 1534 975 Magr.
1562 918 1779 977 Joannes
1802 919 1893 964 Re-

277 995 408 1040 thius
425 994 652 1040 facturus
670 994 841 1040 fuisset
861 995 1103 1040 dominica
1123 996 1358 1052 sequenti:
1380 995 1465 1041 sed
1485 995 1732 1052 malignus
1751 996 1894 1052 impe-

279 1071 491 1117 dimento
510 1071 614 1127 fuit,
637 1070 715 1127 qui
733 1072 858 1116 tales
877 1080 1080 1116 conatus
1099 1071 1204 1127 pios
1222 1087 1411 1116 summo
1430 1071 1540 1116 odio
1562 1071 1891 1128 prosequitur.

338 1147 381 1192 3.
447 1147 660 1204 Quidam
699 1147 826 1192 enim
867 1147 1028 1204 Magr.
1069 1157 1255 1198 noster,
1299 1147 1394 1192 iam
1440 1148 1575 1192 senio
1622 1148 1892 1200 confectus,

282 1239 462 1270 nouam
486 1224 612 1269 hanc
635 1223 821 1268 bonam
843 1223 1243 1268 consuetudinem
1261 1223 1394 1268 ferre
1418 1239 1514 1268 non
1538 1224 1706 1280 potuit,
1732 1233 1783 1269 ut
1817 1225 1894 1269 do-

282 1300 469 1345 minicis
507 1299 676 1345 diebus
714 1299 887 1355 aliquis
926 1309 1146 1344 nostrum
1185 1300 1491 1345 declamaret
1525 1300 1769 1356 deincepS,
1812 1300 1896 1345 sed

282 1392 370 1433 per
393 1376 632 1422 bidellnm
655 1375 676 1396 a
700 1375 960 1431 prohibuit,
988 1390 1047 1420 ne
1071 1376 1194 1420 tales
1214 1375 1600 1421 declamationes
1619 1375 1808 1427 fierent:
1832 1377 1896 1421 in-

282 1453 552 1499 dicauimus
571 1453 753 1502 amicis:
778 1453 899 1498 illico
920 1451 1046 1497 ΒΨ
1065 1452 1218 1497 Dnus.
1241 1450 1534 1508 Grupperus
1559 1455 1569 1476 ¹
1593 1452 1654 1497 ad
1674 1453 1895 1498 eumdem

283 1530 530 1586 Magrum.
558 1539 780 1574 nostrum
806 1530 993 1574 litteras
1018 1529 1176 1585 mittit3
1204 1529 1424 1575 similiter
1448 1527 1555 1574 ΗΜ
1586 1529 1664 1575 Pr.
1701 1530 1895 1574 carthu-

284 1607 388 1652 siae
416 1607 448 1663 2;
483 1605 656 1662 quibus
694 1605 848 1659 lectis,
891 1615 1022 1650 totus
1060 1605 1106 1650 in
1145 1606 1291 1651 aliam
1332 1616 1549 1651 mutatur
1587 1607 1894 1663 sententiam,

284 1698 528 1728 excusans
552 1698 604 1727 se
635 1682 762 1738 quod
796 1682 1087 1738 ignoranter
1119 1682 1333 1733 fecisset,
1372 1681 1770 1739 Societatemque
1803 1697 1897 1727 non

283 1760 515 1810 nouisset;
543 1758 862 1816 promisitque
888 1759 1067 1804 nostris
1092 1774 1286 1804 omnem
1311 1775 1450 1804 suum
1477 1760 1703 1805 fauorem
1739 1770 1786 1805 et
1819 1760 1898 1805 be-

284 1837 612 1882 neuolentiam
636 1836 683 1880 in
707 1836 1074 1892 quibuscunque
1105 1837 1299 1893 poterit.
1333 1835 1630 1882 Gaudebant
1664 1837 1806 1882 amici
1841 1837 1899 1883 de

285 1913 447 1958 subita
482 1912 751 1957 mutatione
790 1912 927 1957 istius
962 1912 1055 1957 Mfi
1097 1913 1265 1968 nostri,
1304 1913 1381 1969 qui
1416 1923 1515 1958 tam
1551 1914 1797 1959 mordicus
1820 1914 1897 1959 de-

288 1989 490 2034 fendere
529 1990 653 2034 solet
688 1989 916 2044 antiquas
944 2004 1060 2034 suas
1084 1990 1471 2041 constitutiones;
1499 1991 1583 2035 sed
1607 2006 1665 2035 ne
1690 1991 1794 2046 qui-s
1819 1991 1899 2035 ha-

288 2067 430 2111 beret
453 2081 624 2110 ansam
651 2065 900 2121 culpandi
921 2065 1099 2120 aliquid
1131 2065 1164 2115 b,
1195 2066 1350 2110 uisum
1376 2076 1448 2111 est
1482 2065 1667 2117 amicis.
1705 2076 1758 2111 vt
1791 2082 1899 2122 ger-

286 2142 477 2187 manice
501 2141 771 2197 inciperent
795 2141 972 2196 populo
997 2141 1297 2190 concionari,
1326 2142 1481 2187 donec
1506 2143 1550 2186 in
1576 2143 1743 2187 schola
1768 2143 1898 2187 theo-

286 2220 515 2275 logorum
552 2216 910 2273 responderint;
948 2228 1046 2262 tum
1081 2218 1208 2262 enim
1241 2218 1416 2263 ibidem
1452 2218 1631 2274 aliquid
1665 2219 1710 2263 in
1743 2219 1899 2264 sacris

286 2296 596 2351 praelegere,
623 2294 890 2339 secundum
915 2294 1042 2350 quod
1068 2294 1113 2338 in
1139 2294 1349 2339 Domino
1369 2295 1628 2348 uidebitur,
1652 2305 1896 2351 poterunt,

288 2386 424 2416 more
448 2370 590 2415 huius
608 2370 959 2415 vniuersitatis.

333 2519 352 2538 a
402 2518 683 2564 apparitorem.
708 2517 759 2552 In
783 2517 933 2553 Clzrou.
956 2520 1102 2552 antem
1130 2527 1275 2553 vocem
1306 2517 1510 2553 bedellum
1530 2517 1752 2554 Polancus
1777 2518 1899 2554 adhi-

288 2579 391 2614 buit.
446 2577 509 2603 —b
530 2576 679 2622 aliquid
698 2576 1030 2621 reprehendendi.

337 2727 345 2745 ¹
393 2725 569 2771 Joannes
597 2723 849 2769 Gropperus,
883 2723 1111 2759 scholarcus
1143 2723 1252 2759 aedis
1284 2722 1325 2759 S.
1359 2722 1571 2759 Gereonis.
1606 2723 1669 2759 De
1700 2736 1777 2770 quo
1809 2724 1900 2760 dicit

290 2784 447 2826 EUBEL‚
485 2783 791 2819 Ht'erarcltia...
829 2782 895 2822 HI.
932 2782 994 2825 38,
1028 2789 1207 2818 creatum
1243 2782 1363 2818 fuisse
1398 2782 1643 2818 cardinalem
1681 2782 1723 2818 13
1752 2782 1898 2828 janua-

289 2844 337 2879 rii
358 2841 459 2887 1556,
487 2842 555 2878 sed
583 2842 819 2887 dignitatem
847 2853 971 2886 usque
999 2841 1047 2877 ad
1075 2846 1242 2877 mortem
1268 2841 1531 2883 recusavisse;
1561 2853 1731 2887 eumque
1756 2842 1899 2878 obiisse

289 2903 328 2938 in
347 2902 458 2938 curia
476 2913 641 2937 romana
662 2901 704 2936 13
724 2900 859 2936 Martii
882 2900 981 2937 1559.

337 2962 349 2981 ‘²
399 2960 607 2997 Gerardus
641 2960 854 2995 Hammont
887 2959 1239 3003 (Kalckbrenner).
1274 2959 1504 3001 POLANCUS‚
1534 2961 1606 2995 loc.
1637 2960 1700 2995 cit.
1731 2959 1783 2999 V,
1816 2958 1896 2995 288.

290 3020 422 3067 Hujus
446 3018 643 3065 praeclari
664 3018 737 3053 viri
756 3018 933 3063 elogium
954 3019 1077 3054 videri
1097 3024 1225 3064 potest
1244 3018 1348 3063 apud
1367 3018 1629 3059 LEVASSEUR.
1652 3017 1899 3063 Eplzenzem'-

291 3079 366 3115 des
384 3078 552 3114 ordinis
572 3079 864 3117 cartusiensis,
886 3077 952 3119 ΠΙ,
974 3078 996 3113 5
1014 3090 1098 3123 sqq.
1122 3120 1125 3122 ‚
