2051 3516
547 306 859 344 4.-OLISIPONE
884 317 1007 344 INITIO
1034 318 1132 343 ANNI
1163 307 1251 343 1557
1617 310 1658 345 17

79 400 284 457 singulis
308 401 352 446 in
378 401 619 446 classibus
643 411 903 447 crearetur
927 417 1067 456 unus,
1101 401 1224 447 fidus
1259 411 1306 447 et
1340 402 1588 457 honestus,
1626 405 1703 460 qui

78 477 278 523 nomina
301 478 579 523 absentium
604 479 649 523 in
674 479 838 524 album
863 477 1094 532 referret,
1123 494 1326 535 quorum
1354 479 1481 524 ratio
1506 490 1705 535 praeter

78 553 209 599 illam
234 569 360 610 quae
384 569 414 599 a
433 555 842 612 praeceptoribus
866 555 1082 612 quotidie
1101 555 1335 611 exigitur,
1358 555 1421 600 ab
1440 555 1544 611 ipso
1564 572 1704 612 prae-

78 629 209 676 fecto
248 631 293 676 in
338 630 431 676 fine
469 632 853 688 uniuscuiusque
887 632 1066 677 mensis
1101 632 1408 688 exigeretur3
1446 632 1574 688 quod
1610 648 1704 677 non

78 723 253 763 parum
278 709 593 754 emolumenti
618 708 710 753 illis
733 709 913 754 attulit:
946 724 1060 754 nam
1096 718 1246 754 antea
1281 724 1374 753 non
1412 718 1554 754 erant
1588 710 1704 754 assi-

78 785 174 839 dui,
204 785 301 830 imo
327 795 412 831 aut
436 786 481 830 in
507 801 561 830 re
586 785 817 831 familiari
843 786 1057 842 ocupati,
1085 795 1171 831 aut
1190 786 1297 831 aliis
1323 786 1536 841 negotiis
1560 786 1705 842 impe-

77 862 160 907 diti
200 863 487 919 saepissime
521 862 952 909 desiderabantur.
989 863 1065 909 De
1099 863 1171 908 his
1206 864 1442 909 absentiis
1474 873 1707 920 parentes

77 939 310 994 priuatim
344 955 374 985 a
408 939 665 996 praefecto
700 939 819 985 fiunt
853 940 1107 985 cerciores
1141 955 1231 996 per
1254 950 1595 986 correctorem
1620 950 1706 986 aut

76 1031 166 1072 per
199 1016 346 1062 alium
380 1016 573 1062 fidelem
608 1017 854 1074 nuncium,
891 1033 953 1062 ex
988 1033 1083 1073 quo
1113 1033 1209 1062 non
1234 1033 1444 1074 paruam
1471 1018 1706 1063 laetitiam

77 1093 497 1151 edificationisque
541 1095 819 1150 exemplum
864 1095 1132 1151 accipiunt,
1179 1110 1291 1140 cum
1336 1095 1536 1141 uideant
1584 1095 1708 1140 filios

76 1185 193 1216 suos
231 1180 402 1216 tantae
436 1187 544 1216 esse
578 1172 718 1217 nobis
752 1186 922 1228 curae,
959 1172 1173 1228 nihilque
1207 1173 1297 1218 nisi
1332 1188 1505 1218 eorum
1545 1172 1706 1230 profe-

79 1257 212 1293 ctum
237 1263 464 1305 querere.

140 1326 207 1371 10.
274 1325 582 1371 Procedente
631 1336 797 1372 autem
846 1336 1090 1383 tempore,
1143 1327 1301 1372 tribus
1345 1327 1440 1372 iam
1485 1326 1707 1373 decursis

77 1402 339 1456 mensibus,
381 1403 554 1448 uolens
592 1403 746 1448 Pater
789 1403 1077 1459 praefectus
1122 1404 1474 1461 discipulorum
1514 1404 1706 1449 animos

78 1479 252 1524 iterum
276 1479 338 1524 ad
362 1479 524 1525 studia
554 1480 779 1536 incitare,
816 1481 1073 1537 praecepit
1108 1481 1422 1537 praeceptori
1457 1481 1705 1527 secundae

76 1556 249 1601 classis
279 1566 332 1602 ut
361 1567 679 1613 componeret
713 1557 895 1614 aliquid
930 1558 992 1602 ad
1026 1558 1244 1603 natalem
1280 1558 1476 1603 Domini
1512 1574 1706 1604 accom-

75 1634 346 1689 modatum;
383 1634 462 1690 qui
493 1634 634 1680 dictis
664 1634 829 1680 Patris
853 1635 1104 1691 obediens,
1132 1636 1434 1692 compossuit
1458 1636 1705 1692 quandam

75 1710 303 1767 eclogam
330 1711 376 1756 in
402 1726 498 1768 qua
523 1711 884 1757 inducebantur
906 1712 934 1756 4
967 1721 1213 1769 pastores,
1251 1713 1460 1768 angelus
1496 1722 1544 1758 et
1577 1713 1704 1758 Iose-

74 1788 198 1845 phus
236 1798 284 1834 et
323 1788 485 1833 Maria
519 1790 649 1844 (erat
687 1789 815 1834 enim
851 1789 1086 1835 historiae
1120 1790 1366 1846 euangelii
1401 1805 1702 1846 congruens,

76 1866 364 1911 eruditionis
387 1875 435 1911 et
459 1866 677 1912 laetitiae
702 1866 970 1923 spiritualis
994 1868 1155 1923 plena,
1182 1868 1392 1924 tempori
1428 1877 1476 1913 et
1499 1867 1705 1924 discipu-

76 1937 236 1982 lorum
270 1937 515 1983 desiderio
549 1938 806 1995 seruiens);
844 1948 959 1984 acta
993 1949 1066 1984 est
1100 1940 1163 1984 ab
1194 1939 1413 1984 eiusdem
1444 1940 1616 1985 classis
1640 1939 1704 1984 di-

75 2015 272 2072 scipulis
307 2015 382 2060 die
416 2016 784 2061 circuncisionis
820 2016 1032 2071 Domini,
1071 2032 1196 2073 quae
1231 2018 1495 2063 delectauit
1529 2018 1704 2062 mirum

77 2092 342 2137 immodum
367 2092 638 2149 auditores3
666 2102 714 2139 et
736 2109 833 2138 non
858 2094 1016 2139 solum
1041 2095 1102 2139 ad
1122 2094 1339 2139 diuinum
1360 2110 1598 2147 amorem,
1621 2094 1704 2139 sed

76 2170 225 2215 etiam
250 2169 312 2214 ad
334 2170 593 2215 literarum
616 2170 778 2216 studia
803 2186 975 2216 eorum
1001 2171 1190 2216 animos
1216 2171 1552 2217 inflammauit.

165 2246 329 2292 Locus
353 2256 519 2292 autem
542 2247 588 2292 in
612 2263 708 2305 quo
732 2249 890 2293 solent
914 2248 1186 2293 huiusmodi
1212 2249 1467 2294 literarum
1502 2249 1597 2293 ludi
1624 2264 1703 2304 po-

76 2324 189 2380 pulo
228 2324 434 2380 exiberi,
475 2334 586 2370 erat
624 2325 955 2381 pulcherrime
988 2335 1210 2381 ornatus;
1253 2326 1299 2370 in
1334 2336 1561 2371 extrema
1601 2326 1706 2370 eius

76 2410 218 2456 parte
251 2410 544 2457 suggestum
578 2411 689 2447 erat
719 2411 1060 2447 constructum
1085 2403 1240 2448 textili
1264 2402 1469 2459 fflagulo
1494 2412 1704 2447 stratum

77 2479 263 2535 magni
285 2478 475 2535 zcisqzte
512 2478 755 2534 Operibus
782 2480 1014 2535 parietes
1052 2480 1217 2525 uestiti
1257 2486 1289 2532 ει;
1323 2480 1499 2525 onmem
1532 2484 1705 2524 {alneu

76 2559 133 2600 ut
152 2556 324 2600 decere
348 2556 663 2602 uiderentur.
691 2556 771 2601 Ad
795 2573 905 2602 eam
930 2557 1227 2602 audiendam
1251 2557 1415 2603 factus
1445 2566 1518 2602 est
1553 2557 1705 2602 maxi-

77 2647 185 2677 mus
218 2632 467 2677 hominum
502 2648 792 2691 concursus,
819 2633 946 2679 inter
970 2649 1092 2691 quos
1117 2644 1359 2680 uenerunt
1383 2644 1484 2679 tres
1511 2643 1704 2690 praeto-

77 2724 158 2754 res
181 2709 320 2754 huius
344 2709 497 2766 urbis,
524 2710 760 2767 multique
780 2722 1045 2767 praeterea
1065 2711 1156 2756 uiri
1182 2711 1370 2755 nobiles
1391 2719 1439 2755 et
1456 2710 1650 2756 literati
1668 2710 1702 2767 b;

78 2800 139 2830 ex
163 2786 337 2843 quibus
361 2787 557 2842 quidam
582 2787 704 2833 dixit
728 2788 909 2833 debere
934 2803 1105 2833 omnes
1129 2788 1269 2832 huius
1294 2787 1507 2833 ciuitatis
1531 2787 1706 2834 doctos

77 2864 216 2908 nobis
239 2873 463 2920 sumptus
487 2864 822 2922 suppeditare,
849 2874 902 2910 ut
931 2865 1080 2910 certis
1116 2864 1407 2920 quibusdam
1441 2865 1553 2910 anni
1587 2874 1705 2910 tem-

77 2940 279 2995 poribus
313 2940 488 2986 similia
521 2942 809 2998 spectacula
847 2942 939 2987 illis
970 2941 1213 2997 praebere
1251 2956 1520 2997 possemus.
1551 2942 1705 2987 Dem'-

125 3123 142 3143 ³
186 3117 362 3162 parietes
381 3121 516 3152 autem
536 3117 738 3163 tapetibus
758 3117 907 3152 uestiti.
963 3116 1027 3142 μθ
1049 3121 1087 3151 ct
1108 3116 1265 3153 eruditi.

220 3199 386 3227 LiTTERAF.
411 3199 708 3232 QUADRIMESTRES.
731 3199 819 3226 TOM.
844 3200 879 3227 V.
1586 3201 1602 3228 2
