2051 3516
331 304 401 339 570
798 302 1013 339 Ll'f'IERAE
1043 303 1133 347 Qun
1142 312 1396 339 DR1MEsri<Es

287 411 423 442 nunc
452 412 507 442 eo
543 398 815 442 rhetorices
848 386 1095 443 studiosos
1126 398 1330 454 impulit
1355 402 1409 442 ut
1430 404 1446 423 ὃ
1475 398 1586 451 bini,
1614 407 1713 442 tum
1738 397 1908 442 diebus

285 473 557 523 dominicis,
595 483 696 517 tum
732 473 869 518 sestis
903 490 961 518 ac
996 474 1153 518 sacris
1192 474 1362 518 diebus
1401 474 1683 517 declamare
1722 482 1907 530 cogan-

286 554 371 594 tur
401 549 436 594 ¹².
484 550 628 594 Haec
670 554 793 613 smgt
829 551 1062 608 profecto
1091 550 1312 607 foelicia
1357 551 1619 605 auspicia:
1663 549 1816 594 fidelis
1861 560 1909 594 et

285 642 473 681 aequus
507 626 762 681 Dominus,
800 626 879 682 qui
912 642 1106 681 semper
1142 626 1197 669 iis
1232 635 1432 682 praesto
1468 626 1624 681 adest,
1661 625 1738 682 qui
1773 641 1908 681 spem

286 718 479 748 omnem
504 703 547 747 in
574 703 678 758 ipso
703 712 888 758 ponunt
911 710 947 748 Ε.

343 780 386 825 4.
452 780 561 824 Non
586 779 809 835 equidem
834 795 1030 836 uereor,
1058 779 1186 834 quin,
1214 788 1266 823 ut
1290 779 1525 834 paulatim
1550 778 1770 823 haeresis
1801 794 1906 824 suc-

285 872 434 901 censa
473 865 563 913 est,
607 856 673 901 ita
712 856 890 902 sensim
930 857 1263 911 extinguetur.
1311 856 1627 912 Argumento
1663 856 1776 901 mihi
1816 866 1904 912 est,

286 933 452 989 quinto
478 942 563 978 aut
586 942 727 977 sexto
752 933 929 978 abhinc
954 933 1029 977 die
1054 932 1188 977 facta
1213 933 1258 977 in
1279 933 1521 988 quendam
1542 932 1907 988 anabaptistam

286 1009 668 1065 animaduersio,
697 1010 742 1053 in
767 1026 861 1066 qua
891 1011 1024 1054 nulla
1056 1009 1145 1053 fuit
1177 1009 1351 1054 seditio
1388 1010 1609 1065 suborta,
1645 1010 1805 1054 nullus
1837 1020 1907 1054 tu-

286 1086 465 1130 multus
490 1085 624 1130 uisus
648 1085 752 1141 suit,
779 1085 859 1141 qui
881 1095 1045 1131 tamen
1069 1085 1405 1130 huiuscemodi
1430 1085 1909 1131 animaduersionem

285 1177 635 1217 nonnunquam
659 1172 992 1218 consequutus
1016 1172 1103 1206 est.
1132 1162 1405 1207 Praeterea
1439 1162 1738 1218 accepimus,
1780 1163 1910 1218 quod

286 1254 375 1283 nos
410 1254 578 1282 omnes
612 1238 872 1294 plurimum
898 1238 1211 1294 exhilaraust,
1239 1238 1413 1283 ducem
1437 1237 1599 1296 Juliae
1624 1241 1635 1262 ¹
1663 1254 1688 1283 e
1713 1254 1801 1283 suo
1826 1239 1908 1283 du-

285 1326 397 1359 cato
421 1326 569 1370 atque
594 1315 798 1370 imperio
823 1316 1200 1360 concionatores
1224 1315 1503 1360 haereticos
1527 1316 1838 1371 exturbasse,
1860 1326 1908 1361 et

286 1392 568 1449 catholicos
591 1391 929 1448 assumpsisse.
970 1391 1210 1436 Dominus
1249 1391 1385 1436 Deus
1424 1391 1784 1437 exuscitabitur
1824 1392 1906 1436 ali-

286 1467 497 1525 quando,
540 1476 587 1512 et
622 1466 837 1512 uisitabit
872 1467 1064 1512 uineam
1091 1482 1247 1512 suam.
1274 1466 1375 1511 Det
1397 1467 1540 1512 nobis
1564 1468 1674 1523 ipse
1698 1467 1907 1512 clemen-

285 1544 518 1589 tissimus
540 1544 685 1588 Dens
708 1558 800 1588 nos
819 1558 927 1588 esse
946 1549 1100 1599 posse
1123 1544 1312 1600 dignos
1335 1548 1381 1588 et
1404 1544 1759 1588 accommodos
1780 1558 1908 1589 suae

288 1621 473 1665 uineae
497 1620 781 1676 operarios.
810 1620 919 1664 Nos
941 1620 1123 1664 obm‘xe
1156 1620 1204 1664 Τ.
1232 1620 1293 1664 P.
1316 1619 1557 1675 precibus
1580 1621 1909 1677 omniumque

285 1697 508 1742 Patmmz
544 1711 603 1741 ac
625 1697 864 1754 fratrmn
901 1697 1048 1741 z‘sslzl'c
1083 1697 1351 1752 agentiwn
1388 1696 1751 1753 Colonz'aquce
1780 1710 1908 1741 com-

286 1773 613 1818 mendamus.

376 1849 615 1894 Coloniae
634 1849 768 1905 1558,
795 1850 822 1893 4
845 1850 951 1894 idus
974 1850 1198 1894 Martias.
1229 1849 1305 1894 Ex
1339 1850 1572 1895 mandato
1607 1849 1703 1895 Rfli
1744 1850 1909 1894 Patris

287 1926 349 1971 D.
376 1926 645 1983 Leonardi‚
673 1926 731 1971 T.
759 1927 818 1971 R.
847 1926 899 1971 P.
927 1942 1101 1971 seruus
1127 1927 1171 1970 in
1199 1925 1416 1983 Christo,

1169 2038 1430 2084 HENR1cus
1465 2036 1724 2084 SOMALan
1757 2040 1788 2083 2.

334 2183 350 2202 a
398 2175 639 2211 Rhetorices
658 2174 823 2210 studiosi
841 2174 933 2214 bini.
990 2173 1053 2200 —b
1086 2174 1326 2209 declamanti
1384 2181 1444 2201 —c
1490 2174 1910 2212 Deszmtz'nHANSEN

287 2234 347 2271 20
362 2246 428 2271 vv.
447 2233 649 2280 praeced.

336 2390 344 2407 ¹
397 2387 646 2425 Gulielmus⁴
672 2386 820 2422 Parum
841 2390 975 2420 tamen
996 2385 1156 2421 veritati
1176 2398 1393 2422 consonum
1413 2386 1595 2422 nuntium
1616 2387 1688 2423 hoc
1709 2386 1829 2423 fuisse
1849 2400 1909 2424 as·

287 2448 385 2484 serit
404 2447 593 2487 HANSEN,
615 2447 688 2482 loc.
711 2445 791 2486 cit..
812 2444 894 2481 305.

336 2508 348 2526 ²
403 2507 505 2543 Vide
525 2506 722 2552 superius,
745 2517 836 2551 pag.
863 2503 938 2544 141.
961 2510 1095 2539 annot.
1121 2505 1150 2539 1.
