2051 3516
376 269 443 303 804
841 264 1058 300 Li'sTERAE
1084 263 1440 308 QUADfflMEs‘sREs

331 377 453 417 erga
493 375 581 404 nos
620 357 872 404 benefitiis.
914 357 1001 402 Est
1035 367 1082 401 ct
1120 357 1290 402 RmuS.
1328 358 1594 402 cardinalis
1633 358 1893 414 burgensis
1933 359 1946 382 ¹

332 440 541 482 laetatus
566 435 899 488 uehementer,
927 433 1077 478 literis
1112 433 1341 489 perlectis
1375 449 1500 489 quae
1535 433 1697 478 Roma
1723 439 1740 459 ³
1764 433 1827 478 ad
1859 448 1948 478 nos

331 515 528 566 allatae,
556 511 618 556 ad
642 510 748 568 ejus
781 526 954 555 manus
988 524 1279 566 peruenere3
1309 510 1524 567 dixitque
1560 510 1743 555 nullum
1773 510 1864 555 sibi
1888 510 1948 555 de

331 588 510 634 nostris
535 587 756 633 nuntium
790 587 968 632 laetius
1003 586 1174 632 afferri
1212 586 1444 643 potuisse.
1473 584 1571 630 Sed
1595 586 1708 641 quia
1744 586 1857 631 mihi
1881 586 1948 630 in-

331 667 546 711 iunctum
570 672 645 709 est
668 663 727 708 de
750 662 895 720 hujus
930 663 1123 720 collegii
1162 663 1421 720 burgensis
1456 663 1604 708 rebus
1635 663 1870 717 scribere,
1897 671 1950 707 ut

331 741 482 786 moris
506 750 596 796 est,
623 740 682 785 de
707 740 800 785 hoc
823 740 969 785 latius
993 740 1156 785 dicere
1180 739 1532 795 supersedebo.

389 818 430 863 2.
497 818 707 862 Praeter
741 833 800 862 ea
834 817 1109 873 spiritualia
1144 831 1365 870 munera,
1394 815 1570 871 quibus
1602 815 1647 860 in
1681 814 1774 859 hoc
1807 815 1950 859 colle-

330 896 413 952 gio
443 895 634 947 Patres,
664 903 714 938 ut
748 904 1130 948 consueuerunt,
1158 893 1457 948 incumbunt,
1484 890 1740 936 audiendis
1775 906 1949 947 nempe

331 971 739 1025 confessionibus,
776 985 986 1026 quarum
1027 984 1211 1025 magna
1250 968 1381 1024 apud
1416 982 1504 1012 nos
1542 966 1820 1023 frequentia
1855 976 1946 1021 est,

331 1046 720 1092 administrando
739 1046 1070 1091 eucharistiae
1095 1054 1412 1090 sacramento
1430 1043 1669 1100 pluribus,
1697 1042 1775 1099 qui
1801 1042 1848 1087 in
1871 1057 1953 1086 no-

331 1135 484 1170 strum
520 1124 773 1176 sacellumr
811 1122 1001 1167 feriatis
1035 1121 1331 1178 praesertim
1365 1120 1553 1175 diebus,
1590 1118 1806 1164 studiose
1841 1134 1952 1163 con-

333 1212 555 1255 currunt,
604 1198 885 1244 dirimendis
931 1197 1110 1252 litibus,
1151 1197 1189 1242 si
1235 1212 1361 1253 quae
1405 1205 1693 1248 occurrunt,
1743 1195 1953 1240 uisendis

331 1278 570 1334 aegrotis,
598 1275 919 1321 exhortandis
954 1274 1015 1319 ad
1051 1275 1277 1319 laborum
1313 1272 1629 1317 tolerantiam
1661 1272 1730 1317 eis
1760 1272 1839 1327 qui
1869 1287 1952 1316 ua-

333 1354 417 1400 riis
440 1353 807 1403 calamitatibus
843 1351 1163 1397 afflictantur:
1190 1361 1302 1395 sunt
1326 1361 1373 1394 et
1398 1349 1510 1403 alia,
1537 1364 1663 1406 quae
1686 1346 1953 1404 jucundam

333 1433 378 1477 in
418 1433 507 1476 hac
548 1431 749 1476 ciuitate
789 1429 1190 1474 consuetudinem
1235 1437 1458 1472 nostram
1503 1426 1681 1481 populo
1721 1424 1949 1481 reddunt,

333 1510 695 1563 multorumque
730 1507 868 1551 nobis
904 1506 1093 1550 animos
1128 1504 1404 1549 conciliant.
1434 1503 1565 1547 Misit
1599 1502 1661 1546 ad
1696 1516 1785 1546 nos
1819 1501 1953 1546 hisce

333 1587 503 1631 diebus
527 1585 676 1629 Pater
695 1583 994 1628 Franciscus
1019 1598 1047 1626 a
1072 1580 1224 1637 Borja
1245 1581 1646 1626 concionatorem
1672 1578 1952 1634 egregium,
1997 1632 2000 1633 ⁷

336 1663 527 1707 nomine
562 1661 840 1717 Baptistam
875 1662 906 1715 ²,
944 1660 1212 1704 toletanum
1251 1657 1462 1702 natione.
1497 1655 1591 1701 Hic
1625 1655 1815 1700 feriatis
1849 1654 1955 1699 fere
1995 1640 1998 1644 .

334 1739 505 1784 diebus
530 1739 574 1783 in
601 1738 697 1782 diui
723 1736 919 1792 Aeg-idii
951 1736 1290 1789 concionatur,
1324 1733 1577 1779 concurrit
1611 1734 1833 1788 populus,
1871 1731 1953 1775 ad-

334 1826 446 1861 sunt
470 1816 705 1871 primates
740 1813 953 1870 plurimi,
981 1813 1059 1857 ille
1082 1812 1256 1868 spiritu
1288 1811 1447 1855 fertur
1484 1808 1775 1861 uehementi,
1804 1817 1852 1853 et
1874 1808 1956 1852 im-

339 1892 605 1949 perterrito
630 1892 767 1935 uultu
792 1890 910 1935 uitia
934 1889 1184 1946 profligat.
1211 1888 1336 1933 Sunt
1361 1887 1508 1932 ctiam
1533 1886 1677 1930 modo
1709 1885 1837 1929 domi
1861 1884 1957 1929 duo

335 1969 530 2014 diaconi
555 1969 586 2023 ³,
609 1984 670 2013 ex
694 1967 786 2012 illis
810 1982 932 2022 quos
956 1966 1037 2011 Pr.
1061 1965 1360 2010 Franciscus
1385 1975 1435 2008 ut
1459 1963 1696 2008 ecclesias
1723 1962 1953 2017 uiserent,

337 2045 612 2090 doctrinam
657 2043 976 2089 christianam
1021 2043 1258 2087 docerent
1302 2051 1349 2086 et
1388 2040 1596 2085 clericos
1636 2038 1959 2095 burgensium

337 2123 629 2168 dioeceseon
656 2121 1059 2175 exhortarentur,
1088 2119 1149 2164 ad
1177 2119 1320 2163 Rum.
1349 2117 1653 2163 cardinalem
1679 2117 1772 2160 hac
1797 2124 1957 2160 aesta-

338 2212 385 2246 te
410 2200 554 2255 misit,
583 2199 663 2255 qui
697 2198 743 2243 in
776 2198 962 2242 sacello
996 2205 1166 2241 nostro
1203 2196 1329 2240 intus
1354 2204 1402 2239 et
1425 2194 1564 2250 foris,
1592 2202 1644 2238 ut
1669 2193 1761 2237 loci
1796 2191 1959 2236 ferunt

337 2277 617 2334 angustiae,
661 2274 939 2320 astantibus
983 2272 1139 2318 turbis
1184 2270 1498 2328 euangelium
1544 2269 1730 2314 Christi
1769 2268 1958 2324 praedi-

336 2366 466 2410 cant,
488 2369 584 2398 non
609 2353 710 2397 sine
735 2352 1015 2396 auditorum
1051 2351 1224 2406 plausu
1260 2359 1308 2393 et
1341 2348 1618 2393 animorum
1643 2347 1704 2391 ad
1728 2347 1959 2402 pietatem

338 2431 678 2488 propensione.
710 2429 814 2474 Nec
849 2428 1040 2473 fructus
1074 2435 1159 2471 aut
1193 2424 1578 2482 praedicationis
1611 2423 1841 2468 assiduae
1875 2433 1960 2467 aut

338 2524 578 2565 syncerae
614 2508 818 2552 Pati-um
854 2507 899 2551 in
934 2506 1025 2550 hoc
1061 2504 1239 2560 populo
1275 2502 1642 2548 consuetudinis
1667 2510 1751 2546 aut
1777 2499 1960 2544 oratio-

338 2587 411 2630 nis
436 2585 667 2639 omnium,
696 2599 822 2639 quae
848 2582 1090 2638 aliquibus
1114 2580 1512 2636 frequentissima
1538 2590 1626 2630 est,
1654 2592 1828 2634 parurn
1854 2592 1959 2621 suc-

386 2748 402 2766 2³
424 2742 579 2776 Romae
601 2750 681 2775 ms.

389 2886 397 2902 ¹
451 2882 693 2918 Franciscus
711 2881 760 2917 de
781 2880 991 2917 Mendoza.

387 2944 399 2961 ‘²
450 2942 493 2977 P.
523 2941 706 2987 Baptista
731 2940 928 2982 Sanchez,
958 2940 1006 2976 de
1034 2951 1112 2985 quo
1140 2937 1243 2974 vide.
1273 2937 1339 2977 sis,
1369 2936 1574 2978 Assa-ux,
1604 2934 1801 2971 Historia
1834 2933 1888 2969 de
1918 2934 1960 2969 la

344 3002 644 3046 Compaszz'a...,
666 3000 715 3041 H,
736 2999 805 3035 492
822 3011 924 3045 sqq.;
945 2998 1026 3034 509.

387 3061 398 3078 ³
450 3059 630 3104 Quorum
650 3072 752 3095 unus
771 3060 853 3105 ipse
875 3059 1070 3104 epistolae
1091 3062 1242 3095 auctor.
1264 3061 1306 3091 ut
1326 3054 1494 3091 inferius
1512 3054 1668 3090 dicitur.
