2051 3516
607 322 929 360 171.-COLON‘1A
953 322 996 359 31
1026 320 1136 368 MAJ1
1165 320 1257 358 1558
1637 318 1707 357 689

122 435 232 465 rum
256 419 630 477 gymnasiorum
662 429 889 466 rectores
925 426 959 465 ³.
998 418 1333 465 Embricensis
1368 428 1536 465 rector
1572 420 1584 443 ¹
1621 428 1756 464 totus

122 505 289 542 noster
313 506 403 553 est,
431 506 484 542 vt
508 508 555 542 et
579 496 781 542 scholae
806 497 1251 543 bartholomeanae
1276 497 1307 542 2.
1346 496 1756 542 Buscoducenses

121 574 349 631 magistri
374 575 516 620 nobis
539 574 687 620 etiam
712 574 899 632 fauent,
927 584 980 620 vt
1004 573 1158 620 literis
1182 574 1246 618 ad
1270 589 1358 618 nos
1389 574 1549 620 missis
1573 573 1756 630 optime

119 642 458 707 declararunt,
487 651 703 697 libellum
727 668 940 708 namque
964 651 1025 697 R.
1054 650 1106 696 Ρ.
1134 650 1371 696 Andreae
1392 651 1573 708 Frusii,
1595 652 1757 696 bonae

122 729 410 784 memoriae,
439 730 496 774 de
521 729 664 785 copia
688 728 754 775 illi
778 745 900 775 suae
925 728 1165 775 iuuentuti
1189 729 1298 773 loco
1333 728 1645 774 erasmianae
1677 744 1755 774 co-

120 806 230 862 piae
256 808 565 863 praelegent;
593 807 723 865 quod
746 807 874 853 idem
910 807 955 852 in
990 806 1286 853 embricensi
1322 806 1492 852 schola
1527 805 1623 852 fiet.
1662 806 1755 852 Fo-

122 892 238 929 ueat
262 884 505 929 Dominus
530 885 636 941 pios
662 885 878 930 omnium
902 895 1112 930 conatus
1137 884 1173 929 ¹³.

180 962 223 1006 5.
291 961 480 1007 Diebus
520 962 616 1007 iam
641 962 997 1019 praeterlapsis
1038 978 1164 1008 Vnus
1198 978 1261 1008 ex
1295 962 1479 1007 nostris
1503 968 1519 988 0
1550 977 1754 1018 praece—

119 1039 344 1095 ptoribus
369 1039 576 1095 publicis
599 1040 949 1096 philosophicis
973 1039 1386 1096 disputationibus
1411 1039 1627 1096 praefuit
1651 1055 1752 1085 ma-

118 1132 219 1173 gno
244 1117 461 1162 omnium
486 1117 663 1163 fauore
687 1127 736 1163 et
760 1118 1018 1175 applausu:
1049 1118 1280 1164 continuo
1306 1130 1472 1163 autem
1498 1118 1561 1163 ab
1584 1117 1710 1162 hora
1730 1118 1755 1162 7

119 1209 274 1250 vsque
299 1195 362 1240 ad
389 1195 438 1240 11
466 1196 768 1252 disputatum
794 1205 882 1241 est.
910 1196 1141 1241 Accessit
1165 1196 1400 1253 postridie
1424 1196 1755 1242 cancellarius

118 1272 256 1318 ducis
278 1272 609 1319 pomeraniae
640 1274 655 1298 3
690 1274 753 1319 ad
787 1289 891 1330 nos,
931 1274 1009 1331 qui
1044 1274 1321 1331 disputatas
1356 1274 1674 1331 quaestiones
1709 1283 1756 1319 et

116 1350 421 1395 assertiones
446 1350 536 1395 sibi
561 1350 670 1396 dari
694 1352 910 1408 petebat,
938 1351 1068 1409 quod
1098 1367 1209 1397 cum
1243 1351 1551 1408 fecissemus,
1588 1366 1756 1397 acces-

116 1437 287 1473 serunt
310 1426 329 1453 ‘¹
354 1427 528 1473 eodem
553 1428 715 1474 adhuc
739 1428 816 1474 die
841 1429 1048 1475 comites
1079 1430 1282 1487 aliquot,
1311 1429 1488 1486 quibus
1521 1445 1611 1475 nos
1636 1430 1754 1474 mul-

116 1514 217 1550 tum
242 1505 626 1564 commendauit,
665 1506 882 1563 dixitque
917 1507 1046 1552 inter
1081 1507 1286 1553 caetera
1321 1507 1369 1552 in
1408 1507 1501 1553 hoc
1542 1507 1754 1564 collegio

116 1599 211 1628 non
235 1583 327 1629 nisi
351 1584 525 1630 doctos
550 1585 687 1630 viros
712 1601 764 1630 se
788 1585 1051 1631 inuenisse.

173 1660 215 1706 6.
282 1660 405 1717 Ipsis
429 1662 650 1708 calendis
673 1662 790 1708 Maii
816 1663 909 1708 hac
927 1662 1142 1708 Romam
1163 1663 1470 1708 transierunt
1490 1662 1651 1708 frater
1670 1678 1753 1708 no-

116 1748 218 1782 ster
242 1738 510 1784 Anselmus
535 1755 633 1784 vna
658 1755 768 1785 cum
792 1739 889 1785 filio
914 1739 978 1785 M.
1007 1739 1241 1796 Gerardi,
1266 1741 1478 1787 rectoris
1503 1741 1754 1787 bartholo-

117 1816 278 1861 meani
304 1816 501 1874 collegii
524 1818 556 1862 4.
584 1816 849 1863 Subsecuti
873 1827 985 1863 sunt
1010 1818 1119 1863 illos
1141 1819 1169 1864 4
1193 1818 1299 1863 idus
1324 1818 1441 1864 Maii
1466 1818 1527 1864 R.
1562 1818 1613 1864 Ρ.
1644 1816 1754 1864 Sal-

117 1909 287 1939 meron
313 1903 361 1940 et
384 1894 443 1939 R.
474 1894 528 1940 P.
567 1895 861 1941 Euerardus
894 1897 926 1952 5,
965 1911 1174 1953 quorum
1209 1906 1419 1954 vterque
1454 1897 1565 1942 hinc
1604 1912 1754 1942 sanus

117 1971 356 2018 discessit.
383 1972 533 2019 Aliud
557 1973 687 2031 quod
711 1974 928 2020 scribam
953 1990 1050 2018 non
1077 1974 1314 2031 occurrit,
1342 1990 1489 2032 quam
1516 1983 1569 2020 vt
1592 1973 1660 2019 V.
1688 1974 1750 2019 R.

116 2065 205 2094 nos
230 2049 434 2096 Patrum
459 2052 674 2097 omnium
700 2050 957 2097 sacrificiis
981 2061 1029 2097 et
1052 2051 1267 2097 fratrum
1294 2051 1604 2098 orationibus
1624 2067 1753 2097 com-

117 2128 376 2174 mendatos
401 2129 583 2175 habeat
613 2136 641 2174 e.
669 2129 909 2175 Coloniae
933 2146 997 2175 ex
1021 2129 1338 2176 Coronarum
1363 2130 1625 2187 gymnasio
1661 2129 1754 2186 pri-

116 2203 192 2250 die
218 2206 453 2251 calendas
476 2206 624 2265 Junii,
652 2222 782 2252 anno
810 2206 938 2253 1558.
968 2206 1046 2252 Ex
1071 2207 1308 2253 mandato
1327 2207 1427 2252 R.di
1453 2207 1506 2253 P.
1531 2207 1753 2253 Leonar-

118 2281 180 2339 di,
208 2282 268 2328 R.
296 2283 350 2328 Ρ.
378 2283 444 2330 V.
472 2284 705 2342 indignus
728 2284 962 2343 famulus,

940 2374 1260 2421 FRANCISCUS
1295 2374 1563 2421 COSTERUS
1601 2376 1632 2420 ⁶.

165 2482 183 2502 a
228 2476 360 2513 Deest
390 2477 466 2513 loc.
500 2478 545 2513 in
576 2477 633 2513 H.
672 2488 698 2514 a
729 2489 767 2514 v.
802 2476 1037 2524 speramus.
1089 2478 1156 2505 —b
1181 2477 1751 2523 5vv.p12aeced.720nsmzt

116 2537 162 2572 z‘n
182 2535 235 2572 H.
290 2543 351 2564 —C
375 2536 470 2573 Hoc
488 2548 527 2573 v.
549 2537 669 2574 deest
692 2539 738 2573 in
764 2537 816 2574 H.
873 2539 939 2565 -—d
983 2537 1170 2575 Emend.
1202 2549 1252 2574 ex
1283 2538 1466 2574 accessit.
1522 2544 1584 2564 -e
1629 2537 1663 2573 A
1683 2548 1751 2575 vv.

116 2608 286 2642 quorum
306 2601 478 2643 vterque
498 2608 585 2634 non
604 2597 734 2634 habet
750 2597 803 2634 H.

165 2723 174 2741 ¹
226 2722 422 2759 Matthias
441 2722 724 2760 Bredenbach.

164 2782 177 2801 ‘³
227 2782 439 2820 Gerardus
459 2783 727 2820 Gerardinus.

163 2842 176 2861 ³
227 2842 423 2889 Barnimi,
457 2844 568 2880 ducis
599 2844 927 2887 Pommemniae,
961 2844 1234 2881 cancellarius
1270 2850 1358 2880 erat
1393 2844 1467 2882 Dr.
1505 2845 1755 2882 Laurentius

116 2900 225 2939 Otto.
247 2902 435 2947 HANSEN,
458 2904 534 2940 loc.
556 2904 637 2947 cit.,
658 2904 740 2942 307.

162 2962 175 2981 “¹
226 2962 334 2999 Vide
354 2977 490 3010 supra,
513 2977 603 3011 pag.
624 2964 706 3010 658,
729 2970 866 3002 annot.
887 2964 921 3002 2.

162 3021 174 3040 ⁵
224 3022 270 3059 P.
293 3022 510 3060 Salmeron
530 3030 569 3060 et
588 3024 632 3061 Ρ.
655 3023 891 3061 Everardus
908 3024 1195 3061 Mercurianus
1211 3025 1260 3061 ad
1277 3025 1519 3062 electionem
1534 3026 1755 3073 praepositi

115 3083 322 3128 generalis
341 3083 515 3120 Romam
535 3085 823 3131 properabant.

161 3142 175 3160 ⁶
226 3142 336 3179 Vide
355 3156 452 3190 pag.
481 3144 560 3190 185,
582 3150 719 3181 annot.
742 3145 776 3181 4.

258 3226 425 3255 LITTERAE
445 3226 743 3260 QUADRIMESTRES.
765 3227 855 3255 TOM.
878 3227 915 3255 V.
1626 3230 1660 3256 44
