2051 3516
348 296 413 333 172
808 295 1023 332 Ll‘r'1·l‹;l<.>x}‹2
1051 294 1400 338 (})r.xr›1<1,u1⁴;sralis

1076 530 1134 578 lss

1021 649 1077 693 N.
1126 647 1184 692 N.

819 765 958 791 PRACA
988 754 1033 789 ΩΟ
1059 763 1220 789 ΑΡκιωε
1250 752 1337 787 1557
1366 752 1389 786 ¹.

301 853 330 888 l.
366 853 543 889 lllmll'm'
559 852 613 887 cle
633 852 844 891 (lammam,
868 850 1022 885 nobilis
1040 849 1230 892 hispani,
1247 847 1396 891 piolus.
1410 844 1527 881 *2-11.
1550 845 1913 889 Alt'iviripm'ma-

373 913 428 947 ι’ίί
452 915 488 947 el
516 911 676 947 nobiles
703 913 929 945 nmtromw
956 908 1016 943 acl
1042 908 1318 942 ssa-monento
1349 904 1629 949 confessionis
1656 907 1695 940 et
1720 904 1912 940 euchari-

368 972 478 1006 stiae
506 970 729 1006 (iccc’dtml.
752 991 765 993 f
784 969 818 1004 5.
853 969 1032 1004 Fan-tas
1061 978 1109 1002 ar
1138 969 1383 1001 nosll‘olmn
1417 964 1636 1000 laboribus
1662 964 1912 1008 sztscepli.—

370 1029 449 1066 6-7.
485 1030 546 1066 De
565 1029 821 1066 discretione
838 1039 923 1073 (lna
944 1032 1052 1072 opus
1072 1029 1132 1062 est
1158 1025 1218 1061 ad
1243 1024 1521 1061 heterodoxos
1552 1023 1714 1060 Christo
1743 1023 1914 1059 lucran-

369 1089 551 1125 dos-8.
586 1090 731 1125 (wallo
757 1088 810 1123 de
832 1087 989 1123 (Veris-li
1015 1085 1324 1122 resurrectione
1346 1084 1510 1127 hahita,
1539 1084 1611 1121 cni
1634 1084 1809 1119 interest
1832 1084 1914 1128 epi-

371 1153 525 1193 scopus
541 1148 794 1184 lahocensis.

364 1244 399 1288 1.
467 1242 562 1287 Ihs,
592 1242 695 1286 Pax
735 1240 932 1286 Christi.
961 1239 1067 1285 R.d⁰
1091 1239 1135 1284 in
1171 1238 1368 1284 Christo
1402 1237 1565 1283 Padre
1600 1236 1724 1295 [Sic]‚
1761 1236 1915 1294 Magi-

300 1330 399 1364 ster
423 1319 637 1378 Joannes
663 1318 890 1363 Polance.
918 1317 1085 1362 Pauca
1107 1331 1314 1373 quorum
1335 1315 1432 1360 iam
1455 1329 1627 1360 recens
1645 1324 1717 1359 est
1737 1329 1914 1358 memo-

302 1395 389 1451 ria,
418 1396 734 1452 perscribam,
763 1410 821 1439 ne
847 1394 921 1439 cui
956 1394 1144 1438 litteras
1177 1404 1431 1449 gestorum
1466 1391 1709 1436 scribendi
1741 1406 1916 1436 munus

301 1473 561 1529 aliquando
581 1472 740 1528 datur,
767 1487 854 1528 per
874 1471 1067 1516 labilem
1087 1469 1373 1515 memoriam
1393 1468 1713 1524 committam,
1735 1477 1787 1512 ut
1806 1482 1915 1524 ope-

304 1565 358 1593 ra
383 1549 473 1593 Dei
500 1564 592 1593 non
618 1549 1005 1593 manifestentur.

388 1625 466 1670 Ad
495 1625 687 1670 Domini
712 1624 861 1680 igitur
885 1624 1001 1683 Jesu
1028 1623 1210 1668 Christi
1242 1622 1454 1679 gloriam
1489 1621 1753 1666 certiorem
1786 1620 1916 1666 facio

303 1702 360 1747 T.
389 1702 440 1746 P.
469 1702 559 1746 hoc
583 1702 796 1757 paschae
821 1711 1042 1757 tempore
1061 1700 1134 1744 hic
1155 1699 1343 1744 fassum
1363 1714 1471 1744 esse
1491 1697 1737 1743 dominum
1758 1696 1915 1743 Gous-

305 1793 415 1822 man
441 1778 640 1834 eiusque
666 1778 918 1834 familiam,
942 1777 1019 1834 qui
1045 1777 1088 1822 in
1114 1778 1208 1821 hac
1227 1775 1364 1821 curia
1388 1775 1632 1820 secundus
1656 1786 1728 1820 est
1747 1791 1776 1820 a
1796 1790 1916 1831 rege

305 1869 621 1898 romanorum
657 1856 687 1899 ².
721 1854 767 1898 Is
791 1854 970 1910 optime
995 1853 1126 1909 fecit,
1155 1868 1299 1909 quum
1327 1851 1524 1896 Christo
1549 1862 1595 1897 et
1620 1850 1803 1896 Christi
1827 1851 1916 1896 Ec-

301 1930 480 1975 clesiae
505 1942 708 1976 sanctae
732 1931 968 1981 obediret,
997 1939 1125 1974 stato
1150 1938 1373 1985 tempore
1398 1927 1690 1982 confitendo,
1713 1927 1798 1973 sed
1822 1943 1915 1972 non

303 2007 458 2052 minus
483 2008 708 2064 exemplo
732 2008 808 2052 uir
842 2008 886 2052 in
921 2022 1109 2052 summo
1150 2006 1311 2063 gradu
1346 2005 1637 2050 eminentiae
1676 2005 1918 2053 secularis
1976 2064 1979 2066 -

302 2084 558 2140 potestatis
592 2084 884 2140 conspicuus
915 2099 1029 2129 suos
1053 2083 1235 2128 scilicet
1260 2082 1480 2128 subditos
1503 2082 1565 2126 ad
1588 2082 1722 2126 uiam
1747 2081 1917 2127 salutis

302 2160 540 2205 inuitauit.
584 2161 747 2215 Atque
786 2161 878 2205 hoc
917 2171 987 2204 est
1033 2159 1159 2216 quod
1194 2158 1546 2203 nudiustertius
1583 2169 1667 2203 aut
1706 2157 1812 2203 heri
1853 2157 1917 2214 (ni

302 2237 467 2294 fallor)
504 2238 697 2293 quidam
732 2237 904 2281 nobilis
938 2237 1098 2292 gallus
1135 2236 1299 2293 (quam
1333 2235 1550 2292 linguam
1592 2251 1687 2292 ego
1721 2234 1917 2292 ignoro)

303 2314 436 2358 uisus
460 2323 534 2359 est
557 2314 681 2358 uelle
705 2329 734 2358 a
759 2329 835 2358 me
861 2329 1061 2369 rogare,
1098 2329 1213 2358 num
1248 2328 1336 2358 nos
1361 2313 1510 2357 simus
1543 2311 1607 2357 illi
1637 2311 1766 2368 apud
1796 2326 1916 2367 quos

306 2391 381 2434 ille
416 2390 638 2435 dominus
673 2388 928 2435 Gousman
962 2404 1056 2434 non
1096 2389 1394 2434 dubitauerit
1432 2387 1670 2443 confiteri,
1714 2388 1916 2432 multam

306 2467 695 2512 aedificationem
720 2467 829 2511 inde
853 2466 914 2510 acl
935 2466 1122 2510 curiam
1144 2466 1350 2521 uenisse,
1375 2476 1607 2521 quantum
1626 2463 1831 2509 coniicio
1856 2479 1918 2508 ex

309 2543 475 2599 signis,
504 2553 551 2589 et
575 2552 747 2600 postea
772 2544 834 2588 ab
858 2543 968 2588 aliis
992 2543 1167 2588 auditis
1191 2543 1408 2588 indicare
1431 2542 1664 2598 gestiens.

365 2619 404 2663 2.
475 2619 617 2675 Quod
642 2619 738 2664 iam
762 2619 979 2664 secundo
1003 2620 1112 2664 loco
1137 2619 1295 2664 dicam
1326 2634 1421 2663 non
1455 2617 1629 2663 minori
1663 2617 1755 2663 erit
1788 2617 1918 2662 uolu'-

354 2792 362 2809 ¹
416 2790 476 2826 Ex
496 2792 680 2837 originali
715 2792 744 2831 Ρ)
764 2792 803 2828 in
823 2791 957 2828 codice
978 2792 1139 2827 Histor.
1164 2791 1252 2827 Soc.
1276 2790 1369 2834 170,
1392 2791 1407 2827 l
1435 2790 1516 2834 fol„
1545 2803 1583 2828 n.
1616 2790 1669 2835 18;
1699 2791 1809 2838 prius
1838 2790 1916 2837 166;

308 2849 399 2885 olim
423 2850 498 2885 171.
523 2850 666 2885 Annus
687 2864 762 2896 quo
782 2851 929 2897 scripta
948 2856 1007 2886 est
1026 2851 1125 2886 haec
1145 2850 1327 2896 epistola,
1345 2850 1384 2886 in
1401 2862 1449 2886 ea
1468 2850 1635 2886 obscure
1654 2854 1827 2893 notatur,
1850 2850 1919 2886 sed

309 2914 461 2943 constat
493 2921 541 2943 ex
572 2909 749 2956 ejusdem
782 2909 992 2956 excerptis,
1025 2922 1128 2955 quae
1160 2917 1251 2944 sunt
1283 2909 1322 2944 in
1353 2909 1436 2946 cod.
1469 2909 1608 2946 Germ.
1638 2908 1732 2953 185,
1760 2908 1826 2945 fol.
1859 2908 1916 2953 91,

308 2966 416 3012 prius
434 2966 501 3001 :317
521 2972 559 3002 et
581 2966 658 3011 1873
680 2968 745 3003 ubi
766 2981 786 3003 a
808 2976 922 3014 tergo
941 2968 1091 3014 legitur
1114 2967 1293 3013 «Pragae
1312 2966 1358 3002 20
1376 2966 1535 3013 Aprilis
1562 2968 1686 3005 1557».
1716 2967 1825 3005 Idem
1852 2968 1919 3003 ha-

309 3024 424 3060 betur
443 3025 481 3060 in
502 3026 629 3061 altero
649 3032 931 3073 transsumpto,
952 3026 1018 3063 fol.
1043 3026 1118 3062 195.

356 3082 368 3101 ²
424 3082 625 3120 Martinus
646 3085 693 3120 de
713 3083 909 3127 Guzman,
931 3084 1198 3122 cubicularius
1217 3084 1461 3122 Ferdinandi
1478 3085 1507 3122 I.
