2051 3516
513 314 836 352 136.—C0L0N1A
866 315 910 352 16
931 315 1132 362 JANUARII
1162 316 1253 353 1558
1581 317 1650 352 517

67 412 264 457 scholas
298 421 347 458 et
380 412 749 458 haereticorum
784 422 833 459 et
872 412 1230 458 catholicorum
1263 413 1537 463 mittantur:
1565 422 1613 458 et
1636 413 1699 458 ad

66 488 305 544 plurimas
330 490 476 534 modo
500 490 804 546 peruenient.
842 489 1050 545 Hocque
1084 499 1241 545 agunt
1276 490 1412 534 multi
1447 499 1499 535 ut
1533 505 1696 546 quam-

66 565 259 621 plurimi
290 566 635 611 adolescentes
669 567 728 611 ad
766 567 985 612 scholam
1020 576 1068 611 et
1103 582 1324 611 mensam
1358 576 1580 612 nostram
1617 583 1696 611 ue-

66 642 216 699 niant,
245 643 393 688 etiam
430 643 802 700 Vittemberga,
839 643 1009 699 Lipsia
1043 651 1091 688 et
1124 643 1232 688 aliis
1272 643 1391 688 locis
1426 643 1690 688 haeretico-

68 735 192 764 rum.
236 719 307 764 Vt
348 719 760 776 quemadmodum
806 722 868 766 ab
912 720 1028 776 ipsis
1071 730 1354 765 nostrorum
1399 721 1576 765 ciuium
1614 720 1695 765 filii

66 806 434 852 pei-uertuntur,
462 806 511 841 et
536 797 726 842 reuersi
750 798 812 842 ad
843 813 931 842 nos
958 804 974 823 ³
999 797 1153 841 multa
1184 798 1312 841 bona
1347 797 1615 853 impediunt
1649 807 1697 842 et

65 874 195 918 mala
219 873 420 926 faciunt,
446 874 513 918 ita
538 874 755 930 ipsorum
791 874 871 919 filii
906 874 981 919 hic
1017 883 1153 919 recte
1187 874 1506 919 instituantur
1541 883 1588 919 et
1624 890 1695 919 re—

64 951 195 996 uersi
226 951 271 996 in
306 952 518 1008 patriam
553 968 664 997 eam
699 963 1010 1009 conuertant,
1049 962 1135 997 aut
1169 953 1345 997 saltem
1378 953 1530 997 multa
1568 953 1693 997 bona

63 1038 394 1084 promoueant
419 1038 466 1074 et
491 1031 621 1074 mala
646 1031 927 1087 impediant.
962 1030 1012 1074 In
1045 1045 1141 1086 quo
1166 1039 1373 1083 tantum,
1411 1045 1573 1086 spero,
1612 1046 1694 1075 ua-

63 1106 230 1151 lebunt
257 1106 475 1162 ipsorum
499 1107 578 1152 filii
606 1118 742 1153 recte
774 1107 996 1156 instituti.
1025 1117 1175 1164 atque
1210 1108 1376 1153 ualent
1410 1116 1695 1152 nostrorum

63 1183 126 1227 ab
152 1183 267 1239 ipsis
292 1184 487 1229 haeresi
524 1185 710 1230 imbuti.
748 1186 850 1231 Vbi
885 1185 1021 1230 multi
1061 1185 1123 1229 e‘x
1162 1185 1220 1230 iis
1253 1185 1497 1238 uenerint,
1541 1185 1692 1239 dabit,

61 1275 225 1315 spero,
255 1261 391 1306 Deus
417 1262 613 1306 domum
640 1263 929 1318 ampliorem
957 1272 1008 1307 vt
1035 1261 1186 1318 recipi
1211 1271 1407 1318 queant.

124 1338 165 1383 7.
234 1338 335 1384 Iam
363 1339 455 1384 hoc
480 1348 636 1395 agunt
660 1340 804 1385 amici
831 1340 1002 1393 nostri,
1024 1349 1077 1385 ut
1096 1340 1308 1396 collegio
1328 1340 1696 1397 coniungantur

61 1416 248 1472 aliquot
283 1417 475 1462 uicinae
510 1418 696 1463 domus.
739 1418 801 1463 Et
840 1428 1047 1472 tantum,
1089 1434 1252 1474 spero«,
1295 1418 1560 1474 aliquando
1601 1418 1693 1463 loci

61 1495 377 1552 adiungetur,
417 1505 468 1541 vt
504 1507 719 1552 quatuor
753 1497 836 1542 illa
872 1491 1075 1542 multum
1113 1497 1398 1542 desiderata
1433 1496 1696 1553 erigantur

61 1572 290 1629 collegia:
319 1589 469 1618 vnum
494 1572 763 1618 Societatis
787 1589 898 1619 cum
923 1574 1154 1619 adiuncta
1185 1574 1331 1619 domo
1366 1573 1691 1630 probationi&

60 1650 273 1695 alterum
310 1651 674 1707 conuictorum3
717 1653 915 1696 tertium
957 1668 1126 1697 eorum
1163 1652 1241 1708 qui
1281 1651 1485 1708 propria
1524 1652 1695 1696 uiuunt

59 1728 251 1784 quadra
282 1734 329 1774 et
355 1730 796 1785 porcz'om'stm‘zmz
831 1730 865 1785 ¹³3
903 1739 1135 1786 quartum
1171 1745 1462 1786 pauperum.
1500 1728 1639 1785 Quos
1674 1735 1689 1755 ς

59 1806 488 1851 commendatione
512 1806 792 1852 iuuabimus
817 1817 865 1852 et
892 1808 1132 1858 iuuamus,
1166 1816 1217 1852 ut
1244 1807 1375 1852 uitae
1406 1806 1692 1852 necessaria

60 1881 289 1928 habeant.
329 1883 456 1928 Nam
492 1885 553 1929 ad
588 1885 681 1929 hoc
711 1885 848 1930 multi
879 1885 955 1930 hic
980 1885 1222 1941 procliues
1247 1893 1374 1940 sunt,
1404 1885 1500 1929 imo
1526 1884 1693 1941 plures

58 1970 169 2005 sunt
192 1961 271 2017 qui
296 1962 465 2006 uolunt
490 1962 626 2018 dare,
663 1979 809 2020 quam
844 1979 940 2019 ego
975 1964 1185 2008 habeam
1223 1978 1346 2019 quos
1381 1963 1525 2008 uelim
1561 1978 1691 2008 com-

59 2039 309 2084 mendare.
334 2039 442 2085 Hec
476 2040 535 2085 de
573 2041 913 2098 superioribus
943 2041 1198 2098 germanis
1231 2041 1358 2093 dico,
1396 2057 1509 2085 nam
1546 2040 1690 2086 uicini

58 2116 212 2161 nostri
239 2117 353 2162 licet
377 2133 624 2174 pauperes
654 2119 764 2171 sint,
799 2119 947 2164 facile
981 2136 1042 2164 ex
1078 2119 1242 2175 patria
1277 2118 1458 2175 aliquid
1495 2119 1689 2175 conqui-

57 2209 169 2237 rere
194 2203 414 2249 possunt.
441 2194 550 2240 Hac
577 2196 785 2252 ratione,
813 2212 977 2252 spero,
1015 2196 1383 2241 haereticorum
1418 2195 1688 2241 labefacta-

58 2270 215 2332 bimus
249 2272 536 2327 potentiam.
572 2272 635 2318 Et
669 2273 898 2330 quoniam
934 2274 1172 2319 haeretici
1208 2274 1386 2318 multos
1420 2272 1555 2318 libris
1589 2273 1690 2318 suis

56 2348 313 2401 seducunt,
342 2365 523 2406 eosque
548 2351 725 2396 mirum
751 2351 795 2395 in
822 2351 1023 2396 modum
1046 2367 1136 2407 per
1161 2350 1483 2397 Germaniam
1505 2350 1687 2406 disper-

54 2435 192 2481 gunt,
230 2427 516 2473 curabimus
550 2437 602 2473 ut
641 2429 999 2479 catholicorum
1033 2429 1143 2474 libri
1177 2429 1283 2485 pari
1319 2428 1465 2473 modo
1504 2428 1687 2484 disper-

55 2515 255 2560 gantur.
283 2504 380 2550 Sed
401 2506 588 2552 utinam
608 2507 839 2552 catholici
863 2516 935 2553 tot
956 2507 1193 2552 eiusmodi
1214 2507 1364 2552 libros
1384 2505 1689 2551 conficerent

55 2591 102 2625 et
127 2581 171 2626 in
197 2582 266 2627 eis
290 2582 359 2627 ita
383 2599 436 2628 se
460 2583 522 2628 ad
547 2593 745 2640 captum
774 2585 907 2641 uulgi
933 2584 1374 2630 accommodarent
1397 2594 1544 2639 atque
1575 2583 1686 2628 hae-

55 2659 210 2704 retici.
238 2659 335 2704 Per
358 2669 622 2717 utrumque
646 2662 1001 2707 catechismum
1028 2662 1080 2707 P.
1105 2661 1291 2707 Canisii
1316 2661 1521 2706 multum
1540 2660 1617 2705 hic
1636 2659 1688 2705 fit

55 2736 183 2781 boni.
212 2737 408 2782 Paruus
431 2738 509 2783 hic
531 2740 749 2784 secundo
779 2755 908 2784 nunc
932 2739 1255 2796 imprimetur;
1289 2738 1447 2783 maior
1471 2738 1567 2783 iam
1592 2738 1685 2794 pri-

54 2814 164 2859 dem
199 2815 276 2860 hic
310 2815 581 2872 impressus
615 2826 761 2867 esset,
798 2817 845 2862 ni
880 2817 1014 2873 regis
1050 2816 1363 2873 priuilegium
1395 2816 1682 2861 obstitisset:

54 2892 323 2948 impressus
357 2902 523 2939 tamen
563 2903 638 2940 est
671 2894 843 2940 Leodii
877 2904 926 2940 et
958 2894 1184 2939 Louanii.
1223 2892 1577 2939 Gratissimum
1612 2902 1686 2938 est

103 3080 119 3100 ³
184 3073 335 3110 Dubia
356 3075 489 3111 lectio.
542 3095 562 3098 e
592 3075 610 3101 b
651 3087 722 3110 seu
747 3074 1038 3110 conuictorum.
1091 3080 1154 3100 ——C
1198 3072 1293 3109 Hoc
1326 3084 1365 3109 v.
1396 3074 1591 3119 positum
1624 3076 1685 3109 est

52 3138 132 3179 pro
152 3134 253 3177 alio,
274 3133 390 3179 quod
410 3134 495 3179 leg-z·
510 3144 597 3170 non
613 3137 764 3180 potest.
