2051 3516
650 303 954 341 65.—C0Lo.x·1A
980 304 1003 338 ἔ)
1024 301 1136 348 ]ΗΝΙΙ
1166 302 1256 338 1557
1652 301 1721 338 259

136 398 293 455 pietas
318 397 425 443 fere
448 397 496 442 in
520 413 690 443 omnes
721 413 942 443 amorem
968 396 1248 452 ingenerat.
1276 395 1446 441 Taceo
1472 397 1530 441 de
1553 396 1768 451 finitimis

135 475 429 530 ciuitatibUS‚
472 489 582 519 cum
623 475 770 520 etiam
806 484 1030 519 remotae
1071 473 1339 529 proculque
1380 488 1408 517 a
1446 471 1659 517 Colonia
1701 474 1767 518 di-

134 561 324 598 stantes
349 552 498 597 urbes
522 550 825 597 Societatem
850 549 1154 607 praedicent,
1183 549 1346 594 studia
1371 564 1497 605 quae
1530 549 1767 595 hactenus

133 629 336 675 fuerunt
358 628 533 684 sopita,
562 644 591 673 a
615 629 797 674 nostris
829 627 1027 673 tandem
1061 626 1325 682 aliquando
1349 626 1501 671 fuisse
1526 627 1762 678 excitata,

133 705 316 762 passim
351 705 720 750 circumfertur.
747 705 792 750 Is
827 719 997 749 rumor
1030 718 1139 747 cum
1174 703 1237 747 ad
1272 704 1437 748 aulam
1467 703 1604 748 ducis
1627 702 1764 760 julia-

132 783 293 828 censis
317 792 448 828 esset
482 783 689 833 delatus,
717 783 778 827 ad
803 797 892 827 nos
916 780 1007 825 fuit
1030 779 1207 824 missus
1231 780 1375 836 primi
1400 780 1507 825 fere
1531 779 1577 824 in
1602 779 1765 825 officio

133 861 261 918 apud
287 861 463 906 ducem
488 861 697 905 eundem
722 875 890 916 nepos.

191 937 232 983 2.
298 937 529 993 Vterque
564 937 910 993 catechismus,
937 937 1126 983 scilicet
1149 936 1315 982 Patris
1341 934 1528 993 Canisii
1564 935 1761 991 latinus,

132 1024 181 1059 et
204 1014 368 1059 Patris
393 1012 625 1059 Gaudani
648 1014 967 1071 germanicus
992 1016 1023 1070 ¹,
1050 1014 1245 1070 plurimi
1281 1012 1523 1058 Coloniae
1547 1010 1613 1057 fit.
1641 1010 1767 1056 Sunt

131 1091 366 1140 nonnulli,
394 1100 445 1135 ut
468 1091 602 1135 hisce
638 1091 809 1136 diebus
843 1091 957 1136 mihi
993 1090 1326 1148 significatum
1360 1089 1465 1142 fuit,
1494 1089 1574 1146 qui
1598 1089 1692 1134 illis
1716 1089 1766 1134 li-

130 1168 268 1214 bellis
303 1169 499 1213 student
533 1168 622 1213 sibi
658 1184 803 1224 quam
838 1168 1078 1224 plurimos
1111 1168 1378 1223 deuincire,
1406 1166 1487 1212 alii
1521 1182 1644 1212 uero
1679 1182 1767 1212 eos

130 1245 416 1291 mnemosini
452 1246 562 1291 loco
597 1246 769 1291 amicis
802 1245 1003 1291 donant.
1032 1245 1137 1292 Etsi
1173 1246 1353 1291 latinus
1378 1244 1543 1289 Patris
1579 1243 1765 1290 Canisii

129 1323 460 1368 catechismus
493 1323 555 1368 sit
589 1323 837 1380 Viennae,
865 1322 1094 1380 Louanii,
1128 1323 1401 1378 Leodiique
1436 1338 1668 1375 excusus,
1696 1332 1764 1368 ta-

122 1402 240 1446 ¹men
279 1409 353 1445 est
391 1400 468 1445 hic
506 1400 866 1457 typographus,
910 1400 990 1457 qui
1031 1400 1210 1445 mirum
1250 1400 1297 1445 in
1337 1400 1538 1444 modurn
1576 1399 1763 1456 flagrat

128 1478 338 1523 eundem
363 1478 632 1529 excudere;
661 1486 832 1534 estque
856 1477 936 1522 ille
960 1478 1063 1534 ipse
1088 1478 1350 1534 pollicitus,
1378 1493 1430 1522 se
1455 1492 1551 1522 non
1586 1476 1762 1522 distra-

129 1565 322 1599 cturum
357 1554 566 1610 amplius
600 1554 752 1599 libros
785 1554 1084 1600 haereticos.
1124 1554 1462 1599 Concionator
1496 1563 1766 1610 praeterea

127 1630 547 1686 francfordiaiiuS‚
576 1631 655 1688 qui
680 1632 814 1676 solus
847 1631 893 1675 in
928 1647 988 1676 ea
1023 1632 1353 1677 celeberrima
1388 1641 1436 1676 et
1469 1630 1764 1687 frequentis·

127 1708 253 1754 sima
275 1709 399 1754 urbe
424 1709 698 1753 catholicus
721 1719 811 1763 est,
838 1709 969 1765 apud
994 1725 1166 1753 omnes
1189 1724 1498 1766 magnopere
1517 1724 1765 1754 commen-

128 1786 213 1830 dat
237 1785 444 1830 eundem
479 1785 852 1841 catechismum,
880 1797 926 1831 et
961 1787 1091 1831 ultro
1125 1786 1453 1843 typographis
1485 1802 1626 1832 suam
1652 1802 1763 1843 ope-

128 1877 254 1915 ram,
282 1875 333 1907 ut
357 1871 525 1907 uertat
550 1878 576 1907 e
601 1863 753 1907 latino
777 1863 824 1907 in
847 1862 1191 1919 germanicum
1216 1879 1516 1920 sermonem,
1544 1864 1606 1908 ad
1631 1879 1760 1908 com-

129 1954 324 1984 munem
349 1939 653 1994 reipublicae
677 1955 819 1984 usum
843 1940 1119 1996 pollicetur.

185 2015 228 2061 3.
298 2015 474 2072 Hodie,
500 2016 616 2061 heri
657 2017 822 2069 etiam,
865 2017 910 2061 in
946 2017 1203 2062 audiendis
1244 2017 1639 2063 confessionibus
1679 2033 1760 2062 no-

126 2103 346 2138 strorum
373 2093 726 2150 discipulorum
746 2093 924 2139 Patres
945 2094 1209 2150 plurimum
1233 2094 1431 2139 fuerunt
1456 2095 1699 2151 occupati.

184 2170 227 2215 4.
294 2169 476 2216 Nescio
501 2171 614 2227 quid
639 2171 866 2228 cogitare
892 2171 1054 2228 uelim,
1082 2172 1209 2216 adeo
1243 2187 1421 2217 nomen
1446 2172 1588 2217 huius
1613 2172 1755 2216 colle-

128 2247 194 2304 gii
218 2247 517 2304 percrebuit,
546 2257 598 2292 ut
621 2247 668 2292 in
694 2248 910 2292 omnium
936 2264 1023 2293 ore
1048 2248 1110 2293 sit
1133 2264 1193 2293 ac
1218 2264 1464 2294 sermone.
1494 2248 1631 2293 Multi
1668 2264 1758 2293 nos

126 2326 259 2370 solos
298 2325 464 2381 plures
504 2325 846 2370 adolescentes
886 2326 1071 2371 habere
1106 2326 1344 2382 fatentur,
1382 2342 1529 2382 quam
1566 2326 1611 2369 in
1652 2325 1759 2369 aliis

124 2402 397 2458 gymnasiis
436 2402 732 2459 habeantur;
775 2413 940 2447 tamen
981 2404 1298 2459 gymnasium
1344 2413 1633 2448 montanum
1677 2402 1761 2447 100

123 2478 272 2524 habet
306 2478 607 2534 dialectiCOS,
635 2494 732 2523 non
767 2494 1008 2524 recenseo
1043 2479 1359 2535 philosophos
1391 2489 1438 2524 et
1468 2478 1760 2535 grammati—

54 2588 66 2594 ·
124 2569 209 2600 cos
235 2564 283 2600 et
308 2570 453 2612 quam
481 2555 616 2600 multi
640 2555 735 2600 sint
758 2555 804 2600 in
828 2555 934 2601 aliis
955 2556 1151 2601 scholis.
1175 2555 1327 2601 Certe
1347 2556 1490 2612 plura
1514 2554 1655 2600 nobis
1679 2555 1759 2600 de-

123 2631 289 2676 ferunt
314 2647 459 2687 quam
483 2647 610 2689 quae
635 2647 988 2689 agnoscamus.
1017 2632 1204 2679 Omnes
1235 2642 1521 2678 nostrorum
1558 2632 1760 2688 diligen-

123 2708 192 2753 tia
215 2718 265 2754 et
287 2709 333 2753 in
358 2709 581 2754 docendo
606 2709 844 2763 charitas,
872 2710 1015 2755 simul
1040 2710 1188 2755 etiam
1216 2709 1442 2754 doctrina
1467 2709 1636 2754 iuncta
1660 2709 1758 2765 pie-

125 2795 227 2831 tate
251 2801 517 2842 suspensos
540 2795 691 2831 tenet.

212 2862 288 2907 De
312 2863 368 2907 iis
393 2863 555 2913 rebus,
583 2878 710 2919 quae
746 2863 961 2919 quotidie
996 2862 1130 2915 fiunt,
1158 2862 1295 2919 sileo,
1323 2877 1433 2907 cum
1459 2862 1580 2907 satis
1614 2862 1758 2918 plene

124 2954 296 2984 eorum
333 2939 458 2984 ratio
492 2940 641 2984 fuerit
674 2940 799 2985 alias
834 2940 1099 2996 explicata.
1128 2939 1369 2984 Dominus
1393 2939 1530 2984 Deus
1563 2955 1757 2996 promo-

174 3106 181 3123 ¹
236 3103 342 3140 Vide
364 3117 455 3151 pag.
474 3104 556 3141 23¹2.
