2051 3516
348 310 418 346 860
808 310 1026 347 LITTERAE
1052 310 1409 355 QUADRIMESTRES

370 410 436 457 10.
503 411 662 456 Porro
686 411 812 457 inter
845 412 942 457 alia
976 413 1233 469 praeclare
1257 428 1287 458 a
1309 413 1435 459 Rdo.
1462 413 1539 459 P.e
1566 414 1696 470 apud
1720 430 1807 460 nos
1830 430 1910 471 ge-

304 497 396 544 sta,
424 488 551 533 istud
576 497 710 534 certe
734 498 906 534 notatu
931 504 1027 534 non
1050 489 1302 546 indignum
1326 491 1511 546 censui,
1538 491 1762 536 nimirum
1787 493 1914 548 quod

303 580 411 610 cum
449 564 632 610 fratres
671 573 719 610 et
756 565 934 611 Patres
972 566 1113 612 huius
1150 567 1344 624 collegii
1379 582 1548 612 omnes
1585 582 1756 613 casum
1789 567 1914 614 illius

307 641 479 687 fratris
518 642 672 688 nostri
713 642 965 700 deflerent,
1003 643 1082 699 qui
1121 658 1270 699 supra
1308 643 1553 689 biennium
1587 642 1699 689 ficto
1733 644 1912 700 animo,

303 733 413 764 curn
438 718 781 766 aedificatione
815 729 981 766 tamen
1016 720 1247 778 omnium,
1273 721 1319 766 in
1343 719 1596 766 Societate
1630 721 1842 779 vixerat,
1868 730 1916 767 et

303 796 347 841 in
373 796 546 842 eadem
570 796 764 843 fictione
798 813 895 842 non
929 797 1086 843 solum
1111 807 1427 844 sacramenta
1450 798 1808 857 frequentarat,
1834 814 1914 844 ve-

305 889 413 919 rum
448 883 568 919 vota
602 889 795 931 quoque
828 883 876 920 et
909 874 1099 920 fecerat
1133 884 1181 920 et
1214 884 1501 928 renouarat,
1539 891 1665 933 curn,
1698 875 1912 934 inquam,

302 950 512 996 fratrem
537 950 664 995 hunc
688 951 958 997 tentatione
982 951 1041 997 de
1066 951 1286 998 instituto
1319 952 1413 998 hoc
1446 963 1615 998 nostro
1645 952 1916 998 deserendo

304 1039 351 1073 et
375 1028 661 1086 parentibus
702 1028 918 1074 visendis
943 1029 1109 1086 eisque
1134 1030 1356 1075 iuuandis
1380 1029 1475 1075 iam
1499 1039 1800 1087 superatum,
1827 1044 1917 1075 nec

305 1105 550 1151 blanditiis
574 1121 666 1152 nec
689 1106 966 1152 terroribus
983 1122 1073 1152 nec
1092 1106 1401 1152 orationibus
1419 1106 1628 1152 assiduis
1652 1106 1714 1152 ad
1738 1106 1914 1164 Deum,

304 1198 398 1228 non
423 1183 571 1229 etiam
596 1183 860 1240 disciplinis
883 1192 984 1230 tum
1007 1184 1212 1241 publicis
1241 1193 1343 1229 tum
1368 1183 1574 1241 priuatis
1597 1184 1701 1229 eius
1724 1184 1918 1229 nomine

306 1260 468 1317 factis,
495 1260 715 1306 emollire
740 1276 799 1306 ac
823 1261 885 1307 ad
909 1261 1155 1306 saniorem
1189 1271 1402 1307 mentem
1436 1261 1675 1307 reducere
1699 1270 1914 1318 possent,

306 1347 354 1383 et
378 1338 474 1383 iam
498 1353 622 1395 pene
657 1338 715 1384 de
749 1338 851 1383 eius
886 1338 1228 1384 emendatione
1262 1339 1602 1396 desperarent3
1630 1354 1746 1384 ecce
1768 1338 1918 1384 Pater

306 1415 775 1469 misericordiarum,
809 1416 889 1472 qui
922 1431 1018 1461 non
1053 1416 1327 1461 delectatur
1363 1415 1409 1461 in
1442 1415 1795 1472 perditionibus
1836 1431 1917 1461 no-

306 1492 422 1538 stris
466 1502 514 1538 et
557 1508 830 1550 pauperum
873 1508 1075 1538 suorum
1121 1492 1365 1538 desideria
1408 1502 1654 1550 oportuno
1697 1500 1919 1549 tempore

306 1569 546 1615 exaudire
579 1569 850 1625 consueuit,
888 1585 1020 1626 ecce,
1058 1570 1272 1628 inquam,
1300 1570 1346 1615 in
1369 1569 1481 1615 Rdi.
1509 1570 1561 1615 P.
1589 1569 1805 1615 aduentu
1838 1570 1918 1615 ad-

310 1646 537 1692 miranda
560 1656 776 1693 moestos
809 1662 1012 1692 suorum
1045 1646 1236 1692 animos
1268 1646 1569 1704 perfundere
1593 1646 1823 1704 dignatus
1846 1656 1921 1692 est

306 1724 662 1770 consolatione.
691 1723 817 1769 Cum
842 1724 968 1769 enim
992 1725 1038 1769 in
1062 1724 1234 1769 eadem
1260 1724 1588 1770 obstinatione
1611 1724 1918 1781 praedictum

306 1801 516 1848 fratrem
540 1801 827 1848 offendisset
860 1803 911 1847 R.
948 1800 1022 1859 P„
1059 1811 1266 1859 paterna
1300 1817 1410 1847 eum
1444 1817 1569 1847 voce
1599 1801 1785 1848 affatus
1808 1817 1918 1847 con-

306 1879 498 1925 sulebat
532 1878 611 1924 vel
644 1879 825 1924 orabat
858 1879 1033 1936 potius,
1060 1890 1111 1925 vt
1135 1878 1464 1935 poenitentiae
1498 1879 1680 1936 aliquid
1702 1894 1917 1925 assume-

308 1966 400 2013 ret,
427 1966 475 2002 et
498 1955 637 2002 flexis
670 1957 877 2013 genibus
910 1956 1224 2013 extensisque
1248 1957 1473 2002 manibus
1495 1966 1789 2013 precaretur
1811 1971 1919 2002 coe-

307 2036 478 2080 lestem
510 2033 728 2091 Patrem,
757 2042 809 2080 vt
842 2049 894 2080 se
928 2034 991 2079 ab
1024 2034 1118 2079 hac
1151 2034 1421 2080 tentatione
1455 2034 1704 2079 liberaret.
1729 2033 1920 2079 Morem

307 2112 440 2169 gerit
463 2121 511 2157 et
534 2126 652 2156 ecce
684 2111 918 2168 postridie
942 2111 1003 2156 ad
1027 2111 1226 2156 Patrem
1262 2111 1457 2156 rediens
1481 2110 1816 2156 confessorem
1839 2126 1920 2167 po-

306 2190 471 2245 stulat3
497 2188 641 2246 jussit
663 2204 740 2233 me
773 2187 926 2233 Rdus.
953 2188 1104 2233 Pater
1138 2203 1249 2233 eum
1282 2188 1471 2243 audire,
1499 2188 1626 2245 quod
1650 2188 1814 2234 multis
1838 2203 1919 2233 an-

306 2276 387 2312 tea
410 2282 519 2312 cum
555 2282 613 2312 eo
649 2266 879 2323 egissem,
906 2273 954 2310 et
981 2264 1130 2310 vitam
1165 2265 1267 2310 eius
1301 2280 1363 2310 ex
1397 2273 1539 2322 parte
1563 2265 1658 2309 iam
1684 2264 1919 2310 haberem

309 2352 636 2401 perspectam.
679 2342 1054 2388 Confessionem
1098 2341 1215 2387 fecit
1258 2343 1543 2398 generalem
1586 2357 1696 2387 cum
1735 2342 1920 2399 ingenti

307 2421 471 2467 cordis
491 2421 585 2466 mei
606 2420 808 2477 laetitia,
830 2419 951 2465 fusis
972 2419 1098 2465 enim
1118 2419 1387 2475 lacrhymis
1405 2434 1546 2465 suam
1570 2435 1632 2465 ex
1656 2419 1819 2464 animo
1843 2419 1920 2464 de-

309 2499 538 2556 plorabat
562 2498 825 2554 miseriam3
852 2496 1098 2554 publicam
1133 2496 1304 2542 deinde
1336 2496 1505 2553 petiuit
1540 2507 1585 2542 et
1618 2496 1734 2542 fecit
1757 2495 1918 2553 poeni-

309 2575 529 2621 tentiam.
554 2573 808 2621 Exercitia
828 2588 1019 2631 quoque
1048 2579 1064 2600 ³
1089 2588 1214 2630 quae
1239 2574 1375 2630 prius
1399 2589 1427 2618 a
1451 2572 1589 2618 nobis
1608 2573 1775 2618 oblata
1794 2572 1920 2618 refu-

309 2661 524 2709 tauerat,
550 2651 794 2698 instanter
818 2650 1039 2708 exposcit
1063 2665 1219 2706 eaque
1244 2650 1333 2696 sibi
1357 2665 1612 2707 concessa,
1633 2664 1710 2695 me
1728 2649 1920 2695 traden-

307 2739 376 2786 te,
402 2729 773 2787 diligentissime
798 2737 846 2774 et
869 2728 1083 2774 maximo
1107 2742 1218 2773 cum
1241 2727 1405 2772 fructu
1437 2727 1663 2773 absoluit.
1690 2726 1921 2784 Repetita

309 2807 455 2852 etiam
480 2806 703 2863 generali
727 2805 1053 2862 confessione,
1081 2815 1197 2850 vota
1231 2819 1321 2850 sua
1355 2804 1547 2850 ardenti
1570 2804 1677 2850 Deo
1708 2803 1920 2850 seruien-

309 2883 355 2928 di
390 2882 634 2928 desiderio
672 2893 718 2928 et
757 2893 895 2928 casto
929 2882 1114 2928 affectu
1148 2890 1262 2928 ante
1294 2880 1590 2928 sanctissimi
1622 2879 1921 2927 sacramenti

357 3138 374 3158 ὃ
417 3130 657 3178 spiritualia.
