2051 3516
385 353 455 389 680
851 355 1070 391 LITTERAE
1097 354 1452 399 QUADRIMESTRES

339 459 511 495 sancta
536 450 644 495 Xri.
672 460 941 507 paupertas
977 466 1071 495 non
1106 450 1318 496 obscure
1353 451 1396 496 in
1434 467 1632 498 mensae
1665 462 1712 498 et
1747 452 1955 499 ferculo-

341 543 447 572 rum
483 526 773 583 frugalitate
808 526 1163 584 aliquantisper
1196 527 1502 574 enitesceret.
1527 529 1688 585 Quam
1712 530 1780 575 ita
1805 530 1949 587 laeto,

338 604 497 659 hilari,
525 604 769 649 constanti
805 604 941 648 vultu
976 603 1161 648 fratres
1195 604 1491 650 vnanimiter
1520 606 1752 663 tulerunt,
1781 622 1958 652 memo—

340 697 420 726 res
445 680 553 725 Xri.
581 689 629 725 et
654 696 772 725 suae
808 681 1079 737 promissae
1114 682 1436 737 paupertatis,
1464 690 1516 727 vt
1539 697 1631 728 nec
1655 683 1811 728 omnis
1845 699 1956 740 epu-

340 758 501 801 larum
526 757 829 802 abundantia
854 766 901 801 et
925 756 1066 813 copia
1091 756 1347 802 iucundior
1370 773 1478 803 esse
1502 759 1730 805 valuerit.
1760 759 1822 805 Et
1845 760 1960 816 quid

340 834 537 878 mirum?
561 849 670 878 cum
697 835 820 879 haec
856 834 997 890 regia
1031 844 1077 879 et
1112 834 1342 880 coelestis
1366 844 1414 880 et
1438 836 1500 881 ab
1524 836 1628 892 ipso
1660 837 1783 882 Xro.
1810 837 1954 894 impe-

342 920 512 956 ratore
536 919 706 956 nostro
731 911 984 967 patefacta
1009 911 1069 955 sit
1092 911 1282 957 semita.

396 988 439 1033 o.
507 987 737 1044 Quadam
771 997 915 1033 nocte
947 1003 1058 1033 cum
1083 988 1310 1044 grauiter
1333 998 1544 1046 tonaret,
1573 991 1634 1036 ad
1657 1006 1746 1035 nos
1770 1006 1960 1037 summo

339 1064 467 1109 misit
502 1065 713 1109 diluculo
753 1064 1096 1109 serenissimus
1134 1065 1376 1122 princeps,
1415 1075 1637 1112 metuens
1671 1083 1730 1112 ne
1764 1067 1960 1125 collegii

338 1151 521 1187 tectum
545 1141 676 1187 forte
707 1142 993 1187 corruisset.
1024 1141 1305 1187 Obtulimus
1338 1142 1441 1188 eius
1476 1143 1748 1189 celsitudini
1784 1144 1960 1190 librum

339 1218 682 1275 germanicum
707 1218 766 1264 de
794 1218 902 1263 vitis
936 1218 1153 1275 Patrum,
1182 1235 1325 1276 quem
1359 1220 1548 1266 solicite
1583 1221 1886 1277 inquisierat,
1914 1231 1961 1267 et

339 1295 669 1351 deuotissime,
697 1311 726 1340 a
758 1296 941 1341 nostris
965 1295 1163 1341 Vienna
1199 1296 1419 1352 allatum,
1447 1297 1675 1354 suscepit.
1702 1298 1891 1343 Monuit
1915 1307 1963 1344 et

339 1372 569 1417 acerbius
606 1372 881 1429 increpauit
920 1372 1184 1428 aliquando
1218 1373 1439 1418 dominos
1478 1373 1536 1419 de
1576 1390 1794 1431 camera,
1832 1375 1961 1432 quod

339 1450 481 1495 nimis
520 1450 662 1495 tarde
703 1465 762 1495 ac
801 1450 930 1495 lente
970 1458 1140 1494 nostra
1180 1465 1375 1507 semper
1414 1451 1844 1507 procrastinarent
1882 1468 1960 1498 ne·

343 1526 495 1584 gotia.

398 1603 440 1648 7.
507 1603 763 1649 Hactenus
788 1603 939 1660 igitur
963 1620 1090 1660 quae
1126 1604 1187 1649 ad
1221 1605 1417 1661 collegii
1451 1614 1733 1651 transactas
1757 1605 1829 1662 (vt
1853 1621 1987 1662 spes·

341 1680 433 1737 est)
468 1679 785 1726 difficultates
820 1681 1147 1738 pertinebant3
1186 1681 1360 1738 quibus
1394 1690 1441 1727 et
1475 1682 1566 1727 hoc
1601 1682 1713 1728 addi
1748 1691 1960 1739 poterat,

340 1757 580 1802 ecclesiae
606 1757 999 1803 aedificationem
1035 1759 1079 1803 in
1115 1758 1245 1803 aliud
1270 1767 1461 1815 tempus
1495 1767 1839 1815 prorogatam.
1866 1759 1962 1804 Do-

342 1834 571 1879 muncula
606 1835 1009 1879 commensalium
1043 1844 1218 1891 portae
1253 1836 1564 1892 proquinqua
1596 1836 1658 1881 ad
1691 1835 1835 1881 finem
1859 1835 1963 1882 fere

344 1910 586 1967 perducta
610 1920 698 1955 est.

398 1988 439 2033 8.
512 1989 654 2035 Nunc
678 1990 737 2034 de
762 1990 932 2034 studiis
967 2000 1014 2035 et
1048 1990 1245 2047 collegii
1271 2005 1541 2047 progressu
1566 1990 1746 2047 aliquid
1770 2005 1963 2048 quoque

341 2079 415 2115 est
439 2068 718 2114 dicendum.
746 2066 997 2123 Scriptum
1032 2083 1148 2112 reor
1182 2083 1290 2113 esse
1325 2068 1448 2113 alias
1472 2068 1530 2113 de
1555 2068 1964 2125 disputationibus

342 2161 468 2202 quae
492 2145 635 2201 regia
660 2144 918 2189 maiestate
953 2154 1216 2200 praesente
1242 2144 1370 2189 satis
1400 2144 1642 2190 foeliciter
1666 2154 1714 2190 et
1737 2145 1858 2190 satis
1881 2161 1962 2190 nu-

343 2238 539 2267 merosa
569 2221 814 2266 hominum
850 2221 1168 2275 multitudine,
1195 2230 1307 2266 sunt
1330 2222 1528 2267 habitae
1552 2221 1611 2267 de
1635 2221 1961 2267 confirmatio-

342 2299 414 2343 nis
437 2308 756 2344 sacramento
783 2300 813 2355 ¹,
841 2298 1014 2355 quibus
1048 2308 1213 2344 tamen
1246 2315 1336 2344 nec
1370 2299 1442 2344 sui
1477 2300 1861 2345 calumniatores
1886 2300 1963 2344 de-

342 2377 554 2421 fuerunt.
580 2376 846 2421 Recitatae
880 2384 991 2421 sunt
1025 2376 1210 2432 aliquot
1244 2376 1511 2422 orationes.
1542 2376 1669 2422 Cum
1692 2377 1963 2433 discipulo-

344 2468 459 2499 rnm
484 2468 736 2499 nnnvzerns
756 2459 949 2510 parum
987 2458 1298 2498 accresceret
1329 2457 1377 2498 et
1409 2454 1514 2510 i'pSi‘
1543 2467 1740 2511 qnoque
1773 2454 1962 2499 lamen-

342 2534 510 2575 tantes
535 2531 595 2575 cle
618 2544 718 2575 sna
739 2530 1023 2587 paucitate,
1050 2530 1111 2574 de
1134 2531 1425 2575 stndiormn
1446 2531 1845 2587 perseuerantia
1875 2531 1962 2576 dn-

342 2607 504 2651 bitare
529 2607 828 2662 inciperent,
860 2607 1018 2652 simnl
1049 2611 1095 2651 et
1128 2607 1186 2651 ob
1220 2608 1536 2664 concionum,
1564 2622 1695 2665 qnae
1718 2610 1795 2652 ter
1817 2612 1967 2653 erant

344 2684 395 2728 in
442 2698 560 2728 arce
599 2689 697 2740 per
748 2684 1213 2741 qnadragesimam
1267 2684 1549 2741 habendae,
1583 2685 1961 2743 frequentiam,

344 2761 577 2818 aliasque
601 2763 659 2806 ol)
684 2775 889 2817 causas,
917 2761 1201 2805 rhetoricae
1219 2761 1362 2806 lectio
1382 2765 1457 2806 est
1473 2762 1652 2818 dilata,
1679 2761 1964 2819 theologica

344 2839 395 2882 in
412 2839 684 2894 priuatam
703 2838 976 2883 translata.
996 2837 1269 2883 Puerorum
1289 2838 1567 2894 frequentia
1584 2839 1796 2895 quotidie
1813 2854 1962 2895 auge-

344 2924 438 2960 tur.
467 2914 615 2959 Faxit
639 2915 881 2960 Dominus
905 2926 956 2959 vt
979 2931 1075 2960 non
1100 2915 1357 2960 bohemica
1380 2915 1474 2960 sint
1498 2915 1648 2971 initia,
1687 2915 1770 2961 sed
1806 2915 1964 2972 potius

344 2991 390 3035 in
416 2991 569 3036 literis
593 3007 652 3036 ac
676 2992 858 3047 pietate
882 2991 1157 3047 proficiant,
1185 3001 1523 3047 perseuerent,
1546 2991 1874 3047 stabiliantur,
1897 2992 1962 3036 in-

392 3158 401 3176 ¹
457 3155 561 3193 Vide
583 3169 675 3203 pag.
695 3157 777 3193 526.
