2051 3516
366 332 434 368 426
828 334 1045 371 LITTERAE
1070 334 1424 379 QUADRIMESTRES

319 431 463 487 landi;
491 433 615 477 unde
641 432 922 479 incredibile
949 435 1077 479 dictu
1112 443 1185 479 est
1218 443 1452 489 quantum
1489 434 1728 479 malorum
1764 436 1807 480 in
1840 435 1910 481 Ec

318 508 517 553 clesiam
542 509 824 555 redundet.»
853 510 992 556 Haec
1015 511 1091 555 ille
1112 510 1189 566 qui
1210 510 1356 555 etiam
1382 510 1501 555 duos
1519 526 1635 556 suos
1654 510 1791 567 filios,
1813 511 1928 567 opti—

318 599 427 629 mae
459 585 561 641 spei
595 586 951 643 adolescentes,
994 596 1187 631 nostros
1228 586 1380 631 uoluit
1419 602 1526 631 esse
1565 586 1842 643 discipulos,
1884 597 1931 632 et

317 660 503 716 gaudet
526 661 612 706 sibi
637 662 853 707 oblatam
883 663 1193 707 occasionem
1228 662 1395 717 plures
1428 662 1489 707 ad
1524 678 1612 707 nos
1648 663 1926 718 ablegandi.

319 736 518 783 Caeteri
544 739 668 784 enim
694 740 765 784 sui
791 739 1007 796 discipuli
1034 739 1240 784 libenter
1264 739 1325 784 ad
1351 739 1464 784 illud
1488 755 1539 784 se
1558 739 1813 785 conferent
1836 741 1929 784 col-

318 815 498 869 legium
523 816 568 860 in
593 831 687 871 quo
712 816 893 873 proprii
918 816 1112 862 student
1136 815 1230 860 filii.
1257 815 1416 861 Huius
1440 816 1529 861 uiri
1549 816 1812 861 amicitiam
1833 833 1928 862 ma-

317 892 400 947 gni
424 891 648 937 facimus.
677 892 738 938 Et
762 909 856 938 non
883 893 1024 938 uideo
1049 908 1158 937 cum
1183 893 1358 949 quibus
1388 893 1546 949 potius
1579 893 1624 937 in
1660 891 1930 938 Germania

317 968 581 1014 amicitiam
607 969 904 1014 contrahere
929 970 1209 1021 debeamus,
1237 984 1383 1025 quam
1413 984 1521 1014 cum
1545 969 1858 1025 principibus,
1885 981 1929 1015 et

318 1046 361 1090 in
388 1045 552 1090 liberis
575 1045 855 1091 ciuitatibus
880 1062 988 1091 cum
1012 1045 1325 1091 senatoribus
1349 1045 1430 1102 (ab
1449 1045 1540 1091 illis
1558 1046 1685 1091 enim
1703 1054 1833 1091 totus
1851 1046 1926 1091 de-

318 1122 492 1178 pendet
516 1123 756 1179 populus),
784 1132 831 1168 et
855 1139 964 1169 cum
989 1121 1356 1179 ludimagistris,
1383 1131 1436 1167 vt
1455 1122 1582 1179 'quia
1615 1138 1702 1178 per
1735 1123 1930 1167 scholas

317 1199 564 1244 subueniri
590 1208 749 1256 potest
772 1199 985 1244 afflictae
1016 1197 1332 1253 Germaniae,
1370 1198 1433 1243 illi
1468 1198 1675 1255 primum
1709 1195 1927 1244 iuuentu<

319 1284 414 1319 tem
440 1285 573 1320 recte
597 1275 866 1329 instituant,
888 1286 933 1320 et
959 1285 1067 1332 post
1089 1275 1150 1319 ad
1175 1291 1263 1319 nos
1288 1275 1603 1320 trasmittant.

381 1352 446 1397 12.
514 1352 652 1397 Haec
689 1362 815 1397 sunt.
854 1352 975 1397 Rde.
1014 1352 1186 1402 Pater,
1210 1367 1350 1407 quae
1388 1351 1524 1397 Deus
1563 1351 1798 1397 Coloniae
1838 1352 1929 1397 hoc

319 1444 482 1473 mense
508 1429 705 1484 operari
740 1429 969 1485 dignatus
1004 1437 1090 1474 est:
1119 1444 1244 1484 quae
1279 1443 1436 1484 parua
1465 1437 1513 1473 et
1546 1443 1704 1484 pauca
1735 1438 1862 1482 sunt,
1888 1429 1927 1474 si

317 1520 424 1549 cum
450 1505 504 1549 iis
528 1521 654 1561 quae
678 1505 791 1550 alibi
816 1504 933 1550 fiunt
956 1504 1294 1561 conferantur;
1322 1504 1405 1550 sed
1441 1520 1624 1561 magna
1647 1505 1685 1550 si
1710 1505 1925 1550 conside<

318 1589 454 1625 retur
478 1581 603 1637 quod
629 1580 865 1626 Coloniae
900 1581 1033 1626 facta
1067 1592 1192 1636 sunt,
1220 1591 1267 1626 et
1291 1580 1446 1636 primo
1475 1580 1669 1638 collegii
1694 1597 1838 1626 anno.
1866 1581 1927 1625 Et

317 1658 403 1702 nisi
428 1658 487 1703 R.
516 1658 565 1703 P.
591 1659 880 1703 Leonardus
904 1668 975 1703 tot
1000 1659 1094 1703 iam
1119 1658 1258 1703 annis
1281 1658 1325 1703 in
1352 1657 1572 1703 iaciendo
1606 1658 1798 1715 collegii
1824 1658 1925 1702 fun*

317 1735 542 1780 damento
577 1744 847 1791 occupatus
885 1735 1071 1789 fuisset,
1107 1735 1277 1780 timere
1316 1734 1580 1791 inciperem
1621 1751 1679 1780 ne
1717 1735 1924 1780 subitum

317 1810 441 1855 istud
467 1809 822 1857 incrementum
857 1812 966 1868 quid
1003 1811 1115 1857 mali
1151 1812 1478 1868 praesagiret;
1506 1828 1713 1868 paruum
1742 1812 1928 1858 scilicet

317 1887 595 1933 coloniense
631 1888 846 1933 futurum
882 1889 1161 1945 collegium,
1190 1889 1234 1933 in
1260 1888 1398 1933 cuius
1428 1888 1663 1945 principio
1699 1905 1793 1934 non
1828 1905 1925 1934 ma<

316 1964 392 2019 gis
423 1965 751 2010 laboraretur.
779 1963 876 2010 Sed
900 1965 1051 2019 Deus,
1079 1965 1136 2009 T.
1164 1965 1222 2010 R.
1251 1975 1526 2010 commotus
1550 1965 1792 2021 precibus,
1821 1982 1923 2020 nos,

316 2057 481 2098 spero,
509 2041 777 2097 adiuuabit,
805 2052 856 2088 ut
879 2052 927 2087 et
951 2043 1318 2088 [undamentum
1354 2043 1476 2088 bene
1510 2042 1736 2097 iaciatur,
1769 2053 1816 2088 et
1851 2043 1923 2088 fir-

318 2133 444 2163 mum
485 2119 743 2175 collegium
783 2128 1061 2165 extruatur.
1106 2119 1275 2164 Finem
1314 2135 1442 2165 nunc
1485 2120 1705 2165 facerem
1750 2120 1837 2165 nisi
1879 2132 1924 2165 et

317 2211 450 2239 mors
475 2194 645 2240 fratris
669 2196 822 2241 nostri
847 2195 1080 2251 Stephani
1114 2195 1300 2250 Caroli,
1330 2205 1378 2241 et
1401 2196 1642 2241 aduentus
1665 2197 1724 2241 R.
1753 2197 1804 2242 P.
1832 2196 1923 2242 Ca—

316 2271 420 2315 nisii
460 2272 747 2327 ampliorem
787 2272 1033 2317 scribendi
1074 2272 1328 2317 materiam
1369 2273 1647 2328 praeberet.
1690 2273 1811 2329 Ipsis
1845 2274 1923 2319 idi-

315 2348 404 2392 bus
429 2347 660 2393 Octobris
686 2348 819 2393 circa
844 2349 1017 2394 horam
1056 2349 1108 2393 10
1139 2358 1253 2394 ante
1288 2349 1544 2405 prandium
1580 2349 1812 2405 migrauit
1836 2351 1924 2395 iste

316 2423 471 2469 irater
505 2425 565 2470 ad
601 2425 877 2470 Dominum:
905 2426 983 2482 qui
1018 2426 1129 2470 dum
1165 2426 1355 2471 uiueret
1388 2426 1624 2482 singulari
1659 2427 1923 2483 patientiae

314 2510 361 2545 et
400 2501 707 2546 obedientiae
747 2503 1022 2558 exemplum
1062 2502 1165 2556 fuit,
1202 2512 1249 2548 et
1289 2504 1528 2547 bonorum
1568 2503 1923 2548 desideriorum

316 2578 500 2633 plenus.
529 2578 670 2623 Nunc
694 2577 885 2623 confido
922 2579 966 2624 in
1003 2579 1141 2624 caelo
1176 2594 1265 2635 pro
1299 2579 1453 2635 nobis,
1481 2578 1688 2624 Colonia
1721 2588 1922 2636 totaque

315 2653 586 2700 Germania
610 2656 769 2701 Deum
795 2665 919 2701 orat.
1915 2716 1922 2721 q

376 2731 442 2776 13.
509 2732 568 2777 R.
606 2742 772 2778 autem
808 2733 861 2778 P.
901 2731 1130 2778 Canisius
1162 2734 1189 2778 4
1222 2733 1455 2778 calendas
1489 2733 1783 2779 Nouembris
1815 2741 1831 2762 ³
1861 2734 1921 2779 ad

314 2822 403 2851 nos
428 2809 856 2863 expectatissimus
880 2808 1011 2854 uenit
1034 2825 1095 2854 ex
1121 2808 1441 2854 vormatiensi
1467 2809 1723 2866 colloquio,
1745 2819 1793 2855 et
1816 2826 1923 2866 per-

316 2884 516 2927 multum
552 2899 638 2929 nos
673 2900 763 2930 sua
797 2885 1079 2941 praesentia
1103 2884 1304 2930 adiuuit.
1333 2884 1626 2930 Conciliauit
1660 2886 1806 2931 etiam
1841 2903 1920 2931 no-

360 3130 376 3148 a
447 3118 498 3154 In
520 3121 718 3163 margin?
736 3120 824 3155 alia
847 3131 997 3156 nulum:
1021 3118 1172 3155 Canisii
1191 3125 1306 3165 gesta
1327 3118 1534 3156 Coloniae.
