<?xml version="1.0" encoding="UTF-8"?>
<!DOCTYPE html PUBLIC "-//W3C//DTD XHTML 1.0 Transitional//EN"
    "http://www.w3.org/TR/xhtml1/DTD/xhtml1-transitional.dtd">
<html xmlns="http://www.w3.org/1999/xhtml" xml:lang="en" lang="en">
 <head>
  <title>
</title>
<meta http-equiv="Content-Type" content="text/html;charset=utf-8" />
  <meta name='ocr-system' content='tesseract 3.04.00' />
  <meta name='ocr-capabilities' content='ocr_page ocr_carea ocr_par ocr_line ocrx_word'/>
</head>
<body>
  <div class='ocr_page' id='page_1' title='image "./litteraequadrime17lain_0079.png"; bbox 0 0 2051 3516; ppageno 0'>
   <div class='ocr_carea' id='block_1_1' title="bbox 527 284 1638 334">
    <p class='ocr_par' dir='ltr' id='par_1_1' title="bbox 527 284 1638 334">
     <span class='ocr_line' id='line_1_1' title="bbox 527 284 1638 334; baseline -0.003 -10"><span class='ocrx_word' id='word_1_1' title='bbox 527 284 823 324; x_wconf 57' lang='lat' dir='ltr'>10.—NEA1›01.1</span> <span class='ocrx_word' id='word_1_2' title='bbox 851 286 874 323; x_wconf 83' lang='lat'>‘2</span> <span class='ocrx_word' id='word_1_3' title='bbox 896 284 1101 334; x_wconf 57' lang='lat' dir='ltr'>JANUAmi</span> <span class='ocrx_word' id='word_1_4' title='bbox 1135 284 1222 323; x_wconf 64' lang='lat'>1337</span> <span class='ocrx_word' id='word_1_5' title='bbox 1594 284 1638 321; x_wconf 58' lang='lat'>4‘)</span> 
     </span>
    </p>
   </div>
   <div class='ocr_carea' id='block_1_2' title="bbox 57 379 1689 1911">
    <p class='ocr_par' dir='ltr' id='par_1_2' title="bbox 57 379 1689 1911">
     <span class='ocr_line' id='line_1_2' title="bbox 118 379 1685 441; baseline -0.004 -10"><span class='ocrx_word' id='word_1_6' title='bbox 118 385 160 431; x_wconf 80' lang='lat'>6.</span> <span class='ocrx_word' id='word_1_7' title='bbox 227 383 320 430; x_wconf 91' lang='lat' dir='ltr'>Die</span> <span class='ocrx_word' id='word_1_8' title='bbox 338 382 400 428; x_wconf 92' lang='lat' dir='ltr'>D.</span> <span class='ocrx_word' id='word_1_9' title='bbox 424 381 661 440; x_wconf 79' lang='lat' dir='ltr'>Stephani</span> <span class='ocrx_word' id='word_1_10' title='bbox 681 382 1098 441; x_wconf 78' lang='lat' dir='ltr'>prothomartyris</span> <span class='ocrx_word' id='word_1_11' title='bbox 1117 379 1491 439; x_wconf 85' lang='lat' dir='ltr'>euangelizandi</span> <span class='ocrx_word' id='word_1_12' title='bbox 1512 395 1685 425; x_wconf 84' lang='lat' dir='ltr'>munus</span> 
     </span>
     <span class='ocr_line' id='line_1_3' title="bbox 61 458 1685 517; baseline -0.004 -9"><span class='ocrx_word' id='word_1_13' title='bbox 61 478 201 509; x_wconf 88' lang='lat' dir='ltr'>suum</span> <span class='ocrx_word' id='word_1_14' title='bbox 226 470 300 507; x_wconf 88' lang='lat' dir='ltr'>est</span> <span class='ocrx_word' id='word_1_15' title='bbox 323 461 625 517; x_wconf 75' lang='lat' dir='ltr'>auspicatus,</span> <span class='ocrx_word' id='word_1_16' title='bbox 652 477 766 506; x_wconf 92' lang='lat' dir='ltr'>nam</span> <span class='ocrx_word' id='word_1_17' title='bbox 790 460 852 506; x_wconf 87' lang='lat' dir='ltr'>ad</span> <span class='ocrx_word' id='word_1_18' title='bbox 883 475 1149 516; x_wconf 89' lang='lat' dir='ltr'>proregem</span> <span class='ocrx_word' id='word_1_19' title='bbox 1174 460 1186 483; x_wconf 81' lang='lat'>¹</span> <span class='ocrx_word' id='word_1_20' title='bbox 1218 468 1266 504; x_wconf 90' lang='lat' dir='ltr'>et</span> <span class='ocrx_word' id='word_1_21' title='bbox 1300 458 1404 503; x_wconf 90' lang='lat' dir='ltr'>eius</span> <span class='ocrx_word' id='word_1_22' title='bbox 1438 472 1646 502; x_wconf 83' lang='lat' dir='ltr'>uxorem</span> <span class='ocrx_word' id='word_1_23' title='bbox 1671 459 1685 480; x_wconf 70' lang='lat'><em>²</em></span> 
     </span>
     <span class='ocr_line' id='line_1_4' title="bbox 62 533 1684 594; baseline -0.005 -9"><span class='ocrx_word' id='word_1_24' title='bbox 62 541 106 586; x_wconf 88' lang='lat' dir='ltr'>in</span> <span class='ocrx_word' id='word_1_25' title='bbox 132 539 300 585; x_wconf 84' lang='lat' dir='ltr'>edibus</span> <span class='ocrx_word' id='word_1_26' title='bbox 330 537 482 594; x_wconf 89' lang='lat' dir='ltr'>regiis</span> <span class='ocrx_word' id='word_1_27' title='bbox 516 537 840 583; x_wconf 78' lang='lat' dir='ltr'>concionatus</span> <span class='ocrx_word' id='word_1_28' title='bbox 873 546 947 582; x_wconf 88' lang='lat' dir='ltr'>est</span> <span class='ocrx_word' id='word_1_29' title='bbox 981 537 1150 592; x_wconf 87' lang='lat' dir='ltr'>lingua</span> <span class='ocrx_word' id='word_1_30' title='bbox 1184 535 1453 591; x_wconf 89' lang='lat' dir='ltr'>hispanica,</span> <span class='ocrx_word' id='word_1_31' title='bbox 1488 534 1568 579; x_wconf 90' lang='lat' dir='ltr'>ubi</span> <span class='ocrx_word' id='word_1_32' title='bbox 1603 533 1684 577; x_wconf 90' lang='lat' dir='ltr'>mi—</span> 
     </span>
     <span class='ocr_line' id='line_1_5' title="bbox 62 613 1684 669; baseline -0.006 -6"><span class='ocrx_word' id='word_1_33' title='bbox 62 632 170 663; x_wconf 89' lang='lat' dir='ltr'>rum</span> <span class='ocrx_word' id='word_1_34' title='bbox 204 615 485 661; x_wconf 84' lang='lat' dir='ltr'>auditorum</span> <span class='ocrx_word' id='word_1_35' title='bbox 521 614 737 660; x_wconf 90' lang='lat' dir='ltr'>omnium</span> <span class='ocrx_word' id='word_1_36' title='bbox 771 613 985 659; x_wconf 86' lang='lat' dir='ltr'>studium</span> <span class='ocrx_word' id='word_1_37' title='bbox 1019 613 1065 658; x_wconf 90' lang='lat' dir='ltr'>in</span> <span class='ocrx_word' id='word_1_38' title='bbox 1099 628 1210 658; x_wconf 91' lang='lat' dir='ltr'>eum</span> <span class='ocrx_word' id='word_1_39' title='bbox 1248 620 1560 669; x_wconf 85' lang='lat' dir='ltr'>perspectum</span> <span class='ocrx_word' id='word_1_40' title='bbox 1594 620 1684 665; x_wconf 88' lang='lat' dir='ltr'>est,</span> 
     </span>
     <span class='ocr_line' id='line_1_6' title="bbox 61 687 1688 753; baseline -0.004 -14"><span class='ocrx_word' id='word_1_41' title='bbox 61 708 267 753; x_wconf 88' lang='lat' dir='ltr'>quorum</span> <span class='ocrx_word' id='word_1_42' title='bbox 295 692 387 738; x_wconf 78' lang='lat' dir='ltr'>fuit</span> <span class='ocrx_word' id='word_1_43' title='bbox 416 692 744 749; x_wconf 87' lang='lat' dir='ltr'>amplissimus</span> <span class='ocrx_word' id='word_1_44' title='bbox 777 706 1058 737; x_wconf 85' lang='lat' dir='ltr'>concessus.</span> <span class='ocrx_word' id='word_1_45' title='bbox 1096 689 1201 736; x_wconf 91' lang='lat' dir='ltr'>Nec</span> <span class='ocrx_word' id='word_1_46' title='bbox 1235 699 1309 735; x_wconf 91' lang='lat' dir='ltr'>est</span> <span class='ocrx_word' id='word_1_47' title='bbox 1343 689 1471 746; x_wconf 89' lang='lat' dir='ltr'>quod</span> <span class='ocrx_word' id='word_1_48' title='bbox 1500 688 1559 733; x_wconf 88' lang='lat' dir='ltr'>de</span> <span class='ocrx_word' id='word_1_49' title='bbox 1584 687 1688 733; x_wconf 89' lang='lat' dir='ltr'>eius</span> 
     </span>
     <span class='ocr_line' id='line_1_7' title="bbox 61 764 1687 827; baseline -0.005 -10"><span class='ocrx_word' id='word_1_50' title='bbox 61 773 193 818; x_wconf 74' lang='lat' dir='ltr'>fama</span> <span class='ocrx_word' id='word_1_51' title='bbox 217 786 310 827; x_wconf 85' lang='lat' dir='ltr'>que</span> <span class='ocrx_word' id='word_1_52' title='bbox 334 771 379 815; x_wconf 92' lang='lat' dir='ltr'>in</span> <span class='ocrx_word' id='word_1_53' title='bbox 404 771 476 815; x_wconf 88' lang='lat' dir='ltr'>his</span> <span class='ocrx_word' id='word_1_54' title='bbox 500 770 620 815; x_wconf 88' lang='lat' dir='ltr'>locis</span> <span class='ocrx_word' id='word_1_55' title='bbox 644 769 796 826; x_wconf 89' lang='lat' dir='ltr'>uiget,</span> <span class='ocrx_word' id='word_1_56' title='bbox 824 768 1006 825; x_wconf 81' lang='lat' dir='ltr'>aliquid</span> <span class='ocrx_word' id='word_1_57' title='bbox 1029 768 1262 825; x_wconf 76' lang='lat' dir='ltr'>scribam,</span> <span class='ocrx_word' id='word_1_58' title='bbox 1290 782 1402 812; x_wconf 90' lang='lat' dir='ltr'>cum</span> <span class='ocrx_word' id='word_1_59' title='bbox 1426 764 1687 811; x_wconf 84' lang='lat' dir='ltr'>Salmeron</span> 
     </span>
     <span class='ocr_line' id='line_1_8' title="bbox 60 844 1684 908; baseline -0.004 -14"><span class='ocrx_word' id='word_1_60' title='bbox 60 849 197 908; x_wconf 85' lang='lat' dir='ltr'>quasi</span> <span class='ocrx_word' id='word_1_61' title='bbox 231 848 359 894; x_wconf 90' lang='lat' dir='ltr'>alter</span> <span class='ocrx_word' id='word_1_62' title='bbox 392 846 629 893; x_wconf 86' lang='lat' dir='ltr'>Salomon</span> <span class='ocrx_word' id='word_1_63' title='bbox 664 863 693 892; x_wconf 89' lang='lat' dir='ltr'>a</span> <span class='ocrx_word' id='word_1_64' title='bbox 717 846 915 902; x_wconf 56' lang='lat' dir='ltr'>muldis]</span> <span class='ocrx_word' id='word_1_65' title='bbox 943 848 963 866; x_wconf 61' lang='lat' dir='ltr'>a</span> <span class='ocrx_word' id='word_1_66' title='bbox 986 845 1366 902; x_wconf 78' lang='lat' dir='ltr'>cognominetur</span> <span class='ocrx_word' id='word_1_67' title='bbox 1389 859 1450 889; x_wconf 88' lang='lat' dir='ltr'>ac</span> <span class='ocrx_word' id='word_1_68' title='bbox 1473 844 1684 888; x_wconf 86' lang='lat' dir='ltr'>colatur.</span> 
     </span>
     <span class='ocr_line' id='line_1_9' title="bbox 58 920 1687 981; baseline -0.004 -9"><span class='ocrx_word' id='word_1_69' title='bbox 58 927 187 973; x_wconf 89' lang='lat' dir='ltr'>Idem</span> <span class='ocrx_word' id='word_1_70' title='bbox 210 925 338 971; x_wconf 80' lang='lat' dir='ltr'>festo</span> <span class='ocrx_word' id='word_1_71' title='bbox 363 923 782 981; x_wconf 87' lang='lat' dir='ltr'>Circumcisionis,</span> <span class='ocrx_word' id='word_1_72' title='bbox 809 923 888 980; x_wconf 88' lang='lat' dir='ltr'>qui</span> <span class='ocrx_word' id='word_1_73' title='bbox 913 923 1019 968; x_wconf 89' lang='lat' dir='ltr'>heri</span> <span class='ocrx_word' id='word_1_74' title='bbox 1043 938 1072 968; x_wconf 90' lang='lat' dir='ltr'>a</span> <span class='ocrx_word' id='word_1_75' title='bbox 1095 922 1236 968; x_wconf 89' lang='lat' dir='ltr'>nobis</span> <span class='ocrx_word' id='word_1_76' title='bbox 1259 921 1496 979; x_wconf 89' lang='lat' dir='ltr'>precipuo</span> <span class='ocrx_word' id='word_1_77' title='bbox 1527 920 1687 965; x_wconf 89' lang='lat' dir='ltr'>studio</span> 
     </span>
     <span class='ocr_line' id='line_1_10' title="bbox 59 997 1687 1059; baseline -0.005 -9"><span class='ocrx_word' id='word_1_78' title='bbox 59 1013 132 1050; x_wconf 89' lang='lat' dir='ltr'>est</span> <span class='ocrx_word' id='word_1_79' title='bbox 164 1004 463 1059; x_wconf 78' lang='lat' dir='ltr'>celebratUS,</span> <span class='ocrx_word' id='word_1_80' title='bbox 499 1003 712 1047; x_wconf 88' lang='lat' dir='ltr'>alteram</span> <span class='ocrx_word' id='word_1_81' title='bbox 745 1001 914 1047; x_wconf 85' lang='lat' dir='ltr'>habuit</span> <span class='ocrx_word' id='word_1_82' title='bbox 948 1000 1253 1056; x_wconf 83' lang='lat' dir='ltr'>concionem,</span> <span class='ocrx_word' id='word_1_83' title='bbox 1291 999 1369 1044; x_wconf 92' lang='lat' dir='ltr'>cui</span> <span class='ocrx_word' id='word_1_84' title='bbox 1404 998 1495 1043; x_wconf 91' lang='lat' dir='ltr'>uiri</span> <span class='ocrx_word' id='word_1_85' title='bbox 1519 997 1687 1054; x_wconf 89' lang='lat' dir='ltr'>magni</span> 
     </span>
     <span class='ocr_line' id='line_1_11' title="bbox 58 1074 1687 1137; baseline -0.005 -10"><span class='ocrx_word' id='word_1_86' title='bbox 58 1080 265 1127; x_wconf 89' lang='lat' dir='ltr'>nominis</span> <span class='ocrx_word' id='word_1_87' title='bbox 288 1096 348 1126; x_wconf 91' lang='lat' dir='ltr'>ac</span> <span class='ocrx_word' id='word_1_88' title='bbox 371 1078 670 1137; x_wconf 88' lang='lat' dir='ltr'>matrona[e]</span> <span class='ocrx_word' id='word_1_89' title='bbox 694 1078 1045 1135; x_wconf 86' lang='lat' dir='ltr'>nobilissimae,</span> <span class='ocrx_word' id='word_1_90' title='bbox 1072 1093 1170 1123; x_wconf 91' lang='lat' dir='ltr'>una</span> <span class='ocrx_word' id='word_1_91' title='bbox 1203 1092 1314 1122; x_wconf 88' lang='lat' dir='ltr'>cum</span> <span class='ocrx_word' id='word_1_92' title='bbox 1348 1075 1491 1120; x_wconf 88' lang='lat' dir='ltr'>Rmo.</span> <span class='ocrx_word' id='word_1_93' title='bbox 1530 1074 1687 1120; x_wconf 88' lang='lat' dir='ltr'>cardi-</span> 
     </span>
     <span class='ocr_line' id='line_1_12' title="bbox 58 1153 1689 1215; baseline -0.004 -10"><span class='ocrx_word' id='word_1_94' title='bbox 58 1160 168 1206; x_wconf 88' lang='lat' dir='ltr'>nale</span> <span class='ocrx_word' id='word_1_95' title='bbox 192 1158 252 1205; x_wconf 91' lang='lat' dir='ltr'>de</span> <span class='ocrx_word' id='word_1_96' title='bbox 271 1157 447 1204; x_wconf 88' lang='lat' dir='ltr'>Cueua</span> <span class='ocrx_word' id='word_1_97' title='bbox 467 1167 515 1204; x_wconf 90' lang='lat' dir='ltr'>et</span> <span class='ocrx_word' id='word_1_98' title='bbox 534 1166 748 1215; x_wconf 89' lang='lat' dir='ltr'>quatuor</span> <span class='ocrx_word' id='word_1_99' title='bbox 772 1155 1015 1213; x_wconf 90' lang='lat' dir='ltr'>episcopis</span> <span class='ocrx_word' id='word_1_100' title='bbox 1039 1155 1388 1208; x_wconf 79' lang='lat' dir='ltr'>interfuerunt,</span> <span class='ocrx_word' id='word_1_101' title='bbox 1416 1169 1527 1199; x_wconf 92' lang='lat' dir='ltr'>cum</span> <span class='ocrx_word' id='word_1_102' title='bbox 1552 1153 1689 1209; x_wconf 85' lang='lat' dir='ltr'>prius</span> 
     </span>
     <span class='ocr_line' id='line_1_13' title="bbox 60 1229 1687 1291; baseline -0.005 -9"><span class='ocrx_word' id='word_1_103' title='bbox 60 1252 89 1282; x_wconf 88' lang='lat' dir='ltr'>a</span> <span class='ocrx_word' id='word_1_104' title='bbox 112 1251 190 1282; x_wconf 91' lang='lat' dir='ltr'>me</span> <span class='ocrx_word' id='word_1_105' title='bbox 223 1251 422 1282; x_wconf 87' lang='lat' dir='ltr'>sacrum</span> <span class='ocrx_word' id='word_1_106' title='bbox 456 1235 730 1291; x_wconf 84' lang='lat' dir='ltr'>audissent,</span> <span class='ocrx_word' id='word_1_107' title='bbox 769 1233 898 1291; x_wconf 89' lang='lat' dir='ltr'>quod</span> <span class='ocrx_word' id='word_1_108' title='bbox 931 1232 1141 1290; x_wconf 85' lang='lat' dir='ltr'>primum</span> <span class='ocrx_word' id='word_1_109' title='bbox 1177 1231 1544 1289; x_wconf 87' lang='lat' dir='ltr'>indignissimus</span> <span class='ocrx_word' id='word_1_110' title='bbox 1577 1229 1687 1275; x_wconf 89' lang='lat' dir='ltr'>Deo</span> 
     </span>
     <span class='ocr_line' id='line_1_14' title="bbox 59 1307 1689 1371; baseline -0.005 -11"><span class='ocrx_word' id='word_1_111' title='bbox 59 1313 379 1371; x_wconf 84' lang='lat' dir='ltr'>omnipotenti</span> <span class='ocrx_word' id='word_1_112' title='bbox 404 1312 573 1370; x_wconf 85' lang='lat' dir='ltr'>optuli.</span> <span class='ocrx_word' id='word_1_113' title='bbox 599 1311 646 1357; x_wconf 91' lang='lat' dir='ltr'>Is</span> <span class='ocrx_word' id='word_1_114' title='bbox 669 1311 795 1357; x_wconf 77' lang='lat' dir='ltr'>faxit</span> <span class='ocrx_word' id='word_1_115' title='bbox 820 1311 898 1368; x_wconf 89' lang='lat' dir='ltr'>qui</span> <span class='ocrx_word' id='word_1_116' title='bbox 922 1326 999 1356; x_wconf 91' lang='lat' dir='ltr'>me</span> <span class='ocrx_word' id='word_1_117' title='bbox 1034 1310 1209 1356; x_wconf 91' lang='lat' dir='ltr'>eodem</span> <span class='ocrx_word' id='word_1_118' title='bbox 1244 1309 1320 1355; x_wconf 88' lang='lat' dir='ltr'>die</span> <span class='ocrx_word' id='word_1_119' title='bbox 1354 1318 1402 1354; x_wconf 90' lang='lat' dir='ltr'>et</span> <span class='ocrx_word' id='word_1_120' title='bbox 1436 1307 1689 1364; x_wconf 84' lang='lat' dir='ltr'>religionis</span> 
     </span>
     <span class='ocr_line' id='line_1_15' title="bbox 59 1384 1687 1448; baseline -0.005 -11"><span class='ocrx_word' id='word_1_121' title='bbox 59 1392 197 1438; x_wconf 91' lang='lat' dir='ltr'>suaui</span> <span class='ocrx_word' id='word_1_122' title='bbox 220 1390 343 1448; x_wconf 90' lang='lat' dir='ltr'>jugo</span> <span class='ocrx_word' id='word_1_123' title='bbox 363 1400 512 1436; x_wconf 88' lang='lat' dir='ltr'>antea</span> <span class='ocrx_word' id='word_1_124' title='bbox 532 1388 761 1446; x_wconf 89' lang='lat' dir='ltr'>subdidit,</span> <span class='ocrx_word' id='word_1_125' title='bbox 783 1398 831 1434; x_wconf 89' lang='lat' dir='ltr'>et</span> <span class='ocrx_word' id='word_1_126' title='bbox 850 1404 979 1434; x_wconf 91' lang='lat' dir='ltr'>nunc</span> <span class='ocrx_word' id='word_1_127' title='bbox 997 1386 1159 1445; x_wconf 84' lang='lat' dir='ltr'>tan[ti]</span> <span class='ocrx_word' id='word_1_128' title='bbox 1180 1386 1398 1432; x_wconf 88' lang='lat' dir='ltr'>muneris</span> <span class='ocrx_word' id='word_1_129' title='bbox 1416 1384 1687 1431; x_wconf 87' lang='lat' dir='ltr'>ministerio</span> 
     </span>
     <span class='ocr_line' id='line_1_16' title="bbox 57 1464 1687 1526; baseline -0.006 -11"><span class='ocrx_word' id='word_1_130' title='bbox 57 1468 301 1526; x_wconf 85' lang='lat' dir='ltr'>apposuit,</span> <span class='ocrx_word' id='word_1_131' title='bbox 328 1477 382 1514; x_wconf 90' lang='lat' dir='ltr'>ut</span> <span class='ocrx_word' id='word_1_132' title='bbox 410 1467 664 1524; x_wconf 90' lang='lat' dir='ltr'>geminato</span> <span class='ocrx_word' id='word_1_133' title='bbox 688 1464 918 1512; x_wconf 90' lang='lat' dir='ltr'>benefitio</span> <span class='ocrx_word' id='word_1_134' title='bbox 943 1464 1278 1522; x_wconf 87' lang='lat' dir='ltr'>dupplicatam</span> <span class='ocrx_word' id='word_1_135' title='bbox 1312 1478 1507 1520; x_wconf 86' lang='lat' dir='ltr'>quoque</span> <span class='ocrx_word' id='word_1_136' title='bbox 1541 1477 1687 1519; x_wconf 86' lang='lat' dir='ltr'>expe-</span> 
     </span>
     <span class='ocr_line' id='line_1_17' title="bbox 59 1540 1689 1604; baseline -0.005 -11"><span class='ocrx_word' id='word_1_137' title='bbox 59 1547 158 1593; x_wconf 90' lang='lat' dir='ltr'>diat</span> <span class='ocrx_word' id='word_1_138' title='bbox 192 1546 425 1604; x_wconf 85' lang='lat' dir='ltr'>gratiam,</span> <span class='ocrx_word' id='word_1_139' title='bbox 462 1561 561 1602; x_wconf 88' lang='lat' dir='ltr'>qua</span> <span class='ocrx_word' id='word_1_140' title='bbox 584 1546 631 1590; x_wconf 91' lang='lat' dir='ltr'>in</span> <span class='ocrx_word' id='word_1_141' title='bbox 654 1553 866 1601; x_wconf 86' lang='lat' dir='ltr'>utroque</span> <span class='ocrx_word' id='word_1_142' title='bbox 891 1553 939 1590; x_wconf 85' lang='lat' dir='ltr'>et</span> <span class='ocrx_word' id='word_1_143' title='bbox 962 1543 1113 1600; x_wconf 88' lang='lat' dir='ltr'>ipsius</span> <span class='ocrx_word' id='word_1_144' title='bbox 1137 1557 1380 1588; x_wconf 88' lang='lat' dir='ltr'>summam</span> <span class='ocrx_word' id='word_1_145' title='bbox 1403 1540 1617 1598; x_wconf 87' lang='lat' dir='ltr'>gloriam</span> <span class='ocrx_word' id='word_1_146' title='bbox 1641 1549 1689 1586; x_wconf 91' lang='lat' dir='ltr'>et</span> 
     </span>
     <span class='ocr_line' id='line_1_18' title="bbox 58 1617 1687 1680; baseline -0.006 -9"><span class='ocrx_word' id='word_1_147' title='bbox 58 1625 119 1672; x_wconf 87' lang='lat' dir='ltr'>ad</span> <span class='ocrx_word' id='word_1_148' title='bbox 153 1640 313 1671; x_wconf 90' lang='lat' dir='ltr'>meam</span> <span class='ocrx_word' id='word_1_149' title='bbox 346 1624 654 1680; x_wconf 85' lang='lat' dir='ltr'>aliorumque</span> <span class='ocrx_word' id='word_1_150' title='bbox 686 1623 898 1669; x_wconf 91' lang='lat' dir='ltr'>salutem</span> <span class='ocrx_word' id='word_1_151' title='bbox 931 1620 1160 1668; x_wconf 90' lang='lat' dir='ltr'>continue</span> <span class='ocrx_word' id='word_1_152' title='bbox 1201 1635 1278 1665; x_wconf 92' lang='lat' dir='ltr'>me</span> <span class='ocrx_word' id='word_1_153' title='bbox 1317 1634 1510 1676; x_wconf 90' lang='lat' dir='ltr'>geram.</span> <span class='ocrx_word' id='word_1_154' title='bbox 1552 1617 1687 1663; x_wconf 89' lang='lat' dir='ltr'>Idem</span> 
     </span>
     <span class='ocr_line' id='line_1_19' title="bbox 57 1694 1689 1748; baseline -0.006 0"><span class='ocrx_word' id='word_1_155' title='bbox 57 1702 298 1748; x_wconf 87' lang='lat' dir='ltr'>Dominus</span> <span class='ocrx_word' id='word_1_156' title='bbox 321 1710 493 1747; x_wconf 90' lang='lat' dir='ltr'>noster</span> <span class='ocrx_word' id='word_1_157' title='bbox 515 1700 868 1746; x_wconf 88' lang='lat' dir='ltr'>Reverendam</span> <span class='ocrx_word' id='word_1_158' title='bbox 891 1699 1252 1744; x_wconf 88' lang='lat' dir='ltr'>Paternitatem</span> <span class='ocrx_word' id='word_1_159' title='bbox 1276 1706 1412 1743; x_wconf 89' lang='lat' dir='ltr'>tuam</span> <span class='ocrx_word' id='word_1_160' title='bbox 1436 1696 1517 1741; x_wconf 87' lang='lat' dir='ltr'>diu</span> <span class='ocrx_word' id='word_1_161' title='bbox 1547 1694 1689 1740; x_wconf 87' lang='lat' dir='ltr'>nobis</span> 
     </span>
     <span class='ocr_line' id='line_1_20' title="bbox 59 1771 1688 1830; baseline -0.006 -5"><span class='ocrx_word' id='word_1_162' title='bbox 59 1788 321 1825; x_wconf 87' lang='lat' dir='ltr'>conseruet</span> <span class='ocrx_word' id='word_1_163' title='bbox 353 1793 414 1824; x_wconf 87' lang='lat' dir='ltr'>ac</span> <span class='ocrx_word' id='word_1_164' title='bbox 442 1786 659 1830; x_wconf 88' lang='lat' dir='ltr'>tueatur,</span> <span class='ocrx_word' id='word_1_165' title='bbox 692 1776 832 1823; x_wconf 89' lang='lat' dir='ltr'>cuius</span> <span class='ocrx_word' id='word_1_166' title='bbox 854 1775 1180 1822; x_wconf 85' lang='lat' dir='ltr'>sanctissimis</span> <span class='ocrx_word' id='word_1_167' title='bbox 1204 1773 1512 1820; x_wconf 88' lang='lat' dir='ltr'>orationibus</span> <span class='ocrx_word' id='word_1_168' title='bbox 1536 1771 1688 1817; x_wconf 90' lang='lat' dir='ltr'>humi-</span> 
     </span>
     <span class='ocr_line' id='line_1_21' title="bbox 58 1849 1624 1911; baseline -0.005 -9"><span class='ocrx_word' id='word_1_169' title='bbox 58 1857 166 1902; x_wconf 86' lang='lat' dir='ltr'>liter</span> <span class='ocrx_word' id='word_1_170' title='bbox 188 1872 264 1902; x_wconf 90' lang='lat' dir='ltr'>me</span> <span class='ocrx_word' id='word_1_171' title='bbox 287 1855 595 1901; x_wconf 91' lang='lat' dir='ltr'>commendo.</span> <span class='ocrx_word' id='word_1_172' title='bbox 622 1853 833 1911; x_wconf 89' lang='lat' dir='ltr'>Neapoli</span> <span class='ocrx_word' id='word_1_173' title='bbox 857 1862 1037 1910; x_wconf 90' lang='lat' dir='ltr'>quarto</span> <span class='ocrx_word' id='word_1_174' title='bbox 1061 1867 1218 1898; x_wconf 87' lang='lat' dir='ltr'>nonas</span> <span class='ocrx_word' id='word_1_175' title='bbox 1241 1849 1470 1909; x_wconf 89' lang='lat' dir='ltr'>Januarii</span> <span class='ocrx_word' id='word_1_176' title='bbox 1498 1849 1624 1894; x_wconf 75' lang='lat'>1557.</span> 
     </span>
    </p>
   </div>
   <div class='ocr_carea' id='block_1_3' title="bbox 145 1932 848 1989">
    <p class='ocr_par' dir='ltr' id='par_1_3' title="bbox 145 1932 848 1989">
     <span class='ocr_line' id='line_1_22' title="bbox 145 1932 848 1989; baseline -0.003 -11"><span class='ocrx_word' id='word_1_177' title='bbox 145 1934 204 1980; x_wconf 92' lang='lat' dir='ltr'>T.</span> <span class='ocrx_word' id='word_1_178' title='bbox 230 1934 291 1980; x_wconf 85' lang='lat' dir='ltr'>R.</span> <span class='ocrx_word' id='word_1_179' title='bbox 318 1932 373 1980; x_wconf 84' lang='lat' dir='ltr'>P.</span> <span class='ocrx_word' id='word_1_180' title='bbox 400 1948 578 1979; x_wconf 89' lang='lat' dir='ltr'>seruus</span> <span class='ocrx_word' id='word_1_181' title='bbox 602 1932 848 1989; x_wconf 86' lang='lat' dir='ltr'>indignus,</span> 
     </span>
    </p>
   </div>
   <div class='ocr_carea' id='block_1_4' title="bbox 935 2024 1506 2086">
    <p class='ocr_par' dir='ltr' id='par_1_4' title="bbox 935 2024 1506 2086">
     <span class='ocr_line' id='line_1_23' title="bbox 935 2024 1506 2086; baseline -0.009 -12"><span class='ocrx_word' id='word_1_182' title='bbox 935 2027 1130 2086; x_wconf 82' lang='lat' dir='ltr'>JosEPH</span> <span class='ocrx_word' id='word_1_183' title='bbox 1163 2026 1441 2072; x_wconf 74' lang='lat' dir='ltr'>FABRITms</span> <span class='ocrx_word' id='word_1_184' title='bbox 1475 2024 1506 2069; x_wconf 79' lang='lat'>³.</span> 
     </span>
    </p>
   </div>
   <div class='ocr_carea' id='block_1_5' title="bbox 144 2143 610 2200">
    <p class='ocr_par' dir='ltr' id='par_1_5' title="bbox 144 2143 610 2200">
     <span class='ocr_line' id='line_1_24' title="bbox 144 2143 610 2200; baseline 0 -11"><span class='ocrx_word' id='word_1_185' title='bbox 144 2143 305 2189; x_wconf 78' lang='lat' dir='ltr'>Deest</span> <span class='ocrx_word' id='word_1_186' title='bbox 326 2143 610 2200; x_wconf 68' lang='lat' dir='ltr'>inscriptio.</span> 
     </span>
    </p>
   </div>
   <div class='ocr_carea' id='block_1_6' title="bbox 67 2254 288 2257">
    <p class='ocr_par' dir='ltr' id='par_1_6' title="bbox 67 2254 288 2257">
     <span class='ocr_line' id='line_1_25' title="bbox 67 2254 288 2257; baseline 0 0"><span class='ocrx_word' id='word_1_187' title='bbox 67 2254 288 2257; x_wconf 95' lang='lat' dir='ltr'> </span> 
     </span>
    </p>
   </div>
   <div class='ocr_carea' id='block_1_7' title="bbox 104 2310 805 2356">
    <p class='ocr_par' dir='ltr' id='par_1_7' title="bbox 104 2310 805 2356">
     <span class='ocr_line' id='line_1_26' title="bbox 104 2310 805 2356; baseline -0.001 -8"><span class='ocrx_word' id='word_1_188' title='bbox 104 2310 124 2330; x_wconf 83' lang='lat' dir='ltr'>a</span> <span class='ocrx_word' id='word_1_189' title='bbox 173 2310 334 2348; x_wconf 72' lang='lat' dir='ltr'>Attrita</span> <span class='ocrx_word' id='word_1_190' title='bbox 354 2311 508 2348; x_wconf 73' lang='lat' dir='ltr'>charta</span> <span class='ocrx_word' id='word_1_191' title='bbox 526 2311 596 2348; x_wconf 70' lang='lat' dir='ltr'>llic</span> <span class='ocrx_word' id='word_1_192' title='bbox 615 2314 654 2348; x_wconf 81' lang='lat' dir='ltr'>et</span> <span class='ocrx_word' id='word_1_193' title='bbox 672 2310 805 2356; x_wconf 75' lang='lat' dir='ltr'>iufra.</span> 
     </span>
    </p>
   </div>
   <div class='ocr_carea' id='block_1_8' title="bbox 62 2464 1687 2690">
    <p class='ocr_par' dir='ltr' id='par_1_8' title="bbox 108 2464 1229 2510">
     <span class='ocr_line' id='line_1_27' title="bbox 108 2464 1229 2510; baseline -0.002 -6"><span class='ocrx_word' id='word_1_194' title='bbox 108 2469 117 2487; x_wconf 90' lang='lat'>¹</span> <span class='ocrx_word' id='word_1_195' title='bbox 168 2467 450 2504; x_wconf 85' lang='lat' dir='ltr'>Ferdinandus</span> <span class='ocrx_word' id='word_1_196' title='bbox 468 2466 651 2503; x_wconf 83' lang='lat' dir='ltr'>Alvarez</span> <span class='ocrx_word' id='word_1_197' title='bbox 670 2466 719 2503; x_wconf 93' lang='lat' dir='ltr'>de</span> <span class='ocrx_word' id='word_1_198' title='bbox 737 2465 905 2510; x_wconf 78' lang='lat' dir='ltr'>Toledo,</span> <span class='ocrx_word' id='word_1_199' title='bbox 926 2465 1006 2502; x_wconf 81' lang='lat' dir='ltr'>dux</span> <span class='ocrx_word' id='word_1_200' title='bbox 1026 2464 1229 2502; x_wconf 75' lang='lat' dir='ltr'>Albanus.</span> 
     </span>
    </p>

    <p class='ocr_par' dir='ltr' id='par_1_9' title="bbox 107 2525 1096 2574">
     <span class='ocr_line' id='line_1_28' title="bbox 107 2525 1096 2574; baseline -0.002 -11"><span class='ocrx_word' id='word_1_201' title='bbox 107 2526 119 2546; x_wconf 77' lang='lat'><strong>²</strong></span> <span class='ocrx_word' id='word_1_202' title='bbox 169 2526 302 2563; x_wconf 83' lang='lat' dir='ltr'>Maria</span> <span class='ocrx_word' id='word_1_203' title='bbox 320 2526 538 2574; x_wconf 78' lang='lat' dir='ltr'>Euriquez.</span> <span class='ocrx_word' id='word_1_204' title='bbox 560 2525 793 2569; x_wconf 84' lang='lat' dir='ltr'>POLANCUS,</span> <span class='ocrx_word' id='word_1_205' title='bbox 816 2526 890 2562; x_wconf 86' lang='lat' dir='ltr'>loc.</span> <span class='ocrx_word' id='word_1_206' title='bbox 912 2525 993 2570; x_wconf 69' lang='lat' dir='ltr'>cit,</span> <span class='ocrx_word' id='word_1_207' title='bbox 1018 2526 1096 2562; x_wconf 68' lang='lat'>1:20.</span> 
     </span>
    </p>

    <p class='ocr_par' dir='ltr' id='par_1_10' title="bbox 62 2582 1687 2690">
     <span class='ocr_line' id='line_1_29' title="bbox 105 2582 1687 2633; baseline -0.004 -9"><span class='ocrx_word' id='word_1_208' title='bbox 105 2588 118 2606; x_wconf 81' lang='lat'>³</span> <span class='ocrx_word' id='word_1_209' title='bbox 168 2586 274 2624; x_wconf 91' lang='lat' dir='ltr'>Huic</span> <span class='ocrx_word' id='word_1_210' title='bbox 293 2586 510 2624; x_wconf 87' lang='lat' dir='ltr'>convenire</span> <span class='ocrx_word' id='word_1_211' title='bbox 533 2586 731 2630; x_wconf 83' lang='lat' dir='ltr'>videntur,</span> <span class='ocrx_word' id='word_1_212' title='bbox 753 2598 855 2633; x_wconf 86' lang='lat' dir='ltr'>quae</span> <span class='ocrx_word' id='word_1_213' title='bbox 876 2586 1138 2623; x_wconf 86' lang='lat' dir='ltr'>inveniuntur</span> <span class='ocrx_word' id='word_1_214' title='bbox 1157 2586 1196 2621; x_wconf 86' lang='lat' dir='ltr'>in</span> <span class='ocrx_word' id='word_1_215' title='bbox 1227 2585 1361 2630; x_wconf 72' lang='lat' dir='ltr'>Epist.</span> <span class='ocrx_word' id='word_1_216' title='bbox 1397 2583 1443 2620; x_wconf 74' lang='lat' dir='ltr'>P.</span> <span class='ocrx_word' id='word_1_217' title='bbox 1475 2582 1687 2619; x_wconf 51' lang='lat' dir='ltr'>Saln‘lero-</span> 
     </span>
     <span class='ocr_line' id='line_1_30' title="bbox 62 2645 1290 2690; baseline -0.003 -6"><span class='ocrx_word' id='word_1_218' title='bbox 62 2648 143 2690; x_wconf 79' lang='lat' dir='ltr'>nis,</span> <span class='ocrx_word' id='word_1_219' title='bbox 163 2647 238 2684; x_wconf 84' lang='lat' dir='ltr'>loc.</span> <span class='ocrx_word' id='word_1_220' title='bbox 260 2647 341 2690; x_wconf 62' lang='lat' dir='ltr'>cit,</span> <span class='ocrx_word' id='word_1_221' title='bbox 361 2646 444 2684; x_wconf 77' lang='lat'>302.</span> <span class='ocrx_word' id='word_1_222' title='bbox 470 2646 578 2683; x_wconf 76' lang='lat' dir='ltr'>Vide</span> <span class='ocrx_word' id='word_1_223' title='bbox 598 2646 721 2684; x_wconf 85' lang='lat' dir='ltr'>etiam</span> <span class='ocrx_word' id='word_1_224' title='bbox 739 2645 986 2689; x_wconf 69' lang='lat' dir='ltr'>POLANCUM,</span> <span class='ocrx_word' id='word_1_225' title='bbox 1008 2647 1082 2682; x_wconf 81' lang='lat' dir='ltr'>loc.</span> <span class='ocrx_word' id='word_1_226' title='bbox 1107 2646 1187 2688; x_wconf 63' lang='lat' dir='ltr'>cit,</span> <span class='ocrx_word' id='word_1_227' title='bbox 1208 2645 1290 2681; x_wconf 63' lang='lat'>244.</span> 
     </span>
    </p>
   </div>
   <div class='ocr_carea' id='block_1_9' title="bbox 205 3171 1584 3211">
    <p class='ocr_par' dir='ltr' id='par_1_11' title="bbox 205 3171 1584 3211">
     <span class='ocr_line' id='line_1_31' title="bbox 205 3171 1584 3211; baseline -0.001 -6"><span class='ocrx_word' id='word_1_228' title='bbox 205 3176 372 3207; x_wconf 76' lang='lat' dir='ltr'>LITTERAE</span> <span class='ocrx_word' id='word_1_229' title='bbox 395 3176 692 3211; x_wconf 70' lang='lat' dir='ltr'>QUADfflMESTRsss.</span> <span class='ocrx_word' id='word_1_230' title='bbox 713 3177 803 3206; x_wconf 80' lang='lat' dir='ltr'>TOM.</span> <span class='ocrx_word' id='word_1_231' title='bbox 826 3177 861 3205; x_wconf 88' lang='lat' dir='ltr'>V.</span> <span class='ocrx_word' id='word_1_232' title='bbox 930 3171 934 3174; x_wconf 74' lang='grc'><em>’</em></span> <span class='ocrx_word' id='word_1_233' title='bbox 1567 3178 1584 3204; x_wconf 79' lang='lat'><strong>4</strong></span> 
     </span>
    </p>
   </div>
  </div>
 </body>
</html>
