2051 3516
1580 288 1610 295 -κ

452 291 837 330 17.—ING0LsTAmo
864 288 911 325 ‘25
932 289 1135 335 JANUARH
1165 289 1256 324 1557
1585 288 1625 322 13

36 392 110 437 nis
132 398 280 446 atque
305 386 629 433 admirandae
653 383 989 439 humanitatis,
1022 392 1126 428 turn
1150 382 1299 427 etiam
1335 397 1363 426 a
1397 381 1538 425 nobis
1572 397 1671 425 ma-

37 468 192 513 iorem
216 464 523 521 diligentiam
547 462 882 518 virtutemque
907 470 955 505 et
978 459 1228 516 postulent
1247 467 1295 503 et
1314 466 1595 513 expectent,
1623 467 1674 502 vt

37 560 127 590 nec
152 544 252 588 vlla
286 540 593 597 conquestiO,
629 539 745 585 nihil
784 546 991 594 apertae
1026 536 1105 580 vel
1141 534 1405 580 insidiosae
1442 550 1671 591 persecu-

37 621 198 673 tionis,
224 619 339 664 nihil
364 617 670 666 iniuriarum,
699 631 862 660 sermo
887 614 1103 659 omnium
1127 613 1401 657 exhaustus
1434 611 1495 656 sit
1530 611 1672 655 nobis

38 697 337 743 contrarius.

94 788 136 820 o.
204 772 467 817 Habebam
492 771 589 815 iam
612 785 734 826 prae
760 768 986 813 manibus
1011 766 1225 823 lepidam
1251 776 1299 811 et
1324 766 1559 810 deuotam
1594 780 1672 809 co-

38 850 300 902 moediam,
329 864 455 905 quae
475 847 644 892 diebus
665 845 1071 897 bacchanalibus,
1095 844 1399 888 assentiente
1418 843 1478 887 R.
1503 842 1556 886 P.
1580 841 1674 886 Ca-

37 928 158 973 nisio
184 929 214 981 ¹,
243 927 372 983 apud
398 925 629 981 populum
653 923 888 979 egissent.
912 921 1011 967 Sed
1036 922 1098 967 ob
1117 921 1354 976 temporis
1375 919 1674 965 breuitatem

38 1013 315 1062 prorogata
340 1003 386 1047 in
410 1002 674 1047 transitum
697 1000 894 1045 Domini
921 1010 1010 1056 est:
1039 1015 1185 1055 quum
1210 1007 1412 1054 praeter
1431 1005 1674 1042 aestatem

37 1082 186 1127 etiam
212 1080 405 1125 maiora
430 1079 569 1124 nobis
593 1077 854 1123 commoda
878 1077 1345 1122 accumulabuntur.

95 1157 138 1203 6.
204 1157 480 1202 Praeterea
503 1171 634 1200 noua
659 1154 853 1199 Domini
879 1153 1193 1198 circumcisio
1219 1152 1397 1197 mirum
1433 1151 1546 1208 quid
1580 1166 1677 1195 non

38 1235 263 1281 attulerit
286 1234 416 1279 noui!
450 1233 688 1290 Equidem
726 1248 813 1288 per
842 1242 999 1276 totam
1034 1241 1229 1276 noctem
1267 1231 1572 1281 laborantes,
1610 1229 1676 1273 in-

38 1328 162 1369 gens
185 1312 325 1357 nobis
349 1310 523 1355 foenus
547 1326 610 1355 ex
643 1309 847 1365 piscium
883 1318 1095 1364 captura
1130 1307 1440 1364 reposuimus
1476 1307 1506 1350 2.
1545 1305 1678 1361 Qua-

39 1399 153 1434 tuor
176 1388 414 1444 siquidem
433 1387 674 1432 fratribus
693 1386 1008 1432 sodalitatem
1028 1394 1253 1429 nostram
1279 1383 1527 1429 vberrime
1548 1398 1678 1428 com-

40 1466 266 1523 pletauit,
316 1466 525 1511 eximiae
571 1464 671 1521 spei
717 1463 1133 1509 adolescentibus.
1182 1462 1408 1518 Quorum
1449 1461 1675 1518 primum,

40 1544 240 1589 doctum
264 1554 312 1588 et
336 1543 637 1599 theologum,
663 1541 741 1597 qui
767 1550 881 1585 ante
902 1539 1087 1585 Christi
1107 1540 1377 1584 aduentum
1402 1554 1493 1594 pro
1514 1538 1678 1594 gradu

43 1620 201 1678 primo
227 1622 270 1665 in
297 1630 411 1665 actu
439 1619 632 1675 publico
659 1617 912 1674 respondit
938 1616 1221 1662 doctissime
1248 1626 1294 1661 et
1319 1631 1430 1660 cum
1461 1615 1679 1660 omnium

39 1697 385 1753 admiratione,
412 1697 742 1741 Ratisbonam
767 1710 856 1751 pro
882 1694 1174 1739 amanuensi
1200 1694 1306 1738 misi
1346 1693 1466 1738 Rdo.
1502 1693 1555 1738 P.
1585 1692 1679 1738 Ca-

41 1775 178 1820 nisio.
218 1773 510 1820 Guilielmus
545 1774 841 1829 appellatur,
880 1782 927 1817 et
957 1771 1178 1827 Pragam
1215 1771 1353 1816 breui
1389 1787 1497 1816 cum
1534 1771 1681 1816 aliisa

40 1852 125 1896 4.οΥ
153 1868 216 1896 ex
238 1851 421 1896 nostris
444 1850 687 1895 fratribus
711 1849 1061 1894 trarsferetur.
1090 1848 1285 1904 Reliqui
1322 1849 1416 1892 duo
1453 1857 1564 1892 sunt
1599 1848 1679 1904 qui

40 1929 182 1974 nobis
206 1929 489 1974 seruierunt
524 1928 569 1972 in
605 1927 815 1983 coquina
850 1936 898 1971 et
933 1926 979 1970 in
1013 1925 1225 1982 negotiis
1259 1925 1498 1970 hactenus
1533 1924 1680 1969 confi-

41 2006 226 2051 ciendis
250 2006 456 2050 multum
482 2004 695 2061 collegio
722 2003 906 2049 laboris
937 2003 1247 2049 ademerunt,
1287 2003 1401 2047 licet
1435 2002 1597 2046 adhuc
1633 2002 1679 2046 in

43 2084 243 2139 negotio
269 2083 553 2139 persistant.
581 2082 712 2126 Ante
739 2081 937 2125 fuerunt
961 2080 1164 2124 studiosi
1191 2080 1237 2123 in
1266 2079 1357 2124 hac
1384 2079 1679 2124 vniuersita-

42 2170 105 2205 te.
134 2159 234 2205 Vni
260 2176 432 2205 nomen
459 2170 532 2205 est
557 2159 876 2210 Laurentius,
909 2159 1009 2203 vita
1034 2167 1081 2202 et
1117 2157 1336 2202 moribus
1372 2157 1498 2201 adeo
1534 2156 1552 2183 b
1586 2157 1679 2201 sin-

43 2238 230 2294 gularis
256 2247 304 2282 et
328 2247 543 2288 sanctus,
571 2247 623 2281 vt
648 2236 875 2280 iuuenem
900 2235 1062 2291 magis
1086 2235 1219 2290 pium
1253 2244 1302 2278 et
1337 2234 1570 2278 deuotum
1596 2249 1679 2277 an-

43 2315 187 2360 tehac
212 2314 414 2359 credam
438 2329 679 2369 nusquam
704 2328 793 2358 nec
817 2328 1030 2368 vnquam
1051 2327 1128 2356 me
1150 2312 1345 2359 vidisse,
1369 2320 1510 2356 tanta
1530 2310 1680 2355 animi

41 2392 328 2437 sinceritate
354 2402 401 2436 et
425 2392 624 2447 pietate,
658 2402 705 2433 vt
731 2390 956 2434 omnibus
986 2389 1127 2433 nobis
1152 2388 1214 2433 sit
1244 2388 1597 2433 simulachrum
1632 2395 1681 2431 et

45 2470 325 2525 exemplum
352 2467 620 2530 religioni&
649 2467 812 2511 inuitis
836 2466 1126 2522 parentibus
1144 2465 1271 2510 hanc
1296 2475 1479 2509 sortem
1500 2464 1680 2519 ample-

45 2546 209 2596 ctitur;
238 2546 392 2591 seruit
417 2545 689 2590 liberaliter
708 2560 863 2600 Vsque
888 2544 933 2588 in
959 2544 1086 2588 hunc
1106 2544 1250 2592 diem,
1273 2552 1421 2598 atque
1447 2542 1508 2586 ob
1533 2557 1681 2597 penu-

46 2623 172 2667 riam
197 2623 341 2679 coqui
365 2623 594 2679 precibus
620 2637 648 2666 a
673 2637 750 2666 me
774 2620 1045 2677 postulauit
1069 2619 1108 2664 si
1128 2620 1321 2664 culinae
1343 2634 1514 2663 curam
1532 2618 1680 2663 habe-

91 2775 110 2793 a
161 2775 255 2812 Hoc
272 2787 311 2812 v.
333 2776 438 2812 add.
460 2780 597 2821 supra
621 2786 727 2811 vers.
750 2775 905 2811 eadem
927 2785 1079 2810 mann.
1136 2774 1201 2799 —b
1223 2772 1317 2809 Hoc
1340 2784 1374 2808 v.
1407 2771 1512 2808 add.
1542 2776 1682 2817 supra

45 2845 153 2871 vers.
177 2835 331 2871 eadem
353 2846 506 2872 manu.

95 2979 104 2997 ¹
155 2977 200 3014 P.
223 2977 370 3014 Petrus
397 2977 600 3017 Canisius,
630 2976 883 3022 praepositus
910 2974 1141 3021 provinciae
1169 2972 1419 3010 Germaniae
1446 2973 1680 3020 superioris.

46 3035 278 3076 POLAthJs,
304 3037 472 3080 Clzron„
498 3036 568 3080 VI,
588 3035 646 3072 32.

95 3096 107 3114 ²
159 3094 222 3132 Cf.
244 3095 362 3139 LUC„
385 3095 439 3138 V,
461 3097 495 3131 ἶ).
