<?xml version="1.0" encoding="UTF-8"?>
<!DOCTYPE html PUBLIC "-//W3C//DTD XHTML 1.0 Transitional//EN"
    "http://www.w3.org/TR/xhtml1/DTD/xhtml1-transitional.dtd">
<html xmlns="http://www.w3.org/1999/xhtml" xml:lang="en" lang="en">
 <head>
  <title>
</title>
<meta http-equiv="Content-Type" content="text/html;charset=utf-8" />
  <meta name='ocr-system' content='tesseract 3.04.00' />
  <meta name='ocr-capabilities' content='ocr_page ocr_carea ocr_par ocr_line ocrx_word'/>
</head>
<body>
  <div class='ocr_page' id='page_1' title='image "./litteraequadrime17lain_0361.png"; bbox 0 0 2051 3516; ppageno 0'>
   <div class='ocr_carea' id='block_1_1' title="bbox 504 285 1655 322">
    <p class='ocr_par' dir='ltr' id='par_1_1' title="bbox 504 285 1655 322">
     <span class='ocr_line' id='line_1_1' title="bbox 504 285 1655 322; baseline -0.001 0"><span class='ocrx_word' id='word_1_1' title='bbox 504 286 840 322; x_wconf 74' lang='lat' dir='ltr'><strong>80.—FERRAR1A</strong></span> <span class='ocrx_word' id='word_1_2' title='bbox 870 285 913 322; x_wconf 80' lang='lat'>13</span> <span class='ocrx_word' id='word_1_3' title='bbox 939 285 1132 321; x_wconf 77' lang='lat' dir='ltr'><strong>AUGUSTI</strong></span> <span class='ocrx_word' id='word_1_4' title='bbox 1161 286 1251 322; x_wconf 77' lang='lat'>1557</span> <span class='ocrx_word' id='word_1_5' title='bbox 1585 285 1655 321; x_wconf 80' lang='lat'>327</span> 
     </span>
    </p>
   </div>
   <div class='ocr_carea' id='block_1_2' title="bbox 56 381 1703 2982">
    <p class='ocr_par' dir='ltr' id='par_1_2' title="bbox 59 381 1702 1672">
     <span class='ocr_line' id='line_1_2' title="bbox 60 381 1700 438; baseline -0.001 -10"><span class='ocrx_word' id='word_1_6' title='bbox 60 382 282 438; x_wconf 83' lang='lat' dir='ltr'>ingenio,</span> <span class='ocrx_word' id='word_1_7' title='bbox 309 397 362 427; x_wconf 88' lang='lat' dir='ltr'>se</span> <span class='ocrx_word' id='word_1_8' title='bbox 386 382 515 427; x_wconf 91' lang='lat' dir='ltr'>intra</span> <span class='ocrx_word' id='word_1_9' title='bbox 540 383 739 428; x_wconf 88' lang='lat' dir='ltr'>biduum</span> <span class='ocrx_word' id='word_1_10' title='bbox 763 381 1127 438; x_wconf 81' lang='lat' dir='ltr'>confessurum,</span> <span class='ocrx_word' id='word_1_11' title='bbox 1155 383 1282 438; x_wconf 88' lang='lat' dir='ltr'>quod</span> <span class='ocrx_word' id='word_1_12' title='bbox 1308 391 1355 426; x_wconf 89' lang='lat' dir='ltr'>et</span> <span class='ocrx_word' id='word_1_13' title='bbox 1380 381 1562 437; x_wconf 75' lang='lat' dir='ltr'>effecit3</span> <span class='ocrx_word' id='word_1_14' title='bbox 1585 397 1700 427; x_wconf 90' lang='lat' dir='ltr'>nam</span> 
     </span>
     <span class='ocr_line' id='line_1_3' title="bbox 69 457 1700 515; baseline 0 -12"><span class='ocrx_word' id='word_1_15' title='bbox 69 460 182 504; x_wconf 91' lang='lat' dir='ltr'>dum</span> <span class='ocrx_word' id='word_1_16' title='bbox 207 458 568 504; x_wconf 78' lang='lat' dir='ltr'>confessionem</span> <span class='ocrx_word' id='word_1_17' title='bbox 594 459 937 514; x_wconf 78' lang='lat' dir='ltr'>meditaretur,</span> <span class='ocrx_word' id='word_1_18' title='bbox 964 459 1090 504; x_wconf 88' lang='lat' dir='ltr'>adeo</span> <span class='ocrx_word' id='word_1_19' title='bbox 1114 457 1274 503; x_wconf 78' lang='lat' dir='ltr'>facilis</span> <span class='ocrx_word' id='word_1_20' title='bbox 1299 459 1459 503; x_wconf 89' lang='lat' dir='ltr'>euasit</span> <span class='ocrx_word' id='word_1_21' title='bbox 1483 469 1531 504; x_wconf 88' lang='lat' dir='ltr'>et</span> <span class='ocrx_word' id='word_1_22' title='bbox 1555 474 1700 515; x_wconf 85' lang='lat' dir='ltr'>paca-</span> 
     </span>
     <span class='ocr_line' id='line_1_4' title="bbox 67 535 1700 593; baseline 0 -13"><span class='ocrx_word' id='word_1_23' title='bbox 67 545 161 591; x_wconf 90' lang='lat' dir='ltr'>tus,</span> <span class='ocrx_word' id='word_1_24' title='bbox 200 545 251 580; x_wconf 92' lang='lat' dir='ltr'>ut</span> <span class='ocrx_word' id='word_1_25' title='bbox 286 551 456 581; x_wconf 91' lang='lat' dir='ltr'>omnes</span> <span class='ocrx_word' id='word_1_26' title='bbox 490 536 901 593; x_wconf 77' lang='lat' dir='ltr'>obstupescerent</span> <span class='ocrx_word' id='word_1_27' title='bbox 940 545 1089 591; x_wconf 88' lang='lat' dir='ltr'>atque</span> <span class='ocrx_word' id='word_1_28' title='bbox 1130 535 1499 580; x_wconf 77' lang='lat' dir='ltr'>admirarentur</span> <span class='ocrx_word' id='word_1_29' title='bbox 1537 536 1700 580; x_wconf 79' lang='lat' dir='ltr'>subito</span> 
     </span>
     <span class='ocr_line' id='line_1_5' title="bbox 68 611 1701 668; baseline -0.001 -12"><span class='ocrx_word' id='word_1_30' title='bbox 68 621 258 657; x_wconf 87' lang='lat' dir='ltr'>tantam</span> <span class='ocrx_word' id='word_1_31' title='bbox 284 612 328 657; x_wconf 92' lang='lat' dir='ltr'>in</span> <span class='ocrx_word' id='word_1_32' title='bbox 354 612 550 657; x_wconf 90' lang='lat' dir='ltr'>homine</span> <span class='ocrx_word' id='word_1_33' title='bbox 575 611 1012 668; x_wconf 79' lang='lat' dir='ltr'>metamorphosin,</span> <span class='ocrx_word' id='word_1_34' title='bbox 1051 627 1261 668; x_wconf 86' lang='lat' dir='ltr'>cumque</span> <span class='ocrx_word' id='word_1_35' title='bbox 1296 621 1494 656; x_wconf 85' lang='lat' dir='ltr'>uentum</span> <span class='ocrx_word' id='word_1_36' title='bbox 1530 622 1603 656; x_wconf 89' lang='lat' dir='ltr'>est</span> <span class='ocrx_word' id='word_1_37' title='bbox 1638 611 1701 656; x_wconf 90' lang='lat' dir='ltr'>ad</span> 
     </span>
     <span class='ocr_line' id='line_1_6' title="bbox 69 688 1698 746; baseline -0.001 -12"><span class='ocrx_word' id='word_1_38' title='bbox 69 689 446 745; x_wconf 79' lang='lat' dir='ltr'>confessionem,</span> <span class='ocrx_word' id='word_1_39' title='bbox 473 689 569 734; x_wconf 90' lang='lat' dir='ltr'>iam</span> <span class='ocrx_word' id='word_1_40' title='bbox 596 690 805 746; x_wconf 82' lang='lat' dir='ltr'>quinque</span> <span class='ocrx_word' id='word_1_41' title='bbox 831 700 915 734; x_wconf 90' lang='lat' dir='ltr'>aut</span> <span class='ocrx_word' id='word_1_42' title='bbox 939 704 1029 734; x_wconf 85' lang='lat' dir='ltr'>sex</span> <span class='ocrx_word' id='word_1_43' title='bbox 1053 689 1270 734; x_wconf 85' lang='lat' dir='ltr'>eiusdem</span> <span class='ocrx_word' id='word_1_44' title='bbox 1297 688 1491 733; x_wconf 77' lang='lat' dir='ltr'>farinae</span> <span class='ocrx_word' id='word_1_45' title='bbox 1512 694 1529 714; x_wconf 61' lang='grc' dir='ltr'><strong>ὃ</strong></span> <span class='ocrx_word' id='word_1_46' title='bbox 1549 688 1698 732; x_wconf 85' lang='lat' dir='ltr'>homi-</span> 
     </span>
     <span class='ocr_line' id='line_1_7' title="bbox 68 764 1702 822; baseline -0.001 -12"><span class='ocrx_word' id='word_1_47' title='bbox 68 781 154 811; x_wconf 88' lang='lat' dir='ltr'>nes</span> <span class='ocrx_word' id='word_1_48' title='bbox 183 766 227 810; x_wconf 91' lang='lat' dir='ltr'>in</span> <span class='ocrx_word' id='word_1_49' title='bbox 264 781 406 810; x_wconf 89' lang='lat' dir='ltr'>suam</span> <span class='ocrx_word' id='word_1_50' title='bbox 441 766 737 811; x_wconf 90' lang='lat' dir='ltr'>sententiam</span> <span class='ocrx_word' id='word_1_51' title='bbox 771 775 1096 822; x_wconf 82' lang='lat' dir='ltr'>pertraxerat</span> <span class='ocrx_word' id='word_1_52' title='bbox 1129 776 1181 810; x_wconf 94' lang='lat' dir='ltr'>ut</span> <span class='ocrx_word' id='word_1_53' title='bbox 1211 764 1584 822; x_wconf 83' lang='lat' dir='ltr'>confiterentur,</span> <span class='ocrx_word' id='word_1_54' title='bbox 1622 765 1702 821; x_wconf 84' lang='lat' dir='ltr'>qui</span> 
     </span>
     <span class='ocr_line' id='line_1_8' title="bbox 67 842 1696 899; baseline -0.001 -11"><span class='ocrx_word' id='word_1_55' title='bbox 67 843 203 899; x_wconf 89' lang='lat' dir='ltr'>prius</span> <span class='ocrx_word' id='word_1_56' title='bbox 226 842 433 888; x_wconf 82' lang='lat' dir='ltr'>Patrum</span> <span class='ocrx_word' id='word_1_57' title='bbox 456 853 745 888; x_wconf 87' lang='lat' dir='ltr'>nostrorum</span> <span class='ocrx_word' id='word_1_58' title='bbox 770 843 1000 899; x_wconf 83' lang='lat' dir='ltr'>precibus</span> <span class='ocrx_word' id='word_1_59' title='bbox 1019 843 1065 888; x_wconf 88' lang='lat' dir='ltr'>id</span> <span class='ocrx_word' id='word_1_60' title='bbox 1084 843 1281 888; x_wconf 91' lang='lat' dir='ltr'>omnino</span> <span class='ocrx_word' id='word_1_61' title='bbox 1306 842 1696 898; x_wconf 85' lang='lat' dir='ltr'>denegauerant.</span> 
     </span>
     <span class='ocr_line' id='line_1_9' title="bbox 67 919 1702 977; baseline 0 -13"><span class='ocrx_word' id='word_1_62' title='bbox 67 919 162 965; x_wconf 90' lang='lat' dir='ltr'>Hic</span> <span class='ocrx_word' id='word_1_63' title='bbox 185 919 305 977; x_wconf 90' lang='lat' dir='ltr'>ipse,</span> <span class='ocrx_word' id='word_1_64' title='bbox 332 919 548 976; x_wconf 86' lang='lat' dir='ltr'>inquam,</span> <span class='ocrx_word' id='word_1_65' title='bbox 576 920 835 965; x_wconf 78' lang='lat' dir='ltr'>confessus</span> <span class='ocrx_word' id='word_1_66' title='bbox 858 930 948 974; x_wconf 87' lang='lat' dir='ltr'>est,</span> <span class='ocrx_word' id='word_1_67' title='bbox 977 929 1025 965; x_wconf 93' lang='lat' dir='ltr'>et</span> <span class='ocrx_word' id='word_1_68' title='bbox 1049 935 1109 965; x_wconf 91' lang='lat' dir='ltr'>ea</span> <span class='ocrx_word' id='word_1_69' title='bbox 1129 935 1321 964; x_wconf 89' lang='lat' dir='ltr'>morum</span> <span class='ocrx_word' id='word_1_70' title='bbox 1340 919 1626 975; x_wconf 79' lang='lat' dir='ltr'>mutatione,</span> <span class='ocrx_word' id='word_1_71' title='bbox 1649 930 1702 964; x_wconf 85' lang='lat' dir='ltr'>ut</span> 
     </span>
     <span class='ocr_line' id='line_1_10' title="bbox 67 996 1699 1053; baseline 0 -13"><span class='ocrx_word' id='word_1_72' title='bbox 67 1011 316 1053; x_wconf 85' lang='lat' dir='ltr'>nunquam</span> <span class='ocrx_word' id='word_1_73' title='bbox 340 996 573 1053; x_wconf 84' lang='lat' dir='ltr'>deinceps</span> <span class='ocrx_word' id='word_1_74' title='bbox 598 1012 627 1041; x_wconf 89' lang='lat' dir='ltr'>a</span> <span class='ocrx_word' id='word_1_75' title='bbox 652 1012 897 1053; x_wconf 86' lang='lat' dir='ltr'>quoquam</span> <span class='ocrx_word' id='word_1_76' title='bbox 923 997 1057 1041; x_wconf 89' lang='lat' dir='ltr'>uisus</span> <span class='ocrx_word' id='word_1_77' title='bbox 1087 996 1149 1042; x_wconf 90' lang='lat' dir='ltr'>sit</span> <span class='ocrx_word' id='word_1_78' title='bbox 1183 1012 1242 1041; x_wconf 93' lang='lat' dir='ltr'>ne</span> <span class='ocrx_word' id='word_1_79' title='bbox 1276 996 1470 1042; x_wconf 86' lang='lat' dir='ltr'>hiscere</span> <span class='ocrx_word' id='word_1_80' title='bbox 1505 996 1699 1052; x_wconf 88' lang='lat' dir='ltr'>quidem</span> 
     </span>
     <span class='ocr_line' id='line_1_11' title="bbox 68 1073 1701 1130; baseline 0 -12"><span class='ocrx_word' id='word_1_81' title='bbox 68 1083 244 1118; x_wconf 89' lang='lat' dir='ltr'>contra</span> <span class='ocrx_word' id='word_1_82' title='bbox 274 1089 334 1118; x_wconf 92' lang='lat' dir='ltr'>ea</span> <span class='ocrx_word' id='word_1_83' title='bbox 369 1088 496 1130; x_wconf 90' lang='lat' dir='ltr'>quae</span> <span class='ocrx_word' id='word_1_84' title='bbox 531 1075 592 1118; x_wconf 90' lang='lat' dir='ltr'>ad</span> <span class='ocrx_word' id='word_1_85' title='bbox 628 1074 787 1119; x_wconf 90' lang='lat' dir='ltr'>Deum</span> <span class='ocrx_word' id='word_1_86' title='bbox 823 1082 909 1119; x_wconf 91' lang='lat' dir='ltr'>aut</span> <span class='ocrx_word' id='word_1_87' title='bbox 942 1074 1254 1119; x_wconf 80' lang='lat' dir='ltr'>honestatem</span> <span class='ocrx_word' id='word_1_88' title='bbox 1288 1074 1549 1130; x_wconf 85' lang='lat' dir='ltr'>pertinent;</span> <span class='ocrx_word' id='word_1_89' title='bbox 1588 1073 1701 1130; x_wconf 87' lang='lat' dir='ltr'>quin</span> 
     </span>
     <span class='ocr_line' id='line_1_12' title="bbox 67 1150 1701 1207; baseline 0 -11"><span class='ocrx_word' id='word_1_90' title='bbox 67 1150 217 1196; x_wconf 91' lang='lat' dir='ltr'>etiam</span> <span class='ocrx_word' id='word_1_91' title='bbox 242 1151 345 1207; x_wconf 88' lang='lat' dir='ltr'>ipse</span> <span class='ocrx_word' id='word_1_92' title='bbox 368 1150 614 1196; x_wconf 89' lang='lat' dir='ltr'>suadebat</span> <span class='ocrx_word' id='word_1_93' title='bbox 637 1167 748 1197; x_wconf 91' lang='lat' dir='ltr'>cum</span> <span class='ocrx_word' id='word_1_94' title='bbox 783 1151 965 1196; x_wconf 88' lang='lat' dir='ltr'>nostris</span> <span class='ocrx_word' id='word_1_95' title='bbox 999 1161 1051 1196; x_wconf 93' lang='lat' dir='ltr'>ut</span> <span class='ocrx_word' id='word_1_96' title='bbox 1085 1151 1167 1196; x_wconf 85' lang='lat' dir='ltr'>alii</span> <span class='ocrx_word' id='word_1_97' title='bbox 1202 1167 1374 1196; x_wconf 88' lang='lat' dir='ltr'>omnes</span> <span class='ocrx_word' id='word_1_98' title='bbox 1408 1150 1701 1197; x_wconf 81' lang='lat' dir='ltr'>confiteren-</span> 
     </span>
     <span class='ocr_line' id='line_1_13' title="bbox 67 1227 1702 1285; baseline 0.001 -13"><span class='ocrx_word' id='word_1_99' title='bbox 67 1237 163 1284; x_wconf 87' lang='lat' dir='ltr'>tur,</span> <span class='ocrx_word' id='word_1_100' title='bbox 201 1228 331 1284; x_wconf 86' lang='lat' dir='ltr'>quod</span> <span class='ocrx_word' id='word_1_101' title='bbox 364 1227 607 1273; x_wconf 78' lang='lat' dir='ltr'>foeliciter</span> <span class='ocrx_word' id='word_1_102' title='bbox 642 1228 829 1274; x_wconf 78' lang='lat' dir='ltr'>factum</span> <span class='ocrx_word' id='word_1_103' title='bbox 869 1238 958 1285; x_wconf 78' lang='lat' dir='ltr'>est3</span> <span class='ocrx_word' id='word_1_104' title='bbox 1002 1244 1213 1285; x_wconf 86' lang='lat' dir='ltr'>namque</span> <span class='ocrx_word' id='word_1_105' title='bbox 1254 1229 1495 1273; x_wconf 84' lang='lat' dir='ltr'>rarissimi</span> <span class='ocrx_word' id='word_1_106' title='bbox 1530 1228 1702 1273; x_wconf 83' lang='lat' dir='ltr'>extite-</span> 
     </span>
     <span class='ocr_line' id='line_1_14' title="bbox 68 1305 1699 1363; baseline 0 -13"><span class='ocrx_word' id='word_1_107' title='bbox 68 1315 183 1350; x_wconf 89' lang='lat' dir='ltr'>runt</span> <span class='ocrx_word' id='word_1_108' title='bbox 207 1305 242 1362; x_wconf 74' lang='lat' dir='ltr'>b,</span> <span class='ocrx_word' id='word_1_109' title='bbox 270 1305 350 1361; x_wconf 86' lang='lat' dir='ltr'>qui</span> <span class='ocrx_word' id='word_1_110' title='bbox 374 1321 471 1350; x_wconf 93' lang='lat' dir='ltr'>non</span> <span class='ocrx_word' id='word_1_111' title='bbox 502 1305 877 1363; x_wconf 85' lang='lat' dir='ltr'>confiterentur;</span> <span class='ocrx_word' id='word_1_112' title='bbox 915 1315 963 1351; x_wconf 88' lang='lat' dir='ltr'>et</span> <span class='ocrx_word' id='word_1_113' title='bbox 997 1321 1168 1351; x_wconf 87' lang='lat' dir='ltr'>eorum</span> <span class='ocrx_word' id='word_1_114' title='bbox 1206 1305 1284 1362; x_wconf 84' lang='lat' dir='ltr'>qui</span> <span class='ocrx_word' id='word_1_115' title='bbox 1318 1305 1535 1351; x_wconf 79' lang='lat' dir='ltr'>confessi</span> <span class='ocrx_word' id='word_1_116' title='bbox 1569 1315 1699 1363; x_wconf 84' lang='lat' dir='ltr'>sunt,</span> 
     </span>
     <span class='ocr_line' id='line_1_15' title="bbox 66 1382 1702 1440; baseline 0.001 -13"><span class='ocrx_word' id='word_1_117' title='bbox 66 1397 162 1427; x_wconf 92' lang='lat' dir='ltr'>non</span> <span class='ocrx_word' id='word_1_118' title='bbox 195 1382 340 1438; x_wconf 92' lang='lat' dir='ltr'>pauci</span> <span class='ocrx_word' id='word_1_119' title='bbox 374 1393 484 1439; x_wconf 90' lang='lat' dir='ltr'>post</span> <span class='ocrx_word' id='word_1_120' title='bbox 518 1383 879 1428; x_wconf 79' lang='lat' dir='ltr'>confessionem</span> <span class='ocrx_word' id='word_1_121' title='bbox 912 1393 1025 1428; x_wconf 90' lang='lat' dir='ltr'>sunt</span> <span class='ocrx_word' id='word_1_122' title='bbox 1049 1382 1261 1438; x_wconf 88' lang='lat' dir='ltr'>liberati,</span> <span class='ocrx_word' id='word_1_123' title='bbox 1296 1384 1423 1440; x_wconf 86' lang='lat' dir='ltr'>quod</span> <span class='ocrx_word' id='word_1_124' title='bbox 1455 1393 1570 1428; x_wconf 91' lang='lat' dir='ltr'>ante</span> <span class='ocrx_word' id='word_1_125' title='bbox 1595 1399 1624 1428; x_wconf 90' lang='lat' dir='ltr'>a</span> <span class='ocrx_word' id='word_1_126' title='bbox 1648 1398 1702 1428; x_wconf 93' lang='lat' dir='ltr'>se</span> 
     </span>
     <span class='ocr_line' id='line_1_16' title="bbox 59 1459 1700 1516; baseline 0 -12"><span class='ocrx_word' id='word_1_127' title='bbox 59 1459 301 1516; x_wconf 64' lang='lat' dir='ltr'>&gt;consequi</span> <span class='ocrx_word' id='word_1_128' title='bbox 320 1474 467 1516; x_wconf 83' lang='lat' dir='ltr'>posse</span> <span class='ocrx_word' id='word_1_129' title='bbox 487 1460 899 1516; x_wconf 90' lang='lat' dir='ltr'>desperauerant.</span> <span class='ocrx_word' id='word_1_130' title='bbox 928 1460 1076 1505; x_wconf 84' lang='lat' dir='ltr'>Iidem</span> <span class='ocrx_word' id='word_1_131' title='bbox 1097 1459 1274 1505; x_wconf 84' lang='lat' dir='ltr'>Patres</span> <span class='ocrx_word' id='word_1_132' title='bbox 1294 1459 1449 1504; x_wconf 87' lang='lat' dir='ltr'>nostri</span> <span class='ocrx_word' id='word_1_133' title='bbox 1469 1460 1700 1516; x_wconf 87' lang='lat' dir='ltr'>impetra-</span> 
     </span>
     <span class='ocr_line' id='line_1_17' title="bbox 66 1537 1702 1591; baseline 0.001 -10"><span class='ocrx_word' id='word_1_134' title='bbox 66 1547 182 1582; x_wconf 90' lang='lat' dir='ltr'>runt</span> <span class='ocrx_word' id='word_1_135' title='bbox 205 1552 233 1581; x_wconf 91' lang='lat' dir='ltr'>a</span> <span class='ocrx_word' id='word_1_136' title='bbox 258 1537 465 1591; x_wconf 86' lang='lat' dir='ltr'>vicario,</span> <span class='ocrx_word' id='word_1_137' title='bbox 504 1547 555 1582; x_wconf 87' lang='lat' dir='ltr'>ut</span> <span class='ocrx_word' id='word_1_138' title='bbox 590 1538 760 1582; x_wconf 86' lang='lat' dir='ltr'>iisdem</span> <span class='ocrx_word' id='word_1_139' title='bbox 795 1537 839 1582; x_wconf 91' lang='lat' dir='ltr'>in</span> <span class='ocrx_word' id='word_1_140' title='bbox 876 1538 1052 1583; x_wconf 89' lang='lat' dir='ltr'>eodem</span> <span class='ocrx_word' id='word_1_141' title='bbox 1087 1553 1295 1582; x_wconf 87' lang='lat' dir='ltr'>carcere</span> <span class='ocrx_word' id='word_1_142' title='bbox 1330 1553 1530 1582; x_wconf 89' lang='lat' dir='ltr'>sacrum</span> <span class='ocrx_word' id='word_1_143' title='bbox 1569 1537 1702 1582; x_wconf 81' lang='lat' dir='ltr'>face-</span> 
     </span>
     <span class='ocr_line' id='line_1_18' title="bbox 67 1613 1190 1672; baseline 0 -13"><span class='ocrx_word' id='word_1_144' title='bbox 67 1623 192 1659; x_wconf 89' lang='lat' dir='ltr'>rent.</span> <span class='ocrx_word' id='word_1_145' title='bbox 223 1613 460 1672; x_wconf 72' lang='lat' dir='ltr'>[Alz&#39;qztas</span> <span class='ocrx_word' id='word_1_146' title='bbox 484 1616 843 1660; x_wconf 69' lang='lat' dir='ltr'>conversiones</span> <span class='ocrx_word' id='word_1_147' title='bbox 866 1614 1190 1672; x_wconf 41' lang='lat' dir='ltr'>omittz&#39;nszecs]</span> 
     </span>
    </p>

    <p class='ocr_par' dir='ltr' id='par_1_3' title="bbox 67 1691 1703 2055">
     <span class='ocr_line' id='line_1_19' title="bbox 124 1691 1698 1749; baseline 0.001 -13"><span class='ocrx_word' id='word_1_148' title='bbox 124 1691 167 1736; x_wconf 82' lang='grc'>4.</span> <span class='ocrx_word' id='word_1_149' title='bbox 234 1691 306 1736; x_wconf 88' lang='lat' dir='ltr'>Vt</span> <span class='ocrx_word' id='word_1_150' title='bbox 339 1692 603 1747; x_wconf 88' lang='lat' dir='ltr'>plurimum</span> <span class='ocrx_word' id='word_1_151' title='bbox 640 1692 789 1737; x_wconf 88' lang='lat' dir='ltr'>etiam</span> <span class='ocrx_word' id='word_1_152' title='bbox 828 1692 900 1748; x_wconf 82' lang='lat' dir='ltr'>fit,</span> <span class='ocrx_word' id='word_1_153' title='bbox 942 1702 994 1737; x_wconf 87' lang='lat' dir='ltr'>ut</span> <span class='ocrx_word' id='word_1_154' title='bbox 1029 1693 1107 1749; x_wconf 85' lang='lat' dir='ltr'>qui</span> <span class='ocrx_word' id='word_1_155' title='bbox 1142 1691 1494 1748; x_wconf 86' lang='lat' dir='ltr'>asperitatibus</span> <span class='ocrx_word' id='word_1_156' title='bbox 1529 1708 1698 1737; x_wconf 90' lang='lat' dir='ltr'>rerum</span> 
     </span>
     <span class='ocr_line' id='line_1_20' title="bbox 68 1768 1699 1826; baseline 0.002 -14"><span class='ocrx_word' id='word_1_157' title='bbox 68 1777 155 1813; x_wconf 89' lang='lat' dir='ltr'>aut</span> <span class='ocrx_word' id='word_1_158' title='bbox 185 1768 326 1813; x_wconf 90' lang='lat' dir='ltr'>malis</span> <span class='ocrx_word' id='word_1_159' title='bbox 361 1780 667 1826; x_wconf 87' lang='lat' dir='ltr'>premuntur,</span> <span class='ocrx_word' id='word_1_160' title='bbox 706 1769 768 1813; x_wconf 89' lang='lat' dir='ltr'>ad</span> <span class='ocrx_word' id='word_1_161' title='bbox 802 1785 891 1814; x_wconf 82' lang='lat' dir='ltr'>nos</span> <span class='ocrx_word' id='word_1_162' title='bbox 926 1785 1035 1814; x_wconf 88' lang='lat' dir='ltr'>cum</span> <span class='ocrx_word' id='word_1_163' title='bbox 1073 1769 1260 1814; x_wconf 88' lang='lat' dir='ltr'>consilii</span> <span class='ocrx_word' id='word_1_164' title='bbox 1295 1779 1380 1814; x_wconf 88' lang='lat' dir='ltr'>aut</span> <span class='ocrx_word' id='word_1_165' title='bbox 1414 1769 1699 1826; x_wconf 85' lang='lat' dir='ltr'>adiumenti,</span> 
     </span>
     <span class='ocr_line' id='line_1_21' title="bbox 69 1844 1703 1902; baseline 0.001 -13"><span class='ocrx_word' id='word_1_166' title='bbox 69 1854 170 1890; x_wconf 89' lang='lat' dir='ltr'>tum</span> <span class='ocrx_word' id='word_1_167' title='bbox 197 1844 563 1890; x_wconf 78' lang='lat' dir='ltr'>confessionum</span> <span class='ocrx_word' id='word_1_168' title='bbox 587 1846 755 1902; x_wconf 82' lang='lat' dir='ltr'>gratia</span> <span class='ocrx_word' id='word_1_169' title='bbox 779 1847 1037 1899; x_wconf 78' lang='lat' dir='ltr'>accedant,</span> <span class='ocrx_word' id='word_1_170' title='bbox 1061 1846 1347 1902; x_wconf 82' lang='lat' dir='ltr'>pollicentes</span> <span class='ocrx_word' id='word_1_171' title='bbox 1373 1846 1462 1892; x_wconf 89' lang='lat' dir='ltr'>sibi</span> <span class='ocrx_word' id='word_1_172' title='bbox 1497 1862 1526 1891; x_wconf 88' lang='lat' dir='ltr'>a</span> <span class='ocrx_word' id='word_1_173' title='bbox 1561 1846 1703 1891; x_wconf 91' lang='lat' dir='ltr'>nobis</span> 
     </span>
     <span class='ocr_line' id='line_1_22' title="bbox 67 1923 1697 1980; baseline 0.001 -13"><span class='ocrx_word' id='word_1_174' title='bbox 67 1937 209 1979; x_wconf 91' lang='lat' dir='ltr'>opem</span> <span class='ocrx_word' id='word_1_175' title='bbox 236 1932 284 1968; x_wconf 92' lang='lat' dir='ltr'>et</span> <span class='ocrx_word' id='word_1_176' title='bbox 307 1923 536 1969; x_wconf 87' lang='lat' dir='ltr'>solatium</span> <span class='ocrx_word' id='word_1_177' title='bbox 559 1923 607 1967; x_wconf 90' lang='lat' dir='ltr'>in</span> <span class='ocrx_word' id='word_1_178' title='bbox 630 1932 703 1968; x_wconf 91' lang='lat' dir='ltr'>tot</span> <span class='ocrx_word' id='word_1_179' title='bbox 726 1924 876 1968; x_wconf 89' lang='lat' dir='ltr'>rebus</span> <span class='ocrx_word' id='word_1_180' title='bbox 900 1923 1143 1980; x_wconf 82' lang='lat' dir='ltr'>aduersis,</span> <span class='ocrx_word' id='word_1_181' title='bbox 1181 1939 1242 1969; x_wconf 91' lang='lat' dir='ltr'>ac</span> <span class='ocrx_word' id='word_1_182' title='bbox 1276 1923 1386 1968; x_wconf 91' lang='lat' dir='ltr'>Deo</span> <span class='ocrx_word' id='word_1_183' title='bbox 1412 1923 1697 1979; x_wconf 88' lang='lat' dir='ltr'>adiuuante,</span> 
     </span>
     <span class='ocr_line' id='line_1_23' title="bbox 70 1999 838 2055; baseline 0.003 -12"><span class='ocrx_word' id='word_1_184' title='bbox 70 2014 160 2044; x_wconf 90' lang='lat' dir='ltr'>sua</span> <span class='ocrx_word' id='word_1_185' title='bbox 183 2014 270 2055; x_wconf 86' lang='lat' dir='ltr'>spe</span> <span class='ocrx_word' id='word_1_186' title='bbox 293 1999 488 2044; x_wconf 88' lang='lat' dir='ltr'>minime</span> <span class='ocrx_word' id='word_1_187' title='bbox 524 1999 838 2045; x_wconf 80' lang='lat' dir='ltr'>fraudantur.</span> 
     </span>
    </p>

    <p class='ocr_par' dir='ltr' id='par_1_4' title="bbox 56 2073 1703 2661">
     <span class='ocr_line' id='line_1_24' title="bbox 126 2073 1701 2134; baseline 0.001 -14"><span class='ocrx_word' id='word_1_188' title='bbox 126 2076 169 2121; x_wconf 80' lang='lat'>5.</span> <span class='ocrx_word' id='word_1_189' title='bbox 237 2073 572 2121; x_wconf 82' lang='lat' dir='ltr'>Studiosiores</span> <span class='ocrx_word' id='word_1_190' title='bbox 597 2086 885 2121; x_wconf 85' lang='lat' dir='ltr'>nostrarum</span> <span class='ocrx_word' id='word_1_191' title='bbox 922 2092 1107 2133; x_wconf 89' lang='lat' dir='ltr'>rerum,</span> <span class='ocrx_word' id='word_1_192' title='bbox 1145 2092 1266 2134; x_wconf 82' lang='lat' dir='ltr'>quos</span> <span class='ocrx_word' id='word_1_193' title='bbox 1300 2077 1506 2122; x_wconf 88' lang='lat' dir='ltr'>deuotos</span> <span class='ocrx_word' id='word_1_194' title='bbox 1538 2078 1701 2133; x_wconf 90' lang='lat' dir='ltr'>appel-</span> 
     </span>
     <span class='ocr_line' id='line_1_25' title="bbox 67 2152 1701 2211; baseline 0.001 -14"><span class='ocrx_word' id='word_1_195' title='bbox 67 2153 243 2210; x_wconf 87' lang='lat' dir='ltr'>lamus,</span> <span class='ocrx_word' id='word_1_196' title='bbox 271 2163 318 2198; x_wconf 93' lang='lat' dir='ltr'>et</span> <span class='ocrx_word' id='word_1_197' title='bbox 341 2152 603 2210; x_wconf 89' lang='lat' dir='ltr'>proficiunt</span> <span class='ocrx_word' id='word_1_198' title='bbox 627 2154 716 2209; x_wconf 89' lang='lat' dir='ltr'>ipsi</span> <span class='ocrx_word' id='word_1_199' title='bbox 751 2163 799 2199; x_wconf 91' lang='lat' dir='ltr'>et</span> <span class='ocrx_word' id='word_1_200' title='bbox 833 2154 957 2199; x_wconf 89' lang='lat' dir='ltr'>alios</span> <span class='ocrx_word' id='word_1_201' title='bbox 991 2154 1214 2199; x_wconf 88' lang='lat' dir='ltr'>alliciunt</span> <span class='ocrx_word' id='word_1_202' title='bbox 1248 2156 1604 2211; x_wconf 87' lang='lat' dir='ltr'>attrahuntque</span> <span class='ocrx_word' id='word_1_203' title='bbox 1639 2154 1701 2199; x_wconf 88' lang='lat' dir='ltr'>ad</span> 
     </span>
     <span class='ocr_line' id='line_1_26' title="bbox 69 2229 1700 2297; baseline 0.001 -22"><span class='ocrx_word' id='word_1_204' title='bbox 69 2229 264 2286; x_wconf 89' lang='lat' dir='ltr'>pietatis</span> <span class='ocrx_word' id='word_1_205' title='bbox 288 2229 520 2283; x_wconf 86' lang='lat' dir='ltr'>studium;</span> <span class='ocrx_word' id='word_1_206' title='bbox 545 2231 684 2297; x_wconf 78' lang='lat' dir='ltr'>multi</span> <span class='ocrx_word' id='word_1_207' title='bbox 709 2247 903 2287; x_wconf 86' lang='lat' dir='ltr'>nanque</span> <span class='ocrx_word' id='word_1_208' title='bbox 928 2231 1143 2276; x_wconf 71' lang='lat' dir='ltr'>confessi</span> <span class='ocrx_word' id='word_1_209' title='bbox 1168 2242 1280 2276; x_wconf 89' lang='lat' dir='ltr'>sunt</span> <span class='ocrx_word' id='word_1_210' title='bbox 1304 2232 1497 2276; x_wconf 91' lang='lat' dir='ltr'>illorum</span> <span class='ocrx_word' id='word_1_211' title='bbox 1534 2232 1700 2287; x_wconf 85' lang='lat' dir='ltr'>ductu,</span> 
     </span>
     <span class='ocr_line' id='line_1_27' title="bbox 56 2307 1703 2366; baseline 0.001 -15"><span class='ocrx_word' id='word_1_212' title='bbox 56 2307 148 2363; x_wconf 73' lang='lat' dir='ltr'>vqui</span> <span class='ocrx_word' id='word_1_213' title='bbox 174 2307 297 2352; x_wconf 88' lang='lat' dir='ltr'>alias</span> <span class='ocrx_word' id='word_1_214' title='bbox 322 2307 385 2352; x_wconf 86' lang='lat' dir='ltr'>ad</span> <span class='ocrx_word' id='word_1_215' title='bbox 408 2322 498 2352; x_wconf 89' lang='lat' dir='ltr'>nos</span> <span class='ocrx_word' id='word_1_216' title='bbox 522 2317 624 2352; x_wconf 90' lang='lat' dir='ltr'>tam</span> <span class='ocrx_word' id='word_1_217' title='bbox 648 2307 794 2353; x_wconf 81' lang='lat' dir='ltr'>facile</span> <span class='ocrx_word' id='word_1_218' title='bbox 820 2308 1043 2365; x_wconf 87' lang='lat' dir='ltr'>perducti</span> <span class='ocrx_word' id='word_1_219' title='bbox 1068 2325 1164 2354; x_wconf 90' lang='lat' dir='ltr'>non</span> <span class='ocrx_word' id='word_1_220' title='bbox 1187 2308 1411 2354; x_wconf 72' lang='lat' dir='ltr'>fuissent.</span> <span class='ocrx_word' id='word_1_221' title='bbox 1447 2308 1703 2366; x_wconf 84' lang='lat' dir='ltr'>Quantum</span> 
     </span>
     <span class='ocr_line' id='line_1_28' title="bbox 70 2383 1703 2443; baseline 0.002 -15"><span class='ocrx_word' id='word_1_222' title='bbox 70 2399 190 2429; x_wconf 91' lang='lat' dir='ltr'>uero</span> <span class='ocrx_word' id='word_1_223' title='bbox 215 2384 304 2440; x_wconf 90' lang='lat' dir='ltr'>ipsi</span> <span class='ocrx_word' id='word_1_224' title='bbox 328 2383 605 2440; x_wconf 80' lang='lat' dir='ltr'>proficiant,</span> <span class='ocrx_word' id='word_1_225' title='bbox 635 2386 712 2430; x_wconf 92' lang='lat' dir='ltr'>uel</span> <span class='ocrx_word' id='word_1_226' title='bbox 737 2386 852 2430; x_wconf 88' lang='lat' dir='ltr'>illud</span> <span class='ocrx_word' id='word_1_227' title='bbox 877 2385 1076 2441; x_wconf 89' lang='lat' dir='ltr'>indicat,</span> <span class='ocrx_word' id='word_1_228' title='bbox 1106 2386 1234 2443; x_wconf 85' lang='lat' dir='ltr'>quod</span> <span class='ocrx_word' id='word_1_229' title='bbox 1257 2402 1353 2431; x_wconf 90' lang='lat' dir='ltr'>non</span> <span class='ocrx_word' id='word_1_230' title='bbox 1378 2386 1535 2431; x_wconf 87' lang='lat' dir='ltr'>desint</span> <span class='ocrx_word' id='word_1_231' title='bbox 1561 2402 1622 2430; x_wconf 77' lang='lat' dir='ltr'>ex</span> <span class='ocrx_word' id='word_1_232' title='bbox 1645 2385 1703 2431; x_wconf 90' lang='lat' dir='ltr'>iis</span> 
     </span>
     <span class='ocr_line' id='line_1_29' title="bbox 56 2461 1703 2518; baseline 0.001 -12"><span class='ocrx_word' id='word_1_233' title='bbox 56 2461 245 2517; x_wconf 88' lang='lat' dir='ltr'>-quibus</span> <span class='ocrx_word' id='word_1_234' title='bbox 294 2461 460 2518; x_wconf 85' lang='lat' dir='ltr'>aliqua</span> <span class='ocrx_word' id='word_1_235' title='bbox 510 2478 660 2518; x_wconf 88' lang='lat' dir='ltr'>super</span> <span class='ocrx_word' id='word_1_236' title='bbox 710 2463 955 2509; x_wconf 89' lang='lat' dir='ltr'>humanae</span> <span class='ocrx_word' id='word_1_237' title='bbox 1000 2464 1292 2509; x_wconf 84' lang='lat' dir='ltr'>conditionis</span> <span class='ocrx_word' id='word_1_238' title='bbox 1335 2473 1518 2509; x_wconf 85' lang='lat' dir='ltr'>statum</span> <span class='ocrx_word' id='word_1_239' title='bbox 1563 2463 1703 2508; x_wconf 88' lang='lat' dir='ltr'>Deus</span> 
     </span>
     <span class='ocr_line' id='line_1_30' title="bbox 57 2537 1698 2597; baseline 0.001 -14"><span class='ocrx_word' id='word_1_240' title='bbox 57 2537 439 2584; x_wconf 85' lang='lat' dir='ltr'>communicare</span> <span class='ocrx_word' id='word_1_241' title='bbox 474 2539 721 2596; x_wconf 85' lang='lat' dir='ltr'>dignetur.</span> <span class='ocrx_word' id='word_1_242' title='bbox 761 2540 907 2597; x_wconf 86' lang='lat' dir='ltr'>Quod</span> <span class='ocrx_word' id='word_1_243' title='bbox 941 2540 987 2585; x_wconf 90' lang='lat' dir='ltr'>id</span> <span class='ocrx_word' id='word_1_244' title='bbox 1021 2556 1178 2597; x_wconf 83' lang='lat' dir='ltr'>genus</span> <span class='ocrx_word' id='word_1_245' title='bbox 1212 2541 1437 2597; x_wconf 82' lang='lat' dir='ltr'>proxime</span> <span class='ocrx_word' id='word_1_246' title='bbox 1478 2540 1698 2597; x_wconf 84' lang='lat' dir='ltr'>contigit,</span> 
     </span>
     <span class='ocr_line' id='line_1_31' title="bbox 70 2616 401 2661; baseline 0 -1"><span class='ocrx_word' id='word_1_247' title='bbox 70 2631 198 2660; x_wconf 89' lang='lat' dir='ltr'>nunc</span> <span class='ocrx_word' id='word_1_248' title='bbox 222 2616 401 2661; x_wconf 90' lang='lat' dir='ltr'>dicam.</span> 
     </span>
    </p>

    <p class='ocr_par' dir='ltr' id='par_1_5' title="bbox 69 2692 1703 2982">
     <span class='ocr_line' id='line_1_32' title="bbox 127 2692 1699 2751; baseline 0.001 -13"><span class='ocrx_word' id='word_1_249' title='bbox 127 2692 170 2738; x_wconf 81' lang='lat'>6.</span> <span class='ocrx_word' id='word_1_250' title='bbox 241 2693 334 2738; x_wconf 80' lang='lat' dir='ltr'>Vir</span> <span class='ocrx_word' id='word_1_251' title='bbox 358 2705 446 2749; x_wconf 87' lang='lat' dir='ltr'>est,</span> <span class='ocrx_word' id='word_1_252' title='bbox 475 2694 614 2739; x_wconf 85' lang='lat' dir='ltr'>cuius</span> <span class='ocrx_word' id='word_1_253' title='bbox 638 2693 762 2740; x_wconf 89' lang='lat' dir='ltr'>filius</span> <span class='ocrx_word' id='word_1_254' title='bbox 796 2695 925 2740; x_wconf 87' lang='lat' dir='ltr'>inter</span> <span class='ocrx_word' id='word_1_255' title='bbox 958 2694 1145 2740; x_wconf 78' lang='lat' dir='ltr'>fratres</span> <span class='ocrx_word' id='word_1_256' title='bbox 1180 2693 1442 2740; x_wconf 83' lang='lat' dir='ltr'>Societatis</span> <span class='ocrx_word' id='word_1_257' title='bbox 1478 2704 1699 2751; x_wconf 88' lang='lat' dir='ltr'>nostrae,</span> 
     </span>
     <span class='ocr_line' id='line_1_33' title="bbox 70 2769 1698 2829; baseline 0.002 -15"><span class='ocrx_word' id='word_1_258' title='bbox 70 2769 266 2815; x_wconf 90' lang='lat' dir='ltr'>nomine</span> <span class='ocrx_word' id='word_1_259' title='bbox 290 2769 536 2816; x_wconf 89' lang='lat' dir='ltr'>Hercules</span> <span class='ocrx_word' id='word_1_260' title='bbox 560 2771 606 2816; x_wconf 91' lang='lat' dir='ltr'>in</span> <span class='ocrx_word' id='word_1_261' title='bbox 631 2770 881 2829; x_wconf 86' lang='lat' dir='ltr'>colle[gio]</span> <span class='ocrx_word' id='word_1_262' title='bbox 909 2772 1127 2829; x_wconf 89' lang='lat' dir='ltr'>uiuebat,</span> <span class='ocrx_word' id='word_1_263' title='bbox 1165 2772 1204 2816; x_wconf 90' lang='lat' dir='ltr'>is</span> <span class='ocrx_word' id='word_1_264' title='bbox 1240 2771 1357 2816; x_wconf 88' lang='lat' dir='ltr'>obiit</span> <span class='ocrx_word' id='word_1_265' title='bbox 1386 2770 1514 2816; x_wconf 88' lang='lat' dir='ltr'>diem</span> <span class='ocrx_word' id='word_1_266' title='bbox 1539 2787 1698 2829; x_wconf 88' lang='lat' dir='ltr'>suum,</span> 
     </span>
     <span class='ocr_line' id='line_1_34' title="bbox 69 2846 1703 2904; baseline 0.002 -14"><span class='ocrx_word' id='word_1_267' title='bbox 69 2846 268 2892; x_wconf 90' lang='lat' dir='ltr'>uolente</span> <span class='ocrx_word' id='word_1_268' title='bbox 292 2846 418 2903; x_wconf 83' lang='lat' dir='ltr'>Deo;</span> <span class='ocrx_word' id='word_1_269' title='bbox 445 2857 589 2904; x_wconf 86' lang='lat' dir='ltr'>pater</span> <span class='ocrx_word' id='word_1_270' title='bbox 620 2848 814 2893; x_wconf 88' lang='lat' dir='ltr'>nescius</span> <span class='ocrx_word' id='word_1_271' title='bbox 849 2847 1047 2893; x_wconf 89' lang='lat' dir='ltr'>omnino</span> <span class='ocrx_word' id='word_1_272' title='bbox 1082 2848 1314 2904; x_wconf 78' lang='lat' dir='ltr'>(nondum</span> <span class='ocrx_word' id='word_1_273' title='bbox 1351 2848 1480 2893; x_wconf 87' lang='lat' dir='ltr'>enim</span> <span class='ocrx_word' id='word_1_274' title='bbox 1514 2849 1703 2894; x_wconf 90' lang='lat' dir='ltr'>certior</span> 
     </span>
     <span class='ocr_line' id='line_1_35' title="bbox 70 2921 1698 2982; baseline 0.004 -16"><span class='ocrx_word' id='word_1_275' title='bbox 70 2921 176 2967; x_wconf 90' lang='lat' dir='ltr'>fieri</span> <span class='ocrx_word' id='word_1_276' title='bbox 199 2933 397 2979; x_wconf 90' lang='lat' dir='ltr'>poterat</span> <span class='ocrx_word' id='word_1_277' title='bbox 420 2924 479 2968; x_wconf 90' lang='lat' dir='ltr'>de</span> <span class='ocrx_word' id='word_1_278' title='bbox 505 2924 642 2970; x_wconf 88' lang='lat' dir='ltr'>obitu</span> <span class='ocrx_word' id='word_1_279' title='bbox 666 2923 747 2969; x_wconf 81' lang='lat' dir='ltr'>filii</span> <span class='ocrx_word' id='word_1_280' title='bbox 772 2925 846 2970; x_wconf 86' lang='lat' dir='ltr'>sui</span> <span class='ocrx_word' id='word_1_281' title='bbox 882 2925 1058 2982; x_wconf 89' lang='lat' dir='ltr'>quippe</span> <span class='ocrx_word' id='word_1_282' title='bbox 1094 2925 1172 2982; x_wconf 87' lang='lat' dir='ltr'>qui</span> <span class='ocrx_word' id='word_1_283' title='bbox 1208 2924 1450 2979; x_wconf 79' lang='lat' dir='ltr'>Ferraria</span> <span class='ocrx_word' id='word_1_284' title='bbox 1484 2927 1698 2982; x_wconf 81' lang='lat' dir='ltr'>aberat),</span> 
     </span>
    </p>
   </div>
   <div class='ocr_carea' id='block_1_3' title="bbox 117 3089 1060 3130">
    <p class='ocr_par' dir='ltr' id='par_1_6' title="bbox 117 3089 1060 3130">
     <span class='ocr_line' id='line_1_36' title="bbox 117 3089 1060 3130; baseline 0.001 -4"><span class='ocrx_word' id='word_1_285' title='bbox 117 3096 135 3116; x_wconf 81' lang='lat' dir='ltr'>a</span> <span class='ocrx_word' id='word_1_286' title='bbox 178 3089 334 3127; x_wconf 76' lang='lat' dir='ltr'>farinae</span> <span class='ocrx_word' id='word_1_287' title='bbox 354 3090 510 3129; x_wconf 75' lang='lat' dir='ltr'>farinae</span> <span class='ocrx_word' id='word_1_288' title='bbox 532 3104 612 3129; x_wconf 80' lang='lat' dir='ltr'>ms.</span> <span class='ocrx_word' id='word_1_289' title='bbox 680 3093 744 3120; x_wconf 80' lang='lat' dir='ltr'>—b</span> <span class='ocrx_word' id='word_1_290' title='bbox 778 3095 955 3129; x_wconf 78' lang='lat' dir='ltr'>extirunt</span> <span class='ocrx_word' id='word_1_291' title='bbox 977 3104 1060 3130; x_wconf 79' lang='lat' dir='ltr'>ms.</span> 
     </span>
    </p>
   </div>
  </div>
 </body>
</html>
