2051 3516
1659 313 1709 327 -η,

527 321 812 357 189.-PRA0A
839 330 973 355 MENSE
1001 318 1204 355 AUGUSTO
1232 317 1278 361 (ἒ)
1309 316 1399 352 1558
1664 314 1727 349 m}

193 418 237 464 4.
304 416 495 462 Doctor
520 415 766 461 Henricus
790 415 836 460 in
862 412 1183 460 concionibus
1207 411 1340 457 arcis
1359 418 1671 467 perseuerat,
1694 409 1773 453 cui

137 494 369 540 adiuncta
402 508 596 549 quoque
629 491 775 537 lectio
814 489 1135 536 cathechismi
1169 497 1279 545 post
1313 485 1630 544 vespertinas
1665 500 1772 541 pre-

141 586 240 627 ces,
267 578 477 626 urgente
501 584 562 614 ac
585 568 782 625 saepius
807 568 1022 612 instante
1046 566 1108 612 D.
1135 565 1387 622 preposito
1411 570 1444 610 ³.

196 647 237 693 5.
306 646 491 692 Frater
524 646 680 692 nostri
720 644 1049 700 Balthasaris,
1091 643 1272 700 partim
1310 651 1363 687 ut
1400 641 1614 687 fratrem
1653 639 1773 685 inui-

138 734 290 782 seret‚
317 724 498 780 partim
522 732 574 768 ut
599 723 658 768 de
683 722 924 779 religione
948 720 1089 766 fieret
1112 720 1315 776 certior,
1344 719 1407 764 ad
1431 734 1521 763 nos
1555 717 1770 762 diuertit.

136 801 266 847 Nam
290 811 433 857 pater
457 801 537 857 qui
561 815 757 856 semper
781 799 1023 843 hactenus
1046 798 1137 843 sub
1161 787 1324 842 altera
1356 795 1521 853 specie
1545 793 1683 850 uixit,
1712 793 1774 838 ad

136 887 398 934 utramque
432 878 530 923 iam
565 878 759 922 demum
794 876 1083 929 translatus,
1119 889 1306 930 cogere
1341 887 1535 930 quoque
1572 871 1590 898 ¹³
1625 870 1774 916 filium

138 971 277 1001 suum
313 955 440 999 uelle
475 953 756 1009 uidebatur,
783 951 1057 1008 parochum
1092 959 1260 996 tenent
1295 949 1374 1006 qui
1408 959 1457 995 et
1491 948 1692 994 hussitis
1725 958 1775 993 et

137 1031 394 1078 catholicis
420 1030 608 1087 pariter
643 1029 689 1073 in
726 1027 1050 1073 ministrando
1085 1035 1404 1072 sacramento
1428 1025 1651 1071 inseruit.
1679 1024 1775 1070 Hic

136 1124 261 1165 ergo
285 1123 395 1153 cum
420 1107 635 1153 animum
659 1120 870 1162 pronum
904 1104 967 1149 ad
1001 1102 1307 1149 Societatem
1342 1103 1568 1158 haberet,
1596 1102 1774 1147 missus

135 1196 208 1232 est
231 1185 484 1231 Viennam
516 1183 578 1228 ad
613 1182 673 1227 R.
702 1182 754 1227 P.
787 1180 1084 1226 Victoriam.
1112 1180 1188 1225 De
1213 1179 1323 1224 fidei
1359 1178 1670 1224 nihilominus
1696 1194 1774 1223 ue-

138 1263 285 1308 ritate
308 1277 456 1318 quam
489 1260 651 1305 infans
685 1259 967 1314 imbiberat,
993 1266 1174 1302 nutare
1208 1272 1261 1301 se
1296 1255 1507 1312 amplius
1532 1256 1770 1312 negabat.

194 1340 237 1387 6.
305 1338 661 1385 Confessiones
691 1336 876 1392 aliquot
909 1344 1195 1380 nostrorum
1231 1333 1648 1379 scholasticorum
1675 1332 1776 1377 fue-

138 1426 253 1463 runt
277 1426 325 1462 et
349 1414 734 1462 communiones.

227 1493 471 1539 Catholici
496 1491 714 1537 nonnulli
739 1507 799 1536 ex
825 1489 1057 1535 hereticis
1087 1488 1261 1534 fierent
1285 1487 1360 1545 [si]
1389 1495 1405 1515 Ε
1432 1498 1694 1545 parentum
1719 1488 1771 1532 ti-

137 1587 326 1617 morem
360 1569 474 1626 Xpi.
512 1579 559 1615 et
594 1567 825 1625 propriae
858 1566 1034 1612 salutis
1067 1566 1292 1611 uinceret
1327 1580 1486 1610 amor.
1514 1564 1659 1609 Vnus
1695 1579 1777 1609 ca-

142 1648 353 1695 tholicus
376 1658 450 1693 est
474 1646 653 1692 factus.

228 1724 591 1771 Commensalis
624 1723 774 1769 etiam
808 1732 979 1768 noster
1013 1720 1352 1777 Hieronymus
1376 1735 1472 1764 non
1498 1719 1644 1764 modo
1669 1735 1777 1776 per-

140 1803 284 1849 fidiae
324 1802 455 1859 rupit
494 1803 716 1859 laqueos,
758 1800 844 1846 sed
889 1809 937 1845 et
981 1798 1224 1844 Societati
1264 1797 1515 1843 desiderat
1555 1797 1773 1854 adiungi.

138 1881 342 1938 Augeat
366 1890 414 1926 et
438 1879 665 1936 perficiat
691 1879 817 1924 idem
842 1877 921 1935 qui
947 1876 1128 1934 coepit.
1158 1875 1289 1920 Puer
1313 1885 1387 1920 est
1411 1890 1509 1919 non
1535 1873 1775 1920 infoelicis

136 1958 323 2016 'ingenii
347 1968 396 2004 et
421 1958 635 2015 optimae
659 1956 780 2013 spei.

226 2036 449 2081 Medicus
474 2034 755 2080 archiducis
788 2032 1057 2078 Mathiolus
1082 2046 1272 2076 summe
1297 2045 1424 2086 erga
1448 2044 1537 2074 nos
1562 2029 1778 2074 affectus

140 2129 337 2159 omnem
361 2128 501 2158 suam
525 2112 667 2157 nobis
690 2111 852 2168 gratis
875 2117 1103 2166 praestat
1129 2123 1354 2165 operam.

231 2189 507 2248 Episcopus
533 2187 813 2233 viennensis
838 2188 851 2212 ¹
877 2196 1033 2232 totum
1068 2201 1122 2231 se
1155 2185 1298 2230 nobis
1322 2183 1499 2229 obtulit
1523 2183 1587 2227 ad
1611 2183 1778 2227 omnia

139 2276 386 2325 paratum.
426 2267 694 2312 Pecuniam
733 2281 880 2322 quam
920 2263 1135 2320 collegio
1177 2271 1347 2308 mutuo
1387 2260 1609 2316 dederat,
1649 2261 1779 2306 ultro

140 2345 341 2392 remisit.
366 2343 584 2391 Gratum
618 2343 709 2389 fuit
732 2343 777 2388 ei
798 2351 1024 2388 nostrum
1059 2340 1292 2397 studium,
1319 2354 1416 2396 quo
1441 2338 1515 2384 sui
1539 2353 1569 2383 a
1594 2338 1777 2383 nostris

142 2422 453 2468 iuuarentur.

229 2499 467 2556 Princeps
503 2499 518 2523 ²
553 2498 612 2544 de
646 2497 791 2543 solita
830 2512 921 2542 sua
955 2496 1002 2542 in
1036 2510 1126 2541 nos
1161 2493 1509 2541 beneuolentia
1544 2492 1661 2537 nihil
1694 2492 1778 2537 im-

143 2586 316 2623 mutat.

199 2656 242 2700 7.
308 2654 433 2700 Illud
457 2654 820 2711 praeterieram
856 2653 986 2709 quod
1017 2668 1111 2697 non
1145 2650 1366 2708 oportuit
1390 2649 1435 2694 in
1460 2649 1554 2694 hac
1578 2648 1780 2706 spinosa

140 2731 326 2777 inculta
351 2732 573 2789 regione.
602 2729 830 2776 Infirmus
854 2729 1068 2786 quidam,
1096 2728 1176 2786 qui
1200 2727 1336 2772 solus
1360 2725 1490 2771 domi
1521 2740 1642 2771 suae
1667 2734 1779 2771 erat

189 2882 207 2902 a
274 2874 502 2922 prepositus
518 2883 599 2909 ms.
654 2893 688 2898 -
700 2872 720 2899 b
764 2871 913 2918 quique
930 2882 1010 2907 ms.
1065 2877 1128 2897 -c
1171 2868 1294 2905 Haec
1307 2868 1550 2914 particula,
1566 2877 1679 2914 quae
1692 2877 1781 2904 non

144 2938 206 2972 est
225 2936 272 2971 in
291 2944 389 2976 ms„
410 2933 660 2970 necessaria
679 2931 870 2968 videtur.

191 3067 200 3086 ¹
253 3064 460 3103 Antonius
476 3063 582 3101 Brus
596 3063 645 3100 de
666 3061 857 3109 Muglitz.

192 3125 206 3146 2
256 3124 558 3169 Ferdinandus,
579 3122 838 3170 imperatoris
856 3121 979 3158 filius.
