2051 3516
515 328 922 367 173.—SALMANTICA
949 336 1084 364 MENSE
1111 324 1232 371 MAJo
1261 322 1351 360 1558
1628 319 1697 357 099

175 428 219 474 ὁ.
285 426 480 472 Famuli
508 440 628 470 vero
653 423 851 481 quidam
876 423 1026 480 ipsius
1050 419 1269 478 episcopi
1298 434 1361 464 ex
1394 417 1560 463 Patris
1593 416 1742 462 conti-

119 506 226 551 nuis
249 503 677 550 adhortationibus
702 501 925 558 persuasi
951 509 1063 545 sunt
1090 507 1265 544 nostra
1299 495 1541 542 exercitia
1576 509 1745 551 capes-

118 598 246 628 sere.
273 580 533 634 Dominus,
566 594 776 635 quorum
812 578 964 624 corda
999 575 1168 632 mouit,
1205 574 1287 619 det
1321 573 1470 619 etiam
1503 570 1745 628 perficere

118 659 248 717 quod
283 658 445 704 animo
480 665 835 713 conceperunt.
871 655 980 700 Non
1017 653 1281 699 defuerunt
1313 650 1411 707 alii,
1454 650 1533 706 qui
1573 649 1745 694 eadem

119 744 438 793 acceperunt;
465 750 578 780 nam
605 733 830 791 quamuis
855 733 1029 778 domus
1061 739 1233 777 nostra
1264 738 1572 786 perangusta
1604 726 1665 772 sit
1699 735 1747 771 et

117 815 317 871 exigua,
340 813 550 859 adfuere
573 822 738 858 tamen
764 811 1029 867 aliquando
1053 809 1195 855 simul
1213 817 1420 864 septem,
1448 805 1529 863 qui
1553 804 1745 862 quidem

118 907 290 937 omnes
313 907 409 936 non
435 906 612 947 parum
638 889 862 934 Vtilitatis
887 887 998 933 inde
1022 894 1363 943 reportarunt.
1400 884 1589 929 Decem
1627 897 1747 927 vero

116 980 220 1015 tum
260 985 323 1014 ex
366 968 456 1023 his,
504 977 606 1013 tum
647 983 710 1012 ex
749 965 873 1018 aliis,
920 973 1091 1009 nostro
1131 978 1240 1008 sese
1281 961 1581 1007 addixerunt
1620 959 1747 1004 insti-

118 1056 242 1093 tuto.

176 1125 218 1170 7.
286 1125 398 1170 Duo
433 1139 496 1168 ex
530 1123 603 1168 his
637 1122 682 1167 in
721 1121 815 1166 hac
848 1119 1108 1167 academia
1147 1118 1439 1164 cathedram
1479 1116 1747 1168 habebant,

115 1203 245 1248 alter
268 1217 330 1247 ex
353 1201 524 1257 lingua
548 1215 754 1257 graeca,
781 1198 909 1243 alter
942 1212 1006 1241 ex
1039 1194 1362 1252 philosophia,
1400 1194 1459 1238 de
1494 1193 1669 1250 quibus
1703 1193 1748 1237 in

117 1279 391 1336 praeterita
416 1275 764 1335 quadrimestri
789 1274 1055 1331 aliqualem
1080 1273 1379 1318 mentionem
1410 1271 1502 1317 feci
1541 1273 1569 1315 ¹.
1609 1269 1748 1315 Tunc

116 1358 242 1403 enim
269 1356 484 1402 nondum
509 1355 709 1400 fuerant
733 1352 963 1409 ingressi,
990 1350 1077 1397 sed
1111 1349 1240 1407 quod
1274 1350 1371 1394 iam
1407 1348 1451 1393 in
1472 1348 1636 1393 animo
1671 1347 1749 1392 de-

116 1435 361 1481 stinarant
385 1449 438 1478 se
462 1442 635 1478 nostro
666 1430 888 1477 instituto
923 1428 1140 1485 tradere,
1179 1443 1243 1472 ex
1276 1441 1487 1483 quorum
1522 1425 1751 1483 ingressu

115 1528 212 1557 non
236 1527 413 1569 parum
437 1508 649 1567 permoti
674 1517 800 1553 sunt.
832 1506 992 1552 Erant
1015 1505 1193 1550 etenim
1232 1503 1567 1559 vnusquisque
1600 1502 1647 1547 in
1681 1501 1749 1547 fa-

116 1589 302 1635 cultate
326 1604 418 1633 sua
443 1603 506 1633 ex
530 1585 828 1644 praecipuis,
856 1584 903 1629 in
928 1599 1051 1640 quos
1075 1582 1314 1627 Vniuersa
1343 1580 1604 1626 academia
1638 1595 1750 1625 ocu-

119 1667 191 1712 los
214 1665 513 1711 coniiciebat
547 1672 754 1720 propter
788 1662 1050 1707 raritatem
1084 1658 1267 1716 ingenii
1302 1668 1351 1704 et
1384 1657 1625 1704 doctrine.
1662 1658 1751 1703 Be·

116 1743 339 1789 nedictus
362 1742 621 1798 Dominus,
649 1740 729 1798 qui
754 1755 839 1785 eos
865 1737 1069 1784 vocauit
1092 1737 1155 1782 ad
1180 1736 1279 1782 alia
1313 1735 1510 1793 potiora
1543 1751 1752 1781 munera

117 1821 481 1877 nobilioresque
505 1819 791 1875 cathedras,
818 1817 864 1862 in
889 1816 1064 1874 quibus
1098 1813 1420 1878 maiorixcum
1451 1813 1617 1859 fructu
1652 1813 1751 1858 ani-

118 1899 280 1957 mique
314 1897 618 1953 sinceritate,
657 1897 720 1941 ab
756 1894 887 1940 omni
927 1894 1143 1939 humana
1183 1892 1396 1937 Vtilitate
1435 1891 1749 1947 sequestrati,

117 1975 352 2022 Creatori
377 1991 467 2020 suo
492 1973 800 2020 commodius
825 1972 1029 2017 valeant
1053 1970 1312 2016 inseruire.

173 2053 216 2099 8.
283 2054 545 2110 Ingressus
569 2060 644 2097 est
668 2060 716 2096 et
739 2050 864 2096 alius
887 2049 1231 2100 scholasticus,
1253 2048 1334 2104 qui
1354 2048 1449 2093 iam
1469 2047 1752 2104 theologica

117 2133 280 2178 studia
303 2138 761 2183 consummauerat,
788 2137 837 2174 et
870 2126 915 2172 in
951 2126 1135 2172 eisdem
1170 2127 1395 2172 lauream
1431 2125 1639 2181 primam
1675 2140 1753 2170 ac-

117 2221 338 2267 ceperat.
366 2209 647 2255 Accessere
672 2207 745 2252 his
764 2207 861 2252 duo
886 2204 1130 2251 dialectici
1155 2213 1203 2250 et
1227 2203 1308 2249 alii
1333 2204 1555 2255 iuristae,
1583 2203 1628 2248 in
1654 2203 1753 2260 qui-

117 2289 208 2334 bus
231 2297 341 2333 erat
366 2286 564 2344 quidam
590 2286 849 2330 laureatus
882 2283 928 2328 in
963 2282 1069 2328 iure
1104 2281 1362 2327 canonico.
1399 2279 1673 2338 Speramus
1708 2282 1752 2326 in

119 2365 334 2410 Domino
359 2380 454 2409 non
477 2363 738 2408 defuturos
762 2361 901 2417 alios,
924 2359 1021 2417 qui,
1049 2369 1316 2415 antequam
1336 2374 1578 2416 praesens
1597 2374 1756 2404 annus

117 2452 452 2500 pertranseat,
481 2441 527 2486 in
552 2441 646 2486 hoc
670 2440 882 2497 collegio
908 2438 1230 2495 recipiantur;
1258 2437 1326 2483 ita
1346 2437 1472 2483 enim
1497 2453 1560 2482 ex
1584 2437 1757 2483 multo-

119 2538 227 2566 rum
251 2520 468 2566 motione
491 2518 810 2565 coniecimus.
839 2517 898 2562 T.
927 2517 980 2562 P.
1008 2531 1228 2572 oramus,
1258 2524 1309 2560 vt
1334 2515 1378 2560 in
1398 2515 1584 2560 sanctis
1603 2515 1754 2560 sacri-

119 2598 240 2645 ficiis
265 2608 314 2644 et
338 2596 648 2644 orationibus
672 2604 959 2641 nostrorum
986 2593 1193 2639 Patrum
1218 2602 1266 2638 et
1290 2592 1506 2638 fratrum
1540 2592 1755 2637 Domino

118 2675 547 2730 commendentur,
577 2682 628 2718 vt
652 2680 893 2730 quotquot
923 2672 968 2717 in
1004 2671 1151 2716 domo
1177 2669 1374 2715 Domini
1399 2669 1601 2714 admissi
1625 2679 1755 2727 sunt,

117 2754 230 2800 boni
251 2763 300 2799 et
325 2751 532 2810 proficui
557 2749 776 2808 operarii
800 2749 847 2794 in
871 2748 976 2795 eius
995 2748 1141 2794 vinea
1161 2746 1459 2793 efficiantur.
1486 2746 1622 2792 Bene
1642 2748 1755 2793 vale

118 2832 166 2877 in
191 2830 391 2877 Christo
415 2829 543 2886 Iesu,
571 2828 650 2885 qui
675 2827 864 2873 vtinam
889 2842 979 2872 nos
1003 2840 1201 2883 semper
1227 2824 1443 2882 benigno
1462 2824 1640 2870 fauore
1664 2841 1755 2871 suo

118 2909 181 2955 ad
219 2907 428 2954 meliora
469 2906 624 2953 faciat
662 2905 907 2962 aspirare,
950 2913 998 2950 et
1040 2903 1176 2948 vires
1219 2902 1450 2948 conferat
1488 2903 1752 2959 salutares,

167 3096 174 3114 ¹
230 3094 337 3131 Vide
357 3093 557 3140 superius,
580 3105 672 3139 pag.
693 3092 774 3135 487,
803 3097 939 3128 annot.
973 3090 1002 3129 1:
1033 3094 1073 3124 et
1103 3091 1143 3127 S.
1178 3088 1442 3126 Franciscns
1469 3089 1648 3136 Borgz‘a,
1679 3091 1753 3127 loc.

117 3155 199 3198 cit.,
220 3154 305 3191 340.
