2051 3516
352 310 398 347 72
815 305 1033 342 LITTERAE
1059 305 1413 349 QUADRIMESTRES

305 404 489 462 plioris,
515 403 647 448 nulla
676 400 789 446 mihi
823 399 953 456 apud
986 398 1172 444 amicos
1206 411 1317 453 spes
1351 396 1578 452 affulget,
1614 395 1703 440 nisi
1737 409 1933 452 graues

306 482 426 527 istas
449 479 715 533 molestias,
743 492 806 522 ex
824 476 999 533 quibus
1022 490 1107 532 spe
1126 489 1220 519 non
1241 472 1387 518 dubia
1406 472 1736 518 incredibilem
1758 486 1932 516 sumus-

306 557 570 603 vtilitatem
593 554 793 601 tandem
817 551 1088 606 collecturi,
1121 551 1167 596 in
1201 565 1362 595 nouae
1396 549 1595 594 scholae
1625 546 1923 593 aedificatio-

306 650 415 680 nem
440 632 624 690 paucis,
652 640 704 680 Vt
728 645 890 687 spero,
919 628 1166 673 mensibus
1189 626 1552 683 perficiendam,
1588 625 1834 681 patienter
1857 624 1924 670 fe-

308 725 492 756 ramus.

364 787 406 833 3.
473 786 604 831 Ante
628 784 844 829 natalem
868 781 1148 827 Saluatoris
1176 780 1331 825 nostri
1355 779 1472 838 Jesu
1505 777 1688 824 Christi
1719 778 1780 822 ad
1814 792 1927 822 con-

307 862 531 909 fessionis
555 868 923 906 sacramentum
948 872 1117 903 omnes
1147 855 1361 912 suscepti
1385 865 1512 911 sunt,
1546 855 1737 900 nemine
1770 854 1927 899 refra—

307 949 473 997 gante,
501 937 856 984 demirantibus
886 933 1268 991 quamplurimis,
1306 932 1592 990 parentibus
1625 940 1827 988 stupore
1861 931 1925 976 in-

307 1017 450 1062 solito
475 1014 687 1067 affectis,
715 1028 921 1069 quorum
945 1010 1232 1068 improbitas
1256 1024 1383 1055 nunc
1407 1010 1470 1054 ab
1493 1009 1608 1065 ipsis
1632 1023 1754 1064 quos
1778 1009 1927 1052 lacta-

307 1102 502 1147 uerunt,
528 1102 765 1147 tanquam
789 1089 1070 1135 foedissima
1095 1088 1446 1143 exprobratur,
1481 1086 1749 1141 reuelatur,
1782 1093 1928 1140 atque

307 1179 361 1215 vt
394 1167 698 1214 detestabilis
731 1166 1057 1221 conuincitur,
1093 1164 1172 1221 qui
1207 1173 1383 1209 contra
1421 1177 1729 1208 communem
1768 1177 1926 1217 Vsum,

309 1246 585 1303 exemplum
627 1243 908 1300 disciplinae
946 1257 975 1287 a
1015 1241 1216 1287 rudibus
1253 1241 1420 1297 pueris
1459 1240 1674 1296 capiunt,
1721 1239 1930 1284 virtutes

307 1323 553 1379 hauriunt,
581 1331 628 1367 et
657 1322 702 1366 in
731 1335 850 1366 vera
873 1320 1056 1376 pietate
1080 1328 1128 1364 et
1152 1318 1417 1364 christiana
1447 1317 1685 1373 religione
1719 1317 1782 1361 ab
1815 1314 1930 1372 ipsis
1994 1329 1997 1333 ·

308 1400 530 1456 denique,
569 1399 743 1454 quibus
776 1412 1002 1442 normam
1037 1395 1233 1441 viuendi
1267 1397 1579 1452 praeberent,
1621 1392 1926 1447 erudiuntur,

308 1476 700 1532 dirigunturque.
728 1473 992 1530 Siquidem,
1019 1483 1136 1518 nato
1162 1471 1361 1517 Christo
1392 1471 1704 1527 redemptore
1738 1478 1926 1525 nostro,

309 1553 365 1599 23
388 1569 450 1598 ex
474 1552 741 1598 maioribus
765 1566 942 1596 sacrae
967 1549 1321 1596 communionis
1344 1548 1609 1605 participes
1644 1546 1826 1603 effecti,
1863 1546 1928 1590 in-

309 1629 693 1686 comparabilem
727 1629 866 1674 nobis
900 1627 1014 1684 ipsis
1049 1636 1095 1672 et
1130 1641 1275 1671 sacro
1315 1625 1656 1671 assistentibus
1692 1623 1929 1669 laetitiam

310 1714 622 1763 pepererunt,
650 1705 836 1756 ordine,
864 1704 1104 1760 decentia,
1141 1718 1201 1748 ac
1234 1702 1475 1760 singulari
1512 1702 1713 1747 honoris
1747 1700 1929 1746 exhibi-

309 1784 439 1829 tione
463 1799 709 1840 nunquam
735 1782 947 1828 antehac
972 1782 1094 1834 visa,
1123 1797 1218 1837 qua
1243 1796 1450 1837 puerum
1469 1779 1645 1831 Iesum,
1668 1779 1746 1835 qui
1766 1778 1929 1835 pueris

309 1861 561 1905 caelorum
586 1875 794 1916 regnum
819 1858 1042 1914 promisit
1073 1860 1103 1910 ¹,
1138 1857 1292 1914 pueri,
1329 1856 1635 1913 stupentibus
1669 1856 1929 1912 matribus,

310 1936 507 1992 reliquis
531 1935 768 1991 attonitis,
795 1934 1002 1990 hospitio
1029 1934 1283 1979 vnanimes
1303 1942 1620 1990 exceperunt.
1644 1931 1772 1988 Quid
1793 1947 1929 1988 repe·

311 2014 394 2058 riri
419 2022 518 2057 tam
543 2012 772 2057 eximium
796 2022 843 2056 et
868 2010 1226 2067 expectandum
1263 2010 1309 2054 in
1334 2010 1426 2054 hac
1461 2008 1716 2066 prouincia
1749 2017 1927 2065 potest,

311 2105 456 2146 quarn
482 2088 609 2145 quod
635 2089 714 2143 illi,
742 2088 916 2144 quibus
947 2088 1106 2133 adhuc
1139 2088 1267 2132 lacte
1298 2087 1403 2132 fere
1443 2102 1564 2142 opus
1597 2095 1686 2141 est,
1724 2085 1930 2130 solidum

311 2167 471 2211 cibum
501 2166 774 2222 praebeant
807 2164 1147 2220 nutrientibus,
1185 2173 1416 2220 parentes
1449 2164 1688 2208 bonorum
1724 2177 1929 2219 operum

312 2243 622 2299 admoneant,
650 2257 914 2298 omnesque
938 2241 1000 2286 ad
1020 2241 1099 2298 pia
1123 2251 1170 2286 et
1195 2240 1396 2285 laudata
1420 2239 1717 2285 christianae
1736 2238 1928 2295 religio-

312 2320 383 2364 nis
407 2318 570 2363 officia
604 2319 840 2374 exemplis
874 2326 1162 2374 prouocent,
1199 2317 1448 2373 instigent,
1485 2316 1929 2371 adhortenturque?

312 2395 453 2452 Quae
478 2411 629 2452 opera
652 2411 747 2440 non
772 2395 1070 2440 mediocrem
1094 2394 1278 2439 medios
1302 2394 1428 2438 inter
1458 2393 1590 2439 ciues
1624 2392 1929 2437 nobilitatem

312 2473 492 2528 ignotis
516 2472 762 2517 conflauit.

371 2550 413 2594 4.
479 2548 708 2604 Quatuor
732 2549 821 2594 illis
847 2548 1177 2605 praefecimus
1200 2548 1469 2604 magistros
1497 2561 1780 2604 germanos,
1817 2546 1931 2591 licet

315 2627 502 2671 duabus
526 2635 716 2671 tantum
739 2626 979 2671 classibus
1003 2635 1050 2670 et
1074 2625 1388 2670 inferioribus
1411 2624 1666 2681 imperent.
1704 2622 1792 2668 His
1826 2637 1928 2679 spe-

315 2704 519 2748 ctaculis
549 2713 868 2748 accesserunt
902 2702 1250 2748 disertissimae
1285 2712 1431 2758 atque
1465 2701 1636 2758 ipsam,
1673 2710 1726 2746 vt
1758 2701 1928 2745 autho-

316 2795 418 2825 rem
443 2795 583 2824 suum
609 2780 938 2836 declararent,
965 2779 1210 2836 spirantes
1232 2779 1442 2835 Italiam,
1465 2777 1715 2823 orationes
1733 2777 1928 2834 elegan-

316 2865 403 2901 tes.
430 2855 624 2900 Isthaec
643 2856 818 2912 studia,
840 2856 1076 2912 actioneS,
1099 2866 1402 2911 conatusque
1421 2855 1515 2900 hoc
1532 2854 1653 2899 lucri
1672 2853 1934 2910 dederunt,

316 2939 369 2976 vt
393 2940 497 2976 tota
521 2931 696 2976 ciuitas
720 2932 862 2988 plena
886 2931 947 2977 sit
980 2947 1104 2988 erga
1138 2946 1227 2976 nos
1261 2931 1565 2986 clementiae,
1602 2928 1935 2974 mansuetudi-

369 3099 375 3116 ¹
430 3097 613 3135 MATTH„
636 3096 790 3139 XVIII,
811 3097 845 3132 3*
