2051 3516
490 257 873 295 128.—V1Nnor³oxA
899 258 922 295 2
944 260 1147 306 ιΙΑΝυΑιῑΠ
1179 262 1267 297 1558
1579 263 1643 299 481

63 352 344 409 beralitate,
367 354 520 399 multa
545 364 745 410 possent
768 355 971 411 adferri,
995 370 1108 411 qua,
1131 367 1232 401 tam
1258 357 1523 403 viennense
1547 374 1692 416 quam

60 443 310 485 pragense
334 430 597 487 collegium
631 429 664 485 ²¹,
692 431 1023 488 prosequitur.
1052 432 1323 478 Plurimum
1348 445 1519 479 nostra
1542 450 1690 492 nego-

61 504 138 550 cia
162 515 422 561 promouet
441 523 734 564 quacunque
759 509 803 553 in
830 524 882 553 re
902 517 1080 565 potest,
1102 507 1395 566 faciliusque
1415 526 1521 567 nos,
1544 527 1690 568 quam

61 582 184 627 alios
208 583 355 628 etiarn
380 599 593 641 magnae
618 585 938 630 authoritatis
963 585 1199 639 homines,
1227 587 1287 631 ad
1315 587 1560 643 priuatum
1596 589 1690 633 col-

61 659 276 717 loquium
322 661 551 707 admittit.
596 662 728 708 Ante
774 663 959 719 aliquot
998 662 1117 716 dies,
1145 663 1162 689 b
1199 663 1244 708 in
1283 665 1553 710 subsidium
1594 665 1688 711 fra-

59 746 190 782 trum
214 748 498 784 nostrorum
525 740 721 786 aliunde
741 741 1132 797 aduentantium,
1156 741 1252 786 vini
1274 752 1322 787 et
1341 742 1576 788 frumenti
1602 744 1689 788 ali-

59 815 186 872 quid
213 821 228 842 Ε
259 815 469 872 largitus
494 826 583 862 est.
612 816 907 863 Scholarum
928 827 1212 863 nostrarum
1235 818 1458 864 aedificio
1477 825 1574 876 pro
1591 835 1691 866 sua

59 905 189 948 erga
213 906 306 938 nos
329 894 600 938 elementia
624 894 841 940 florenos
874 894 961 940 300
994 894 1189 945 adiecit,
1212 905 1264 940 ut
1289 895 1431 941 citius
1457 911 1517 942 ac
1539 897 1688 942 maio-

60 968 99 1013 ri
125 979 550 1017 cum-ornamento
577 972 976 1017 absoluerentur.
1004 971 1108 1016 Nec
1133 987 1309 1028 parum
1329 973 1532 1030 insuper
1555 974 1688 1019 adiu-

62 1046 129 1092 uit
152 1047 245 1092 hoc
268 1058 492 1093 nostrum
518 1048 785 1094 viennense
811 1049 1092 1106 collegium:
1115 1065 1228 1094 nam
1254 1051 1497 1106 quaedam
1522 1052 1687 1109 magni

58 1125 291 1170 momenti
317 1141 403 1181 per
427 1125 699 1182 supplicem
721 1126 935 1172 libellum
959 1142 989 1171 a
1012 1141 1102 1171 sua
1122 1126 1384 1173 maiestate
1404 1128 1686 1183 petiuimus,

56 1201 229 1259 quibus
254 1203 481 1248 omnibus
506 1202 670 1258 facile,
693 1214 743 1248 ut
768 1204 909 1260 solet,
932 1215 978 1249 et
1003 1204 1275 1250 clementer
1300 1205 1487 1260 annuit,
1511 1216 1687 1251 totum-

55 1294 150 1335 que
169 1280 433 1337 negocium
454 1280 718 1337 diligenter
742 1281 1110 1327 commendauit
1135 1283 1334 1328 excelso
1358 1283 1595 1329 Austriae
1620 1284 1687 1329 in-

54 1356 252 1403 ferioris
286 1358 529 1415 regimini,
557 1368 609 1404 ut
643 1358 689 1403 id
723 1374 864 1404 suam
899 1375 1040 1416 opem
1075 1360 1214 1405 nobis
1250 1360 1422 1415 ferret,
1461 1362 1685 1407 uolunta-

54 1443 252 1491 temque
278 1435 472 1492 regiam
506 1446 855 1492 exequeretur;
884 1436 1025 1487 vnde,
1045 1452 1139 1482 non
1177 1453 1385 1494 paruam
1422 1439 1570 1484 etiam
1606 1455 1685 1484 ex-

53 1511 180 1568 perti
210 1527 378 1558 sumus
412 1513 665 1570 regiminis
699 1529 824 1570 erga
850 1529 938 1559 nos
963 1514 1376 1571 beneuolentiam,
1404 1530 1537 1573 quae
1561 1521 1608 1562 et
1631 1517 1683 1561 Ζί-

51 1590 175 1634 teris
198 1594 245 1634 et
267 1590 515 1636 mandato
549 1591 743 1649 effecit.
773 1595 827 1636 nt
846 1591 1180 1647 petitionibus
1214 1593 1405 1637 nostris
1423 1598 1523 1649 per
1551 1608 1680 1639 com-

54 1667 343 1724 mz'sscm'os,
380 1669 570 1726 stfiers
597 1673 789 1725 posset,
826 1669 1118 1726 satisfieret.
1158 1669 1333 1715 Halm
1367 1671 1444 1716 rei
1472 1672 1685 1728 plenam

53 1746 403 1791 executionem
439 1746 610 1792 adhuc
644 1751 997 1803 expectamus.
1025 1746 1216 1792 Eadem
1252 1748 1394 1805 regia
1429 1749 1681 1803 maiestas,

52 1823 276 1880 quamuis
300 1824 398 1869 iam
423 1823 534 1869 hinc
557 1824 620 1869 ad
644 1833 838 1881 tempus
858 1840 970 1870 cum
995 1834 1101 1871 tota
1125 1842 1215 1872 sua
1240 1826 1356 1871 aula
1381 1826 1682 1883 discesserit,

54 1901 206 1947 uoluit
239 1910 422 1956 tamen,
454 1911 689 1958 tanquam
724 1902 831 1958 pius
866 1912 1026 1959 pater,
1065 1902 1173 1949 filiis
1206 1904 1307 1949 suis
1341 1919 1449 1949 esse
1484 1920 1683 1962 prospe-

51 1987 199 2035 ctum,
224 1978 476 2035 literisque
501 1994 589 2024 nos
614 1988 884 2036 nostraque
904 1980 1114 2037 negocia
1135 1980 1384 2037 primariis
1404 1981 1545 2026 huius
1569 1982 1682 2027 ciui-

49 2055 170 2101 tatis
194 2055 489 2112 rectoribUS,
517 2055 707 2101 consuli
746 2065 796 2102 et
828 2056 1068 2103 Austriae
1102 2058 1406 2103 cancellario
1432 2074 1493 2104 ex
1517 2059 1683 2104 animo

50 2133 432 2186 commendauit,
455 2142 506 2178 ut
525 2133 632 2190 ipsi,
659 2134 698 2179 si
719 2134 915 2190 quando
936 2136 1212 2191 postularet
1232 2136 1520 2193 necessitas,
1542 2138 1683 2182 nobis

49 2211 504 2267 patrocinarentur,
542 2226 602 2257 ac
636 2227 753 2257 suas
793 2212 840 2257 in
879 2213 1103 2270 negociis
1143 2213 1325 2259 nostris
1364 2215 1682 2271 porrigerent

47 2303 222 2333 manus
256 2288 611 2334 auxiliatrices
640 2287 833 2334 Obtulit
866 2305 975 2335 sese
1010 2291 1150 2335 nobis
1183 2290 1431 2336 fautorem
1466 2292 1679 2349 singula-

48 2380 153 2411 rem
192 2366 377 2419 consul,
412 2366 735 2423 promisitque
776 2382 828 2412 se
866 2367 981 2412 nih'il
1023 2368 1337 2421 omissurum,
1377 2370 1505 2425 quod
1541 2370 1681 2415 nobis

46 2443 366 2488 commodare
384 2443 694 2489 iudicauerit:
721 2444 792 2489 sic
816 2444 933 2490 fecit
958 2456 1003 2490 et
1029 2446 1201 2490 consul
1222 2446 1319 2490 iam
1341 2461 1516 2491 recens
1541 2462 1679 2492 crea—

45 2529 138 2565 tus.
166 2518 386 2566 Similem
410 2536 462 2566 se
486 2520 705 2566 exhibuit
730 2521 870 2567 nobis
895 2521 1191 2579 magnificus
1217 2523 1455 2568 Austriae
1487 2525 1678 2569 cancel-

45 2598 199 2643 larius
227 2600 253 2655 ¹,
281 2597 460 2654 aliique
489 2598 641 2655 multi,
670 2598 749 2655 qui
776 2599 1083 2645 uoluntatem
1119 2609 1397 2657 promptam
1434 2601 1597 2646 multis
1633 2601 1678 2646 in

46 2675 194 2720 rebus
238 2690 364 2732 erga
407 2690 497 2720 nos
542 2676 813 2721 declarant.
863 2675 1224 2722 Serenissimae
1269 2678 1506 2724 Boemiae
1550 2679 1678 2736 regi-

90 2863 107 2884 a
152 2857 340 2903 collegia.
396 2856 458 2882 -b
496 2863 660 2904 praeter
678 2858 817 2895 solitos
836 2858 1016 2895 redditus
1037 2858 1142 2895 add.
1199 2865 1259 2886 ——C
1296 2871 1373 2895 non
1393 2871 1548 2906 parurn.

91 3019 100 3037 ¹
153 3015 386 3053 Bernardus
406 3015 670 3053 Gualtherus.
694 3015 756 3054 Cf.
780 3016 1141 3060 BRAUNSBERGER,
1168 3017 1217 3054 P.
1248 3016 1373 3055 Petri
1402 3018 1570 3056 Cam'sii
1595 3021 1677 3066 epia

43 3078 198 3121 stulae,
219 3076 268 3121 II,
289 3076 372 3113 305.

150 3158 635 3193 LiTTERAE‘Qquaimflsrnes.
659 3159 747 3187 ΤοΜ.
773 3159 808 3188 v.
1538 3161 1569 3189 31
