2051 3516
382 301 603 339 APPENDIX
629 303 865 339 L-PRAGA
896 304 936 340 17
961 305 1164 350 νΙΑΝυΑκΠ
1194 305 1240 349 (P)
1271 304 1360 340 1558
1568 303 1634 339 931

57 408 179 455 eret,
206 407 258 444 ut
291 397 335 442 in
361 406 500 443 tanto
534 412 737 443 munere
772 407 820 443 et
855 414 977 443 onus
1010 399 1184 456 feram,
1222 409 1270 444 et
1300 409 1350 444 ut
1372 415 1435 444 ex
1459 397 1684 455 imperfe-

57 475 272 521 ctionum
296 484 525 521 ueterum
550 490 773 521 mearum
799 476 1052 521 laberintis
1076 492 1326 533 egressus,
1364 477 1409 521 in
1444 491 1504 521 ea
1539 490 1684 520 uoca-

57 552 202 598 tionis
225 561 361 599 sorte
386 552 582 598 diuinae
606 553 932 609 respondeam
959 553 1213 599 uoluntati.

119 629 186 674 ll.
255 629 407 686 Atqui
446 645 534 687 per
568 644 730 674 meam
764 628 1016 686 ingratam
1057 630 1352 676 obliuionem
1392 645 1515 687 pene
1551 630 1684 674 laba-

57 707 218 753 censis
242 707 458 770 episcopi
483 708 514 762 ¹,
541 706 602 752 de
622 722 717 763 quo
737 707 869 752 nullo
889 707 1035 752 modo
1054 708 1211 753 taceri
1230 717 1406 764 potest,
1429 707 1687 753 exciderat

59 784 317 830 memoria.
340 783 454 840 Qua
473 783 820 840 propensione,
843 799 939 840 qua
959 785 1279 840 benignitate,
1302 800 1398 841 quo
1418 783 1686 829 humillimo

59 861 317 907 charitatis
352 860 541 906 affectu
567 862 724 906 bonus
758 876 927 915 senex,
957 862 1112 906 bonus
1136 870 1295 918 pater,
1322 862 1478 907 bonus
1502 861 1684 918 episco-

60 954 150 996 pus
183 949 418 995 tanquam
454 937 579 983 filios
613 953 701 983 nos
735 939 1067 995 amplexatur.
1105 938 1201 995 Qui
1236 939 1386 995 regiis
1420 938 1687 983 distractus

58 1015 483 1072 occupationibus,
510 1030 702 1060 summo
727 1030 870 1060 mane
895 1015 956 1060 ad
980 1025 1204 1060 nostrum
1227 1016 1463 1071 templum
1488 1015 1533 1060 in
1558 1024 1687 1060 tene-

59 1093 162 1139 bris
188 1093 336 1150 uenit,
359 1102 411 1138 ut
435 1092 730 1138 diaconatus
754 1092 975 1137 ordinem
1010 1092 1206 1137 cuidam
1239 1101 1461 1137 nostrum
1496 1092 1686 1137 confer-

61 1181 151 1228 ret;
178 1171 384 1228 singulis
409 1171 718 1217 orationibus
742 1181 791 1217 et
814 1171 1022 1228 publicis
1047 1170 1296 1216 exercitiis
1321 1169 1555 1215 interfuit.
1592 1168 1687 1214 To-

59 1258 163 1295 tum
186 1265 238 1295 se
261 1248 403 1294 nobis
427 1249 473 1294 in
497 1249 722 1294 omnibus
741 1247 908 1294 offert.

123 1326 189 1372 12.
256 1326 452 1372 Nouam
472 1342 666 1383 quoque
690 1340 898 1372 messem
925 1340 1085 1370 nouae
1110 1324 1256 1370 etatis
1280 1338 1448 1369 sumus
1467 1323 1687 1380 auspica-

59 1405 109 1450 ti.
138 1404 286 1450 Faxit
309 1404 621 1461 omnipotens
651 1403 892 1449 Dominus
927 1411 979 1448 ut
1014 1401 1227 1459 undique
1261 1400 1367 1459 ejus
1400 1416 1577 1447 nomen
1611 1401 1688 1446 be-

58 1482 333 1528 nedicatur.
360 1481 491 1527 Tres
515 1481 824 1527 comensales
848 1481 894 1526 in
919 1480 1184 1536 collegium
1219 1479 1513 1535 recepimus3
1550 1478 1690 1535 pueri

59 1575 230 1604 omnes
253 1559 474 1617 egregiis
497 1557 696 1604 familiis
720 1567 768 1604 et
797 1557 1083 1615 parentibus
1118 1556 1229 1601 orti.
1268 1555 1400 1601 Puer
1433 1555 1558 1600 alius
1592 1555 1690 1611 qui-

59 1638 169 1682 dam
193 1637 273 1693 qui
297 1636 462 1682 multis
485 1636 749 1693 praecibus
772 1635 1007 1681 hussitico
1031 1649 1239 1680 carcere
1263 1648 1350 1690 per
1375 1641 1572 1678 nostros
1597 1638 1614 1659 ³
1639 1633 1688 1677 li-

58 1715 335 1761 berandum
359 1715 572 1770 curauit,
600 1714 815 1772 quotidie
839 1713 892 1758 P.
922 1722 1171 1759 rectorem
1196 1711 1410 1757 solicitat
1434 1720 1488 1755 ut
1518 1710 1579 1755 ad
1605 1708 1692 1754 So-

60 1782 292 1838 cietatem
336 1793 652 1845 admittatur;
698 1791 879 1838 maturi
920 1790 1124 1848 ingenii,
1166 1791 1327 1835 bonae
1366 1787 1491 1845 spei,
1524 1787 1692 1843 magni

15 1875 18 1878 '
60 1870 292 1928 feruoriS‚
328 1879 534 1927 paratus
571 1879 621 1915 ut
654 1878 887 1926 parentes
922 1878 970 1914 et
1005 1867 1169 1913 onmia
1204 1868 1418 1922 deserat;
1446 1879 1536 1909 nec
1560 1864 1691 1909 aliud

60 1957 262 2004 praeter
285 1957 504 1994 aetatem
527 1948 712 1993 rectori
736 1948 938 1992 obstare
964 1945 1173 1992 uidetur.
1202 1942 1494 2001 Hujusmodi
1519 1941 1693 1987 messis

60 2025 260 2070 occasio
285 2041 380 2070 non
405 2026 565 2070 solum
588 2025 635 2069 in
658 2024 838 2082 pueris,
867 2023 930 2068 mi
954 2022 1014 2067 R.
1044 2022 1116 2079 P„
1143 2020 1228 2067 sed
1252 2032 1299 2066 et
1323 2021 1368 2065 in
1388 2029 1493 2065 tota
1512 2020 1607 2064 hac
1626 2019 1691 2064 la-

60 2103 251 2149 tissima
275 2112 324 2148 et
353 2102 676 2148 incultissima
708 2101 817 2147 Xri.
856 2101 1000 2146 uinea
1034 2099 1271 2156 paulatim
1304 2113 1356 2143 se
1389 2096 1529 2142 nobis
1562 2096 1692 2141 uide-

61 2192 139 2226 tur
158 2181 371 2237 aperire.
399 2180 586 2226 Multae
610 2179 906 2236 asperitates
926 2177 1141 2235 quotidie
1166 2176 1326 2233 magis
1344 2175 1690 2231 explanantur.

67 2258 309 2304 Veterum
334 2273 592 2304 rumorum
616 2257 818 2303 fabulae
848 2256 1203 2311 conticescunt3
1242 2252 1399 2309 magis
1436 2251 1693 2307 magisque

62 2335 264 2392 cognito
298 2336 431 2381 uitae
464 2335 702 2391 instituto,
739 2348 985 2387 sermone,
1028 2332 1161 2376 cultu
1196 2329 1435 2375 exteriori
1459 2338 1507 2374 et
1531 2327 1693 2373 multis

62 2413 242 2458 inditiis
264 2413 517 2458 hominum
541 2412 703 2457 studia
736 2411 780 2456 in
814 2426 903 2456 nos
928 2410 1173 2455 inclinant.
1210 2407 1312 2452 Nec
1347 2405 1545 2451 dubium
1581 2405 1693 2462 quin

63 2490 280 2536 maxima
303 2491 482 2536 demeti
506 2489 660 2546 possit
683 2489 878 2535 diuinae
903 2487 1094 2545 gloriae
1120 2501 1282 2541 seges,
1308 2484 1347 2530 si
1377 2483 1571 2540 quidam
1611 2484 1691 2528 bo-

63 2569 237 2614 hemici
261 2570 479 2615 cultores
503 2569 548 2613 in
573 2568 700 2613 hanc
723 2567 982 2613 mittantur
1006 2566 1216 2617 uineam,
1245 2562 1323 2619 qui
1349 2561 1692 2607 mediocritate

63 2647 320 2693 doctrinae
344 2646 572 2703 praediti,
598 2645 706 2691 Xri.
734 2645 980 2690 charitate
1005 2642 1274 2696 feruentes,
1302 2639 1467 2685 diuino
1493 2639 1694 2684 honoris

65 2740 257 2782 quoque
282 2724 386 2769 zelo
411 2723 665 2780 inflamati,
693 2722 926 2767 miseram
950 2722 1093 2773 hanc,
1122 2735 1184 2763 ex
1209 2733 1304 2774 qua
1328 2726 1400 2761 tot
1426 2716 1471 2760 in
1491 2715 1594 2760 dies
1619 2730 1693 2761 ra-

113 2935 130 2955 a
179 2940 251 2975 per
268 2932 425 2964 nostros
446 2938 517 2973 per
536 2931 693 2962 nostros
715 2937 795 2963 ms.

118 3123 126 3141 ¹
182 3120 245 3158 Cf.
269 3133 360 3166 pag.
382 3118 464 3161 526,
485 3119 567 3156 685.
