<?xml version="1.0" encoding="UTF-8"?>
<!DOCTYPE html PUBLIC "-//W3C//DTD XHTML 1.0 Transitional//EN"
    "http://www.w3.org/TR/xhtml1/DTD/xhtml1-transitional.dtd">
<html xmlns="http://www.w3.org/1999/xhtml" xml:lang="en" lang="en">
 <head>
  <title>
</title>
<meta http-equiv="Content-Type" content="text/html;charset=utf-8" />
  <meta name='ocr-system' content='tesseract 3.04.00' />
  <meta name='ocr-capabilities' content='ocr_page ocr_carea ocr_par ocr_line ocrx_word'/>
</head>
<body>
  <div class='ocr_page' id='page_1' title='image "./litteraequadrime17lain_0744.png"; bbox 0 0 2051 3516; ppageno 0'>
   <div class='ocr_carea' id='block_1_1' title="bbox 385 316 1445 362">
    <p class='ocr_par' dir='ltr' id='par_1_1' title="bbox 385 316 1445 362">
     <span class='ocr_line' id='line_1_1' title="bbox 385 316 1445 362; baseline -0.003 -7"><span class='ocrx_word' id='word_1_1' title='bbox 385 319 455 356; x_wconf 87' lang='lat'><strong>708</strong></span> <span class='ocrx_word' id='word_1_2' title='bbox 848 318 1065 355; x_wconf 78' lang='lat' dir='ltr'><strong>LITTERAE</strong></span> <span class='ocrx_word' id='word_1_3' title='bbox 1091 316 1445 362; x_wconf 79' lang='lat' dir='ltr'><strong>QUADRIMESTRES</strong></span> 
     </span>
    </p>
   </div>
   <div class='ocr_carea' id='block_1_2' title="bbox 343 409 1988 2853">
    <p class='ocr_par' dir='ltr' id='par_1_2' title="bbox 343 409 1959 854">
     <span class='ocr_line' id='line_1_2' title="bbox 343 409 1957 471; baseline -0.004 -11"><span class='ocrx_word' id='word_1_4' title='bbox 343 415 619 471; x_wconf 87' lang='lat' dir='ltr'><strong>exemplum</strong></span> <span class='ocrx_word' id='word_1_5' title='bbox 650 422 781 459; x_wconf 87' lang='lat' dir='ltr'><strong>totus</strong></span> <span class='ocrx_word' id='word_1_6' title='bbox 812 413 1120 470; x_wconf 81' lang='lat' dir='ltr'>componitur</span> <span class='ocrx_word' id='word_1_7' title='bbox 1155 412 1287 456; x_wconf 90' lang='lat' dir='ltr'><strong>orbis</strong></span> <span class='ocrx_word' id='word_1_8' title='bbox 1312 413 1343 456; x_wconf 86' lang='lat'><strong>¹.</strong></span> <span class='ocrx_word' id='word_1_9' title='bbox 1371 411 1558 468; x_wconf 88' lang='lat' dir='ltr'><strong>Magna</strong></span> <span class='ocrx_word' id='word_1_10' title='bbox 1587 410 1729 454; x_wconf 91' lang='lat' dir='ltr'><strong>huius</strong></span> <span class='ocrx_word' id='word_1_11' title='bbox 1762 409 1957 465; x_wconf 89' lang='lat' dir='ltr'><strong>collegii</strong></span> 
     </span>
     <span class='ocr_line' id='line_1_3' title="bbox 346 486 1957 544; baseline -0.005 -7"><span class='ocrx_word' id='word_1_12' title='bbox 346 492 521 537; x_wconf 81' lang='lat' dir='ltr'><strong>Patres</strong></span> <span class='ocrx_word' id='word_1_13' title='bbox 547 490 730 535; x_wconf 79' lang='lat' dir='ltr'><strong>faciunt</strong></span> <span class='ocrx_word' id='word_1_14' title='bbox 754 491 1028 535; x_wconf 88' lang='lat' dir='ltr'><strong>animarum</strong></span> <span class='ocrx_word' id='word_1_15' title='bbox 1054 503 1238 544; x_wconf 90' lang='lat' dir='ltr'><strong>operae</strong></span> <span class='ocrx_word' id='word_1_16' title='bbox 1263 488 1448 544; x_wconf 82' lang='lat' dir='ltr'><strong>precia,</strong></span> <span class='ocrx_word' id='word_1_17' title='bbox 1477 488 1586 532; x_wconf 90' lang='lat' dir='ltr'><strong>dum</strong></span> <span class='ocrx_word' id='word_1_18' title='bbox 1614 486 1754 543; x_wconf 90' lang='lat' dir='ltr'><strong>regni</strong></span> <span class='ocrx_word' id='word_1_19' title='bbox 1779 496 1826 530; x_wconf 92' lang='lat' dir='ltr'><strong>et</strong></span> <span class='ocrx_word' id='word_1_20' title='bbox 1849 500 1957 541; x_wconf 89' lang='lat' dir='ltr'><strong>pro-</strong></span> 
     </span>
     <span class='ocr_line' id='line_1_4' title="bbox 343 562 1959 623; baseline -0.005 -9"><span class='ocrx_word' id='word_1_21' title='bbox 343 568 617 614; x_wconf 87' lang='lat' dir='ltr'><strong>uinciarum</strong></span> <span class='ocrx_word' id='word_1_22' title='bbox 652 566 815 623; x_wconf 88' lang='lat' dir='ltr'><strong>capita</strong></span> <span class='ocrx_word' id='word_1_23' title='bbox 848 575 1041 622; x_wconf 82' lang='lat' dir='ltr'><strong>curant,</strong></span> <span class='ocrx_word' id='word_1_24' title='bbox 1069 575 1117 611; x_wconf 87' lang='lat' dir='ltr'><strong>et</strong></span> <span class='ocrx_word' id='word_1_25' title='bbox 1150 565 1211 611; x_wconf 90' lang='lat' dir='ltr'><strong>ad</strong></span> <span class='ocrx_word' id='word_1_26' title='bbox 1236 565 1396 609; x_wconf 89' lang='lat' dir='ltr'><strong>Deum</strong></span> <span class='ocrx_word' id='word_1_27' title='bbox 1420 563 1533 620; x_wconf 88' lang='lat' dir='ltr'><strong>Opt.</strong></span> <span class='ocrx_word' id='word_1_28' title='bbox 1558 562 1691 608; x_wconf 86' lang='lat' dir='ltr'><strong>Max.</strong></span> <span class='ocrx_word' id='word_1_29' title='bbox 1720 563 1959 607; x_wconf 77' lang='lat' dir='ltr'><strong>reducere</strong></span> 
     </span>
     <span class='ocr_line' id='line_1_5' title="bbox 344 639 1958 701; baseline -0.004 -12"><span class='ocrx_word' id='word_1_30' title='bbox 344 653 601 701; x_wconf 89' lang='lat' dir='ltr'><strong>conantur,</strong></span> <span class='ocrx_word' id='word_1_31' title='bbox 628 659 741 689; x_wconf 89' lang='lat' dir='ltr'><strong>nam</strong></span> <span class='ocrx_word' id='word_1_32' title='bbox 766 643 858 688; x_wconf 88' lang='lat' dir='ltr'><strong>hac</strong></span> <span class='ocrx_word' id='word_1_33' title='bbox 885 643 963 687; x_wconf 81' lang='lat' dir='ltr'><strong>via</strong></span> <span class='ocrx_word' id='word_1_34' title='bbox 988 643 1321 688; x_wconf 84' lang='lat' dir='ltr'><strong>subiectorum</strong></span> <span class='ocrx_word' id='word_1_35' title='bbox 1352 641 1485 686; x_wconf 90' lang='lat' dir='ltr'><strong>salus</strong></span> <span class='ocrx_word' id='word_1_36' title='bbox 1510 639 1832 696; x_wconf 75' lang='lat' dir='ltr'>proculdubio</span> <span class='ocrx_word' id='word_1_37' title='bbox 1856 654 1958 694; x_wconf 92' lang='lat' dir='ltr'><strong>spe-</strong></span> 
     </span>
     <span class='ocr_line' id='line_1_6' title="bbox 346 715 1958 778; baseline -0.004 -12"><span class='ocrx_word' id='word_1_38' title='bbox 346 731 500 778; x_wconf 88' lang='lat' dir='ltr'><strong>ratur,</strong></span> <span class='ocrx_word' id='word_1_39' title='bbox 528 720 607 777; x_wconf 90' lang='lat' dir='ltr'><strong>qui</strong></span> <span class='ocrx_word' id='word_1_40' title='bbox 647 736 830 776; x_wconf 86' lang='lat' dir='ltr'><strong>magna</strong></span> <span class='ocrx_word' id='word_1_41' title='bbox 870 736 931 765; x_wconf 85' lang='lat' dir='ltr'><strong>ex</strong></span> <span class='ocrx_word' id='word_1_42' title='bbox 970 729 1111 775; x_wconf 89' lang='lat' dir='ltr'><strong>parte</strong></span> <span class='ocrx_word' id='word_1_43' title='bbox 1146 719 1270 764; x_wconf 87' lang='lat' dir='ltr'><strong>tales</strong></span> <span class='ocrx_word' id='word_1_44' title='bbox 1304 719 1463 763; x_wconf 91' lang='lat' dir='ltr'><strong>solent</strong></span> <span class='ocrx_word' id='word_1_45' title='bbox 1502 731 1627 773; x_wconf 85' lang='lat' dir='ltr'><strong>esse,</strong></span> <span class='ocrx_word' id='word_1_46' title='bbox 1654 715 1810 772; x_wconf 89' lang='lat' dir='ltr'><strong>qualis</strong></span> <span class='ocrx_word' id='word_1_47' title='bbox 1834 715 1958 771; x_wconf 91' lang='lat' dir='ltr'><strong>prin-</strong></span> 
     </span>
     <span class='ocr_line' id='line_1_7' title="bbox 345 797 1052 854; baseline -0.003 -12"><span class='ocrx_word' id='word_1_48' title='bbox 345 812 477 854; x_wconf 87' lang='lat' dir='ltr'><strong>ceps,</strong></span> <span class='ocrx_word' id='word_1_49' title='bbox 504 797 643 842; x_wconf 91' lang='lat' dir='ltr'><strong>cuius</strong></span> <span class='ocrx_word' id='word_1_50' title='bbox 666 797 835 842; x_wconf 90' lang='lat' dir='ltr'><strong>ditioni</strong></span> <span class='ocrx_word' id='word_1_51' title='bbox 860 805 1052 852; x_wconf 86' lang='lat' dir='ltr'><strong>parent.</strong></span> 
     </span>
    </p>

    <p class='ocr_par' dir='ltr' id='par_1_3' title="bbox 344 871 1964 1546">
     <span class='ocr_line' id='line_1_8' title="bbox 407 871 1959 929; baseline -0.005 -10"><span class='ocrx_word' id='word_1_52' title='bbox 407 873 475 919; x_wconf 88' lang='lat'><strong>10.</strong></span> <span class='ocrx_word' id='word_1_53' title='bbox 542 873 807 918; x_wconf 86' lang='lat' dir='ltr'><strong>Praesules</strong></span> <span class='ocrx_word' id='word_1_54' title='bbox 831 872 996 929; x_wconf 86' lang='lat' dir='ltr'><strong>etiam,</strong></span> <span class='ocrx_word' id='word_1_55' title='bbox 1024 887 1231 928; x_wconf 91' lang='lat' dir='ltr'><strong>quorum</strong></span> <span class='ocrx_word' id='word_1_56' title='bbox 1266 871 1343 916; x_wconf 93' lang='lat' dir='ltr'><strong>hic</strong></span> <span class='ocrx_word' id='word_1_57' title='bbox 1377 885 1588 926; x_wconf 89' lang='lat' dir='ltr'><strong>magnus</strong></span> <span class='ocrx_word' id='word_1_58' title='bbox 1611 883 1846 914; x_wconf 91' lang='lat' dir='ltr'><strong>numerus</strong></span> <span class='ocrx_word' id='word_1_59' title='bbox 1869 877 1959 924; x_wconf 82' lang='lat' dir='ltr'><strong>est,</strong></span> 
     </span>
     <span class='ocr_line' id='line_1_9' title="bbox 345 945 1960 1003; baseline -0.004 -7"><span class='ocrx_word' id='word_1_60' title='bbox 345 950 547 996; x_wconf 89' lang='lat' dir='ltr'><strong>mirifice</strong></span> <span class='ocrx_word' id='word_1_61' title='bbox 580 950 814 996; x_wconf 88' lang='lat' dir='ltr'><strong>iuuantur</strong></span> <span class='ocrx_word' id='word_1_62' title='bbox 848 960 1132 994; x_wconf 88' lang='lat' dir='ltr'><strong>nostrorum</strong></span> <span class='ocrx_word' id='word_1_63' title='bbox 1169 947 1373 993; x_wconf 86' lang='lat' dir='ltr'><strong>Patrum</strong></span> <span class='ocrx_word' id='word_1_64' title='bbox 1408 946 1638 1003; x_wconf 83' lang='lat' dir='ltr'><strong>consiliis,</strong></span> <span class='ocrx_word' id='word_1_65' title='bbox 1671 955 1818 1002; x_wconf 84' lang='lat' dir='ltr'><strong>atque</strong></span> <span class='ocrx_word' id='word_1_66' title='bbox 1852 945 1960 990; x_wconf 84' lang='lat' dir='ltr'><strong>hinc</strong></span> 
     </span>
     <span class='ocr_line' id='line_1_10' title="bbox 344 1024 1960 1084; baseline -0.005 -11"><span class='ocrx_word' id='word_1_67' title='bbox 344 1043 439 1073; x_wconf 91' lang='lat' dir='ltr'><strong>non</strong></span> <span class='ocrx_word' id='word_1_68' title='bbox 464 1028 690 1084; x_wconf 90' lang='lat' dir='ltr'><strong>uulgaris</strong></span> <span class='ocrx_word' id='word_1_69' title='bbox 719 1027 911 1072; x_wconf 75' lang='lat' dir='ltr'><strong>fructus</strong></span> <span class='ocrx_word' id='word_1_70' title='bbox 945 1024 1205 1081; x_wconf 75' lang='lat' dir='ltr'><strong>accrescit,</strong></span> <span class='ocrx_word' id='word_1_71' title='bbox 1232 1040 1426 1080; x_wconf 83' lang='lat' dir='ltr'><strong>semper</strong></span> <span class='ocrx_word' id='word_1_72' title='bbox 1459 1024 1584 1069; x_wconf 90' lang='lat' dir='ltr'><strong>enim</strong></span> <span class='ocrx_word' id='word_1_73' title='bbox 1620 1039 1645 1068; x_wconf 91' lang='lat' dir='ltr'><strong>e</strong></span> <span class='ocrx_word' id='word_1_74' title='bbox 1680 1032 1960 1067; x_wconf 89' lang='lat' dir='ltr'><strong>nostrorum</strong></span> 
     </span>
     <span class='ocr_line' id='line_1_11' title="bbox 344 1098 1964 1160; baseline -0.005 -10"><span class='ocrx_word' id='word_1_75' title='bbox 344 1104 548 1150; x_wconf 88' lang='lat' dir='ltr'><strong>Patrum</strong></span> <span class='ocrx_word' id='word_1_76' title='bbox 573 1103 826 1160; x_wconf 81' lang='lat' dir='ltr'><strong>colloquiis</strong></span> <span class='ocrx_word' id='word_1_77' title='bbox 861 1103 1116 1149; x_wconf 88' lang='lat' dir='ltr'><strong>discedunt</strong></span> <span class='ocrx_word' id='word_1_78' title='bbox 1150 1101 1486 1158; x_wconf 84' lang='lat' dir='ltr'><strong>religiosiores</strong></span> <span class='ocrx_word' id='word_1_79' title='bbox 1512 1109 1559 1145; x_wconf 87' lang='lat' dir='ltr'><strong>et</strong></span> <span class='ocrx_word' id='word_1_80' title='bbox 1582 1100 1717 1145; x_wconf 88' lang='lat' dir='ltr'><strong>circa</strong></span> <span class='ocrx_word' id='word_1_81' title='bbox 1748 1098 1964 1155; x_wconf 88' lang='lat' dir='ltr'><strong>pastoris</strong></span> 
     </span>
     <span class='ocr_line' id='line_1_12' title="bbox 345 1175 1963 1238; baseline -0.005 -11"><span class='ocrx_word' id='word_1_82' title='bbox 345 1197 519 1227; x_wconf 90' lang='lat' dir='ltr'><strong>munus</strong></span> <span class='ocrx_word' id='word_1_83' title='bbox 554 1181 910 1238; x_wconf 76' lang='lat' dir='ltr'><strong>diligentiores,</strong></span> <span class='ocrx_word' id='word_1_84' title='bbox 938 1179 1065 1224; x_wconf 88' lang='lat' dir='ltr'><strong>vnde</strong></span> <span class='ocrx_word' id='word_1_85' title='bbox 1100 1178 1164 1223; x_wconf 93' lang='lat' dir='ltr'><strong>illi</strong></span> <span class='ocrx_word' id='word_1_86' title='bbox 1198 1178 1373 1223; x_wconf 91' lang='lat' dir='ltr'><strong>merito</strong></span> <span class='ocrx_word' id='word_1_87' title='bbox 1397 1188 1444 1222; x_wconf 90' lang='lat' dir='ltr'><strong>et</strong></span> <span class='ocrx_word' id='word_1_88' title='bbox 1467 1177 1597 1222; x_wconf 89' lang='lat' dir='ltr'><strong>uotis</strong></span> <span class='ocrx_word' id='word_1_89' title='bbox 1621 1186 1669 1222; x_wconf 91' lang='lat' dir='ltr'><strong>et</strong></span> <span class='ocrx_word' id='word_1_90' title='bbox 1698 1175 1963 1232; x_wconf 82' lang='lat' dir='ltr'><strong>praecibus</strong></span> 
     </span>
     <span class='ocr_line' id='line_1_13' title="bbox 346 1252 1963 1314; baseline -0.005 -10"><span class='ocrx_word' id='word_1_91' title='bbox 346 1258 648 1304; x_wconf 89' lang='lat' dir='ltr'><strong>contendunt</strong></span> <span class='ocrx_word' id='word_1_92' title='bbox 682 1258 872 1314; x_wconf 88' lang='lat' dir='ltr'><strong>aliquos</strong></span> <span class='ocrx_word' id='word_1_93' title='bbox 907 1272 933 1301; x_wconf 89' lang='lat' dir='ltr'><strong>e</strong></span> <span class='ocrx_word' id='word_1_94' title='bbox 968 1256 1149 1301; x_wconf 91' lang='lat' dir='ltr'><strong>nostris</strong></span> <span class='ocrx_word' id='word_1_95' title='bbox 1183 1255 1272 1300; x_wconf 85' lang='lat' dir='ltr'><strong>sibi</strong></span> <span class='ocrx_word' id='word_1_96' title='bbox 1308 1254 1430 1312; x_wconf 88' lang='lat' dir='ltr'><strong>dari,</strong></span> <span class='ocrx_word' id='word_1_97' title='bbox 1457 1254 1536 1310; x_wconf 93' lang='lat' dir='ltr'><strong>qui</strong></span> <span class='ocrx_word' id='word_1_98' title='bbox 1571 1269 1689 1299; x_wconf 90' lang='lat' dir='ltr'><strong>oues</strong></span> <span class='ocrx_word' id='word_1_99' title='bbox 1720 1252 1807 1298; x_wconf 93' lang='lat' dir='ltr'><strong>sibi</strong></span> <span class='ocrx_word' id='word_1_100' title='bbox 1833 1267 1963 1297; x_wconf 90' lang='lat' dir='ltr'><strong>com-</strong></span> 
     </span>
     <span class='ocr_line' id='line_1_14' title="bbox 347 1329 1964 1388; baseline -0.005 -8"><span class='ocrx_word' id='word_1_101' title='bbox 347 1335 521 1380; x_wconf 91' lang='lat' dir='ltr'><strong>missas</strong></span> <span class='ocrx_word' id='word_1_102' title='bbox 547 1335 589 1379; x_wconf 91' lang='lat' dir='ltr'><strong>in</strong></span> <span class='ocrx_word' id='word_1_103' title='bbox 614 1334 709 1380; x_wconf 89' lang='lat' dir='ltr'><strong>fide</strong></span> <span class='ocrx_word' id='word_1_104' title='bbox 733 1334 1002 1385; x_wconf 78' lang='lat' dir='ltr'><strong>instituant,</strong></span> <span class='ocrx_word' id='word_1_105' title='bbox 1026 1341 1073 1377; x_wconf 90' lang='lat' dir='ltr'><strong>et</strong></span> <span class='ocrx_word' id='word_1_106' title='bbox 1097 1342 1273 1377; x_wconf 88' lang='lat' dir='ltr'><strong>contra</strong></span> <span class='ocrx_word' id='word_1_107' title='bbox 1297 1331 1395 1388; x_wconf 90' lang='lat' dir='ltr'><strong>lupi</strong></span> <span class='ocrx_word' id='word_1_108' title='bbox 1419 1331 1545 1376; x_wconf 92' lang='lat' dir='ltr'><strong>illius</strong></span> <span class='ocrx_word' id='word_1_109' title='bbox 1568 1329 1873 1385; x_wconf 79' lang='lat' dir='ltr'><strong>rapacissimi</strong></span> <span class='ocrx_word' id='word_1_110' title='bbox 1898 1329 1964 1373; x_wconf 94' lang='lat' dir='ltr'><strong>la-</strong></span> 
     </span>
     <span class='ocr_line' id='line_1_15' title="bbox 347 1404 1964 1466; baseline -0.005 -9"><span class='ocrx_word' id='word_1_111' title='bbox 347 1421 505 1458; x_wconf 88' lang='lat' dir='ltr'><strong>tentes</strong></span> <span class='ocrx_word' id='word_1_112' title='bbox 538 1411 739 1456; x_wconf 88' lang='lat' dir='ltr'><strong>insidias</strong></span> <span class='ocrx_word' id='word_1_113' title='bbox 772 1411 1007 1466; x_wconf 88' lang='lat' dir='ltr'><strong>muniant,</strong></span> <span class='ocrx_word' id='word_1_114' title='bbox 1035 1418 1183 1465; x_wconf 90' lang='lat' dir='ltr'><strong>atque</strong></span> <span class='ocrx_word' id='word_1_115' title='bbox 1217 1424 1301 1454; x_wconf 93' lang='lat' dir='ltr'><strong>eos</strong></span> <span class='ocrx_word' id='word_1_116' title='bbox 1335 1408 1394 1452; x_wconf 91' lang='lat' dir='ltr'><strong>in&#39;</strong></span> <span class='ocrx_word' id='word_1_117' title='bbox 1416 1415 1843 1452; x_wconf 87' lang='lat' dir='ltr'><strong>sacramentorum</strong></span> <span class='ocrx_word' id='word_1_118' title='bbox 1875 1404 1964 1450; x_wconf 83' lang='lat' dir='ltr'><strong>Ec-</strong></span> 
     </span>
     <span class='ocr_line' id='line_1_16' title="bbox 351 1487 1326 1546; baseline -0.004 -11"><span class='ocrx_word' id='word_1_119' title='bbox 351 1490 533 1535; x_wconf 91' lang='lat' dir='ltr'><strong>clesiae</strong></span> <span class='ocrx_word' id='word_1_120' title='bbox 557 1489 754 1546; x_wconf 89' lang='lat' dir='ltr'><strong>pascuis</strong></span> <span class='ocrx_word' id='word_1_121' title='bbox 777 1488 1039 1534; x_wconf 89' lang='lat' dir='ltr'><strong>uberrimis</strong></span> <span class='ocrx_word' id='word_1_122' title='bbox 1064 1497 1270 1543; x_wconf 85' lang='lat' dir='ltr'><strong>pascant</strong></span> <span class='ocrx_word' id='word_1_123' title='bbox 1294 1487 1326 1531; x_wconf 70' lang='lat'><strong>2.</strong></span> 
     </span>
    </p>

    <p class='ocr_par' dir='ltr' id='par_1_4' title="bbox 348 1561 1988 2084">
     <span class='ocr_line' id='line_1_17' title="bbox 410 1561 1964 1622; baseline -0.005 -10"><span class='ocrx_word' id='word_1_124' title='bbox 410 1568 476 1612; x_wconf 92' lang='grc'><strong>11.</strong></span> <span class='ocrx_word' id='word_1_125' title='bbox 544 1565 758 1611; x_wconf 84' lang='lat' dir='ltr'><strong>Senatus</strong></span> <span class='ocrx_word' id='word_1_126' title='bbox 791 1565 915 1622; x_wconf 90' lang='lat' dir='ltr'><strong>regii</strong></span> <span class='ocrx_word' id='word_1_127' title='bbox 950 1580 1170 1621; x_wconf 77' lang='lat' dir='ltr'><strong>praeses,</strong></span> <span class='ocrx_word' id='word_1_128' title='bbox 1207 1563 1416 1608; x_wconf 89' lang='lat' dir='ltr'><strong>Ioannes</strong></span> <span class='ocrx_word' id='word_1_129' title='bbox 1451 1562 1509 1607; x_wconf 91' lang='lat' dir='ltr'><strong>de</strong></span> <span class='ocrx_word' id='word_1_130' title='bbox 1544 1561 1711 1617; x_wconf 84' lang='lat' dir='ltr'><strong>Vega,</strong></span> <span class='ocrx_word' id='word_1_131' title='bbox 1738 1575 1964 1616; x_wconf 90' lang='lat' dir='ltr'><strong>perseue-</strong></span> 
     </span>
     <span class='ocr_line' id='line_1_18' title="bbox 350 1635 1988 1697; baseline -0.006 -8"><span class='ocrx_word' id='word_1_132' title='bbox 350 1654 425 1689; x_wconf 85' lang='lat' dir='ltr'><strong>rat</strong></span> <span class='ocrx_word' id='word_1_133' title='bbox 449 1643 495 1688; x_wconf 93' lang='lat' dir='ltr'><strong>in</strong></span> <span class='ocrx_word' id='word_1_134' title='bbox 520 1658 579 1688; x_wconf 87' lang='lat' dir='ltr'><strong>ea</strong></span> <span class='ocrx_word' id='word_1_135' title='bbox 610 1643 756 1688; x_wconf 90' lang='lat' dir='ltr'><strong>animi</strong></span> <span class='ocrx_word' id='word_1_136' title='bbox 791 1641 1151 1697; x_wconf 82' lang='lat' dir='ltr'><strong>beneuolentia,</strong></span> <span class='ocrx_word' id='word_1_137' title='bbox 1179 1655 1326 1697; x_wconf 89' lang='lat' dir='ltr'><strong>quam</strong></span> <span class='ocrx_word' id='word_1_138' title='bbox 1360 1654 1486 1695; x_wconf 89' lang='lat' dir='ltr'><strong>erga</strong></span> <span class='ocrx_word' id='word_1_139' title='bbox 1520 1636 1820 1683; x_wconf 83' lang='lat' dir='ltr'><strong>Societatem</strong></span> <span class='ocrx_word' id='word_1_140' title='bbox 1855 1635 1988 1680; x_wconf 64' lang='lat' dir='ltr'><strong>con-⁴</strong></span> 
     </span>
     <span class='ocr_line' id='line_1_19' title="bbox 348 1712 1963 1776; baseline -0.006 -11"><span class='ocrx_word' id='word_1_141' title='bbox 348 1719 522 1776; x_wconf 88' lang='lat' dir='ltr'><strong>sueuit,</strong></span> <span class='ocrx_word' id='word_1_142' title='bbox 550 1719 679 1776; x_wconf 90' lang='lat' dir='ltr'><strong>apud</strong></span> <span class='ocrx_word' id='word_1_143' title='bbox 704 1734 843 1775; x_wconf 89' lang='lat' dir='ltr'><strong>quem</strong></span> <span class='ocrx_word' id='word_1_144' title='bbox 879 1718 1112 1774; x_wconf 80' lang='lat' dir='ltr'><strong>frequens</strong></span> <span class='ocrx_word' id='word_1_145' title='bbox 1148 1726 1221 1772; x_wconf 86' lang='lat' dir='ltr'><strong>est</strong></span> <span class='ocrx_word' id='word_1_146' title='bbox 1255 1716 1453 1773; x_wconf 89' lang='lat' dir='ltr'><strong>quidam</strong></span> <span class='ocrx_word' id='word_1_147' title='bbox 1486 1731 1548 1760; x_wconf 81' lang='lat' dir='ltr'><strong>ex</strong></span> <span class='ocrx_word' id='word_1_148' title='bbox 1581 1714 1762 1759; x_wconf 87' lang='lat' dir='ltr'><strong>nostris</strong></span> <span class='ocrx_word' id='word_1_149' title='bbox 1797 1712 1963 1766; x_wconf 84' lang='lat' dir='ltr'><strong>Pater,</strong></span> 
     </span>
     <span class='ocr_line' id='line_1_20' title="bbox 349 1788 1967 1853; baseline -0.006 -11"><span class='ocrx_word' id='word_1_150' title='bbox 349 1798 427 1853; x_wconf 89' lang='lat' dir='ltr'><strong>qui</strong></span> <span class='ocrx_word' id='word_1_151' title='bbox 453 1806 527 1842; x_wconf 89' lang='lat' dir='ltr'><strong>est</strong></span> <span class='ocrx_word' id='word_1_152' title='bbox 550 1796 615 1841; x_wconf 90' lang='lat' dir='ltr'><strong>illi</strong></span> <span class='ocrx_word' id='word_1_153' title='bbox 639 1811 667 1841; x_wconf 90' lang='lat' dir='ltr'><strong>a</strong></span> <span class='ocrx_word' id='word_1_154' title='bbox 687 1796 843 1841; x_wconf 90' lang='lat' dir='ltr'><strong>sacris</strong></span> <span class='ocrx_word' id='word_1_155' title='bbox 868 1794 1260 1840; x_wconf 75' lang='lat' dir='ltr'><strong>confessionibus</strong></span> <span class='ocrx_word' id='word_1_156' title='bbox 1284 1794 1316 1850; x_wconf 74' lang='lat'><strong>³,</strong></span> <span class='ocrx_word' id='word_1_157' title='bbox 1343 1793 1482 1838; x_wconf 91' lang='lat' dir='ltr'><strong>cuius</strong></span> <span class='ocrx_word' id='word_1_158' title='bbox 1511 1806 1666 1848; x_wconf 89' lang='lat' dir='ltr'><strong>opera</strong></span> <span class='ocrx_word' id='word_1_159' title='bbox 1691 1799 1739 1835; x_wconf 86' lang='lat' dir='ltr'><strong>et</strong></span> <span class='ocrx_word' id='word_1_160' title='bbox 1763 1788 1967 1835; x_wconf 90' lang='lat' dir='ltr'><strong>consilio</strong></span> 
     </span>
     <span class='ocr_line' id='line_1_21' title="bbox 350 1866 1968 1930; baseline -0.006 -11"><span class='ocrx_word' id='word_1_161' title='bbox 350 1874 394 1919; x_wconf 92' lang='lat' dir='ltr'><strong>in</strong></span> <span class='ocrx_word' id='word_1_162' title='bbox 418 1873 727 1930; x_wconf 88' lang='lat' dir='ltr'><strong>grauissimis</strong></span> <span class='ocrx_word' id='word_1_163' title='bbox 752 1872 1021 1928; x_wconf 86' lang='lat' dir='ltr'><strong>quibusque</strong></span> <span class='ocrx_word' id='word_1_164' title='bbox 1056 1871 1197 1927; x_wconf 85' lang='lat' dir='ltr'><strong>regni</strong></span> <span class='ocrx_word' id='word_1_165' title='bbox 1231 1869 1451 1927; x_wconf 82' lang='lat' dir='ltr'><strong>negociis</strong></span> <span class='ocrx_word' id='word_1_166' title='bbox 1475 1869 1643 1914; x_wconf 85' lang='lat' dir='ltr'><strong>utitur:</strong></span> <span class='ocrx_word' id='word_1_167' title='bbox 1670 1867 1798 1912; x_wconf 88' lang='lat' dir='ltr'><strong>hunc</strong></span> <span class='ocrx_word' id='word_1_168' title='bbox 1821 1866 1968 1910; x_wconf 86' lang='lat' dir='ltr'><strong>habet</strong></span> 
     </span>
     <span class='ocr_line' id='line_1_22' title="bbox 351 1945 1968 2007; baseline -0.006 -11"><span class='ocrx_word' id='word_1_169' title='bbox 351 1950 643 2007; x_wconf 89' lang='lat' dir='ltr'><strong>magistrum</strong></span> <span class='ocrx_word' id='word_1_170' title='bbox 680 1959 728 1995; x_wconf 93' lang='lat' dir='ltr'><strong>et</strong></span> <span class='ocrx_word' id='word_1_171' title='bbox 761 1950 1016 1994; x_wconf 83' lang='lat' dir='ltr'><strong>ductorem</strong></span> <span class='ocrx_word' id='word_1_172' title='bbox 1053 1949 1097 1993; x_wconf 88' lang='lat' dir='ltr'><strong>in</strong></span> <span class='ocrx_word' id='word_1_173' title='bbox 1133 1948 1222 2004; x_wconf 89' lang='lat' dir='ltr'><strong>his,</strong></span> <span class='ocrx_word' id='word_1_174' title='bbox 1250 1962 1376 2004; x_wconf 87' lang='lat' dir='ltr'><strong>quae</strong></span> <span class='ocrx_word' id='word_1_175' title='bbox 1406 1946 1467 1992; x_wconf 93' lang='lat' dir='ltr'><strong>ad</strong></span> <span class='ocrx_word' id='word_1_176' title='bbox 1499 1945 1711 1991; x_wconf 91' lang='lat' dir='ltr'><strong>diuinum</strong></span> <span class='ocrx_word' id='word_1_177' title='bbox 1744 1951 1968 2000; x_wconf 87' lang='lat' dir='ltr'><strong>spectant</strong></span> 
     </span>
     <span class='ocr_line' id='line_1_23' title="bbox 350 2028 654 2084; baseline -0.003 -11"><span class='ocrx_word' id='word_1_178' title='bbox 350 2028 654 2084; x_wconf 91' lang='lat' dir='ltr'><strong>obsequium.</strong></span> 
     </span>
    </p>

    <p class='ocr_par' dir='ltr' id='par_1_5' title="bbox 351 2095 1972 2853">
     <span class='ocr_line' id='line_1_24' title="bbox 412 2095 1968 2158; baseline -0.006 -8"><span class='ocrx_word' id='word_1_179' title='bbox 412 2105 477 2150; x_wconf 79' lang='lat'><strong>12.</strong></span> <span class='ocrx_word' id='word_1_180' title='bbox 545 2103 790 2149; x_wconf 81' lang='lat' dir='ltr'><strong>Pontificis</strong></span> <span class='ocrx_word' id='word_1_181' title='bbox 825 2095 1026 2148; x_wconf 83' lang='lat' dir='ltr'><strong>maximi</strong></span> <span class='ocrx_word' id='word_1_182' title='bbox 1060 2103 1256 2158; x_wconf 87' lang='lat' dir='ltr'><strong>legatus</strong></span> <span class='ocrx_word' id='word_1_183' title='bbox 1278 2102 1295 2125; x_wconf 60' lang='lat'>4</span> <span class='ocrx_word' id='word_1_184' title='bbox 1319 2101 1444 2146; x_wconf 88' lang='lat' dir='ltr'><strong>adeo</strong></span> <span class='ocrx_word' id='word_1_185' title='bbox 1469 2108 1543 2145; x_wconf 87' lang='lat' dir='ltr'><strong>est</strong></span> <span class='ocrx_word' id='word_1_186' title='bbox 1566 2100 1690 2144; x_wconf 91' lang='lat' dir='ltr'><strong>bene</strong></span> <span class='ocrx_word' id='word_1_187' title='bbox 1725 2112 1848 2153; x_wconf 88' lang='lat' dir='ltr'><strong>erga</strong></span> <span class='ocrx_word' id='word_1_188' title='bbox 1882 2095 1968 2141; x_wconf 84' lang='lat' dir='ltr'><strong>So-</strong></span> 
     </span>
     <span class='ocr_line' id='line_1_25' title="bbox 351 2173 1969 2238; baseline -0.007 -10"><span class='ocrx_word' id='word_1_189' title='bbox 351 2184 579 2228; x_wconf 86' lang='lat' dir='ltr'><strong>cietatem</strong></span> <span class='ocrx_word' id='word_1_190' title='bbox 604 2181 832 2238; x_wconf 76' lang='lat' dir='ltr'><strong>affectus,</strong></span> <span class='ocrx_word' id='word_1_191' title='bbox 860 2190 910 2226; x_wconf 92' lang='lat' dir='ltr'><strong>ut</strong></span> <span class='ocrx_word' id='word_1_192' title='bbox 934 2180 1038 2225; x_wconf 88' lang='lat' dir='ltr'><strong>eius</strong></span> <span class='ocrx_word' id='word_1_193' title='bbox 1062 2188 1230 2236; x_wconf 88' lang='lat' dir='ltr'><strong>partes</strong></span> <span class='ocrx_word' id='word_1_194' title='bbox 1254 2187 1453 2223; x_wconf 88' lang='lat' dir='ltr'><strong>strenue</strong></span> <span class='ocrx_word' id='word_1_195' title='bbox 1477 2177 1656 2232; x_wconf 88' lang='lat' dir='ltr'><strong>ubique</strong></span> <span class='ocrx_word' id='word_1_196' title='bbox 1687 2182 1862 2220; x_wconf 85' lang='lat' dir='ltr'><strong>contra</strong></span> <span class='ocrx_word' id='word_1_197' title='bbox 1887 2173 1969 2217; x_wconf 90' lang='lat' dir='ltr'><strong>ob-</strong></span> 
     </span>
     <span class='ocr_line' id='line_1_26' title="bbox 352 2253 1968 2315; baseline -0.007 -10"><span class='ocrx_word' id='word_1_198' title='bbox 352 2268 649 2305; x_wconf 88' lang='lat' dir='ltr'><strong>trectatores</strong></span> <span class='ocrx_word' id='word_1_199' title='bbox 674 2270 809 2315; x_wconf 82' lang='lat' dir='ltr'><strong>agat,</strong></span> <span class='ocrx_word' id='word_1_200' title='bbox 837 2273 986 2314; x_wconf 89' lang='lat' dir='ltr'><strong>seque</strong></span> <span class='ocrx_word' id='word_1_201' title='bbox 1011 2257 1310 2302; x_wconf 88' lang='lat' dir='ltr'><strong>acerrimum</strong></span> <span class='ocrx_word' id='word_1_202' title='bbox 1343 2253 1610 2300; x_wconf 85' lang='lat' dir='ltr'><strong>Societatis</strong></span> <span class='ocrx_word' id='word_1_203' title='bbox 1636 2259 1968 2309; x_wconf 88' lang='lat' dir='ltr'><strong>propugnato-</strong></span> 
     </span>
     <span class='ocr_line' id='line_1_27' title="bbox 354 2326 1970 2391; baseline -0.007 -10"><span class='ocrx_word' id='word_1_204' title='bbox 354 2352 455 2381; x_wconf 90' lang='lat' dir='ltr'><strong>rem</strong></span> <span class='ocrx_word' id='word_1_205' title='bbox 480 2336 693 2381; x_wconf 83' lang='lat' dir='ltr'><strong>exibeat.</strong></span> <span class='ocrx_word' id='word_1_206' title='bbox 720 2334 767 2380; x_wconf 88' lang='lat' dir='ltr'><strong>Is</strong></span> <span class='ocrx_word' id='word_1_207' title='bbox 796 2349 885 2391; x_wconf 90' lang='lat' dir='ltr'><strong>pro</strong></span> <span class='ocrx_word' id='word_1_208' title='bbox 910 2333 1057 2379; x_wconf 90' lang='lat' dir='ltr'><strong>animi</strong></span> <span class='ocrx_word' id='word_1_209' title='bbox 1082 2333 1153 2378; x_wconf 88' lang='lat' dir='ltr'><strong>sui</strong></span> <span class='ocrx_word' id='word_1_210' title='bbox 1178 2332 1396 2378; x_wconf 88' lang='lat' dir='ltr'><strong>candore</strong></span> <span class='ocrx_word' id='word_1_211' title='bbox 1430 2331 1477 2376; x_wconf 92' lang='lat' dir='ltr'><strong>in</strong></span> <span class='ocrx_word' id='word_1_212' title='bbox 1512 2328 1817 2386; x_wconf 85' lang='lat' dir='ltr'><strong>apostolicae</strong></span> <span class='ocrx_word' id='word_1_213' title='bbox 1841 2326 1970 2371; x_wconf 89' lang='lat' dir='ltr'><strong>sedis</strong></span> 
     </span>
     <span class='ocr_line' id='line_1_28' title="bbox 352 2403 1971 2470; baseline -0.006 -13"><span class='ocrx_word' id='word_1_214' title='bbox 352 2413 637 2470; x_wconf 89' lang='lat' dir='ltr'><strong>obsequium</strong></span> <span class='ocrx_word' id='word_1_215' title='bbox 678 2412 868 2457; x_wconf 89' lang='lat' dir='ltr'><strong>cunctis</strong></span> <span class='ocrx_word' id='word_1_216' title='bbox 902 2410 1010 2456; x_wconf 90' lang='lat' dir='ltr'><strong>aliis</strong></span> <span class='ocrx_word' id='word_1_217' title='bbox 1043 2409 1364 2466; x_wconf 90' lang='lat' dir='ltr'><strong>religionibus</strong></span> <span class='ocrx_word' id='word_1_218' title='bbox 1407 2406 1711 2453; x_wconf 85' lang='lat' dir='ltr'><strong>Societatem</strong></span> <span class='ocrx_word' id='word_1_219' title='bbox 1754 2403 1971 2460; x_wconf 90' lang='lat' dir='ltr'><strong>palmam</strong></span> 
     </span>
     <span class='ocr_line' id='line_1_29' title="bbox 355 2480 1970 2546; baseline -0.007 -11"><span class='ocrx_word' id='word_1_220' title='bbox 355 2490 486 2535; x_wconf 70' lang='lat' dir='ltr'><strong>ferre</strong></span> <span class='ocrx_word' id='word_1_221' title='bbox 520 2489 758 2546; x_wconf 89' lang='lat' dir='ltr'><strong>predicat,</strong></span> <span class='ocrx_word' id='word_1_222' title='bbox 802 2504 890 2533; x_wconf 90' lang='lat' dir='ltr'><strong>nec</strong></span> <span class='ocrx_word' id='word_1_223' title='bbox 925 2488 1072 2533; x_wconf 89' lang='lat' dir='ltr'><strong>ullam</strong></span> <span class='ocrx_word' id='word_1_224' title='bbox 1106 2502 1214 2532; x_wconf 92' lang='lat' dir='ltr'><strong>esse</strong></span> <span class='ocrx_word' id='word_1_225' title='bbox 1250 2485 1555 2541; x_wconf 84' lang='lat' dir='ltr'><strong>religionem,</strong></span> <span class='ocrx_word' id='word_1_226' title='bbox 1593 2497 1719 2539; x_wconf 91' lang='lat' dir='ltr'><strong>quae</strong></span> <span class='ocrx_word' id='word_1_227' title='bbox 1742 2490 1814 2526; x_wconf 86' lang='lat' dir='ltr'><strong>tot</strong></span> <span class='ocrx_word' id='word_1_228' title='bbox 1837 2480 1970 2525; x_wconf 86' lang='lat' dir='ltr'><strong>labo—</strong></span> 
     </span>
     <span class='ocr_line' id='line_1_30' title="bbox 355 2556 1971 2621; baseline -0.006 -11"><span class='ocrx_word' id='word_1_229' title='bbox 355 2582 434 2612; x_wconf 91' lang='lat' dir='ltr'><strong>res</strong></span> <span class='ocrx_word' id='word_1_230' title='bbox 458 2566 703 2621; x_wconf 86' lang='lat' dir='ltr'><strong>exauriat,</strong></span> <span class='ocrx_word' id='word_1_231' title='bbox 730 2575 802 2611; x_wconf 90' lang='lat' dir='ltr'><strong>tot</strong></span> <span class='ocrx_word' id='word_1_232' title='bbox 827 2565 1004 2621; x_wconf 86' lang='lat' dir='ltr'><strong>vigiliis</strong></span> <span class='ocrx_word' id='word_1_233' title='bbox 1037 2558 1266 2619; x_wconf 88' lang='lat' dir='ltr'><strong>curisque</strong></span> <span class='ocrx_word' id='word_1_234' title='bbox 1300 2578 1352 2607; x_wconf 95' lang='lat' dir='ltr'><strong>se</strong></span> <span class='ocrx_word' id='word_1_235' title='bbox 1376 2560 1608 2606; x_wconf 90' lang='lat' dir='ltr'><strong>conficiat</strong></span> <span class='ocrx_word' id='word_1_236' title='bbox 1631 2559 1678 2603; x_wconf 90' lang='lat' dir='ltr'><strong>in</strong></span> <span class='ocrx_word' id='word_1_237' title='bbox 1702 2559 1834 2603; x_wconf 90' lang='lat' dir='ltr'><strong>cultu</strong></span> <span class='ocrx_word' id='word_1_238' title='bbox 1858 2556 1971 2601; x_wconf 86' lang='lat' dir='ltr'><strong>diui-</strong></span> 
     </span>
     <span class='ocr_line' id='line_1_31' title="bbox 355 2632 1971 2698; baseline -0.007 -10"><span class='ocrx_word' id='word_1_239' title='bbox 355 2660 415 2688; x_wconf 93' lang='lat' dir='ltr'><strong>no</strong></span> <span class='ocrx_word' id='word_1_240' title='bbox 441 2655 486 2688; x_wconf 87' lang='lat' dir='ltr'><strong>et</strong></span> <span class='ocrx_word' id='word_1_241' title='bbox 511 2643 604 2687; x_wconf 87' lang='lat' dir='ltr'><strong>fide</strong></span> <span class='ocrx_word' id='word_1_242' title='bbox 628 2642 874 2688; x_wconf 88' lang='lat' dir='ltr'><strong>catholica</strong></span> <span class='ocrx_word' id='word_1_243' title='bbox 899 2639 1253 2698; x_wconf 88' lang='lat' dir='ltr'><strong>promouenda,</strong></span> <span class='ocrx_word' id='word_1_244' title='bbox 1281 2654 1408 2694; x_wconf 92' lang='lat' dir='ltr'><strong>quae</strong></span> <span class='ocrx_word' id='word_1_245' title='bbox 1442 2637 1650 2693; x_wconf 90' lang='lat' dir='ltr'><strong>denique</strong></span> <span class='ocrx_word' id='word_1_246' title='bbox 1684 2633 1871 2679; x_wconf 88' lang='lat' dir='ltr'><strong>fidelius</strong></span> <span class='ocrx_word' id='word_1_247' title='bbox 1907 2632 1971 2677; x_wconf 92' lang='lat' dir='ltr'><strong>ui-</strong></span> 
     </span>
     <span class='ocr_line' id='line_1_32' title="bbox 354 2709 1971 2774; baseline -0.007 -9"><span class='ocrx_word' id='word_1_248' title='bbox 354 2736 496 2765; x_wconf 89' lang='lat' dir='ltr'><strong>neam</strong></span> <span class='ocrx_word' id='word_1_249' title='bbox 521 2720 718 2765; x_wconf 88' lang='lat' dir='ltr'><strong>Domini</strong></span> <span class='ocrx_word' id='word_1_250' title='bbox 737 2727 989 2774; x_wconf 78' lang='lat' dir='ltr'><strong>exerceat,</strong></span> <span class='ocrx_word' id='word_1_251' title='bbox 1011 2725 1285 2773; x_wconf 74' lang='lat' dir='ltr'><strong>asseuerat3</strong></span> <span class='ocrx_word' id='word_1_252' title='bbox 1308 2715 1446 2760; x_wconf 91' lang='lat' dir='ltr'><strong>cuius</strong></span> <span class='ocrx_word' id='word_1_253' title='bbox 1465 2713 1740 2759; x_wconf 86' lang='lat' dir='ltr'><strong>institutum</strong></span> <span class='ocrx_word' id='word_1_254' title='bbox 1761 2709 1971 2755; x_wconf 78' lang='lat' dir='ltr'><strong>libentis-</strong></span> 
     </span>
     <span class='ocr_line' id='line_1_33' title="bbox 355 2786 1972 2853; baseline -0.007 -10"><span class='ocrx_word' id='word_1_255' title='bbox 355 2798 477 2842; x_wconf 81' lang='lat' dir='ltr'><strong>simo</strong></span> <span class='ocrx_word' id='word_1_256' title='bbox 501 2797 664 2842; x_wconf 89' lang='lat' dir='ltr'><strong>animo</strong></span> <span class='ocrx_word' id='word_1_257' title='bbox 687 2812 741 2842; x_wconf 89' lang='lat' dir='ltr'><strong>se</strong></span> <span class='ocrx_word' id='word_1_258' title='bbox 764 2796 1105 2853; x_wconf 78' lang='lat' dir='ltr'><strong>professurum</strong></span> <span class='ocrx_word' id='word_1_259' title='bbox 1129 2792 1363 2848; x_wconf 81' lang='lat' dir='ltr'><strong>affirmat,</strong></span> <span class='ocrx_word' id='word_1_260' title='bbox 1386 2791 1532 2836; x_wconf 89' lang='lat' dir='ltr'><strong>modo</strong></span> <span class='ocrx_word' id='word_1_261' title='bbox 1551 2789 1641 2834; x_wconf 91' lang='lat' dir='ltr'><strong>sibi</strong></span> <span class='ocrx_word' id='word_1_262' title='bbox 1666 2788 1728 2833; x_wconf 89' lang='lat' dir='ltr'><strong>ad</strong></span> <span class='ocrx_word' id='word_1_263' title='bbox 1753 2786 1972 2832; x_wconf 84' lang='lat' dir='ltr'><strong>Societa-</strong></span> 
     </span>
    </p>
   </div>
   <div class='ocr_carea' id='block_1_3' title="bbox 360 2895 635 2900">
    <p class='ocr_par' dir='ltr' id='par_1_6' title="bbox 360 2895 635 2900">
     <span class='ocr_line' id='line_1_34' title="bbox 360 2895 635 2900; baseline 0 0"><span class='ocrx_word' id='word_1_264' title='bbox 360 2895 635 2900; x_wconf 95' lang='lat' dir='ltr'><strong> </strong></span> 
     </span>
    </p>
   </div>
   <div class='ocr_carea' id='block_1_4' title="bbox 401 2934 1429 3159">
    <p class='ocr_par' dir='ltr' id='par_1_7' title="bbox 402 2934 1348 2977">
     <span class='ocr_line' id='line_1_35' title="bbox 402 2934 1348 2977; baseline -0.008 1"><span class='ocrx_word' id='word_1_265' title='bbox 402 2943 411 2961; x_wconf 86' lang='lat'>¹</span> <span class='ocrx_word' id='word_1_266' title='bbox 465 2940 528 2977; x_wconf 75' lang='lat' dir='ltr'><strong>Cf.</strong></span> <span class='ocrx_word' id='word_1_267' title='bbox 552 2940 789 2977; x_wconf 76' lang='lat' dir='ltr'><strong>CLAUDIAN.</strong></span> <span class='ocrx_word' id='word_1_268' title='bbox 810 2938 872 2975; x_wconf 85' lang='lat' dir='ltr'><strong>IV</strong></span> <span class='ocrx_word' id='word_1_269' title='bbox 891 2937 1042 2974; x_wconf 86' lang='lat' dir='ltr'><strong>consul.</strong></span> <span class='ocrx_word' id='word_1_270' title='bbox 1064 2935 1247 2977; x_wconf 89' lang='lat' dir='ltr'><strong>Honorii,</strong></span> <span class='ocrx_word' id='word_1_271' title='bbox 1267 2934 1348 2970; x_wconf 81' lang='lat'>298.</span> 
     </span>
    </p>

    <p class='ocr_par' dir='ltr' id='par_1_8' title="bbox 401 2993 1267 3042">
     <span class='ocr_line' id='line_1_36' title="bbox 401 2993 1267 3042; baseline -0.009 -5"><span class='ocrx_word' id='word_1_272' title='bbox 401 3001 414 3019; x_wconf 79' lang='lat'>²</span> <span class='ocrx_word' id='word_1_273' title='bbox 466 2999 529 3037; x_wconf 81' lang='lat' dir='ltr'><strong>Cf.</strong></span> <span class='ocrx_word' id='word_1_274' title='bbox 553 3000 593 3036; x_wconf 80' lang='lat' dir='ltr'><strong>S.</strong></span> <span class='ocrx_word' id='word_1_275' title='bbox 616 2999 879 3036; x_wconf 71' lang='lat' dir='ltr'><strong>Franciscns</strong></span> <span class='ocrx_word' id='word_1_276' title='bbox 899 2997 1075 3042; x_wconf 75' lang='lat' dir='ltr'><strong>Borgz&#39;cz,</strong></span> <span class='ocrx_word' id='word_1_277' title='bbox 1096 2994 1165 3040; x_wconf 83' lang='lat' dir='ltr'><strong>III,</strong></span> <span class='ocrx_word' id='word_1_278' title='bbox 1184 2993 1267 3030; x_wconf 80' lang='lat'>369.</span> 
     </span>
    </p>

    <p class='ocr_par' dir='ltr' id='par_1_9' title="bbox 401 3052 1429 3159">
     <span class='ocr_line' id='line_1_37' title="bbox 401 3052 1429 3096; baseline -0.009 0"><span class='ocrx_word' id='word_1_279' title='bbox 401 3061 413 3079; x_wconf 89' lang='lat'><strong>³</strong></span> <span class='ocrx_word' id='word_1_280' title='bbox 465 3059 565 3095; x_wconf 74' lang='lat' dir='ltr'><strong>Erat</strong></span> <span class='ocrx_word' id='word_1_281' title='bbox 583 3060 615 3095; x_wconf 89' lang='lat' dir='ltr'><strong>is</strong></span> <span class='ocrx_word' id='word_1_282' title='bbox 635 3059 677 3094; x_wconf 81' lang='lat' dir='ltr'><strong>P.</strong></span> <span class='ocrx_word' id='word_1_283' title='bbox 701 3058 846 3094; x_wconf 79' lang='lat' dir='ltr'><strong>Petrus</strong></span> <span class='ocrx_word' id='word_1_284' title='bbox 866 3056 1089 3093; x_wconf 78' lang='lat' dir='ltr'><strong>Saavedra.</strong></span> <span class='ocrx_word' id='word_1_285' title='bbox 1111 3054 1224 3096; x_wconf 76' lang='lat' dir='ltr'><strong>Ibid..</strong></span> <span class='ocrx_word' id='word_1_286' title='bbox 1246 3053 1327 3093; x_wconf 77' lang='lat'><strong>301,</strong></span> <span class='ocrx_word' id='word_1_287' title='bbox 1349 3052 1429 3088; x_wconf 78' lang='lat'><strong>317.</strong></span> 
     </span>
     <span class='ocr_line' id='line_1_38' title="bbox 401 3113 1228 3159; baseline -0.007 -4"><span class='ocrx_word' id='word_1_288' title='bbox 401 3120 414 3139; x_wconf 70' lang='lat'>⁴</span> <span class='ocrx_word' id='word_1_289' title='bbox 465 3118 704 3155; x_wconf 86' lang='lat' dir='ltr'><strong>Leonardus</strong></span> <span class='ocrx_word' id='word_1_290' title='bbox 723 3116 883 3153; x_wconf 86' lang='lat' dir='ltr'><strong>Marini.</strong></span> <span class='ocrx_word' id='word_1_291' title='bbox 905 3116 1020 3158; x_wconf 81' lang='lat' dir='ltr'><strong>Ibid.,</strong></span> <span class='ocrx_word' id='word_1_292' title='bbox 1040 3114 1122 3159; x_wconf 75' lang='lat'><strong>383,</strong></span> <span class='ocrx_word' id='word_1_293' title='bbox 1142 3113 1228 3149; x_wconf 78' lang='lat'>386.</span> 
     </span>
    </p>
   </div>
  </div>
 </body>
</html>
