2051 3516
380 354 449 389 856
852 351 1070 387 LITTERAE
1096 350 1453 396 QUADRIMESTRES

387 453 430 500 5.
499 452 589 498 Est
612 453 658 498 in
681 452 775 498 hac
811 451 1137 498 vniuersitate
1170 451 1505 508 philosophiae
1539 451 1736 507 quidam
1761 451 1945 508 profes-

330 546 430 587 sor,
466 530 760 586 praeclarae
795 529 969 574 indolis
1005 537 1053 574 et
1084 528 1277 573 formae
1300 528 1604 584 adolescens,
1631 527 1794 574 affinis
1820 529 1946 574 vice-

331 606 617 652 cancellarii
642 605 861 651 doctoris
878 605 1036 664 Jonae
1060 604 1089 662 ¹,
1117 604 1197 661 qui
1221 604 1284 650 ab
1303 603 1608 649 incunabulis
1632 604 1758 649 inter
1776 604 1946 650 haere-

331 682 455 728 ticos
477 690 809 728 conuersatus
832 690 880 727 et
903 680 1162 737 enutritus,
1190 696 1220 726 a
1244 680 1486 726 catholica
1510 680 1720 737 primum
1745 695 1948 737 prorsus

332 760 637 806 abhorrebat
661 758 903 814 doctrina,
930 766 978 803 et
1003 766 1112 814 post
1134 757 1312 803 multas
1336 757 1463 803 inter
1497 757 1653 813 ipsum
1687 766 1736 803 et
1767 757 1944 803 Rdum.

331 836 383 882 Ρ.
427 835 780 893 prouincialem
824 834 1071 892 prioribus
1120 835 1260 880 annis
1305 834 1435 879 vltro
1484 834 1707 891 citroque
1754 834 1950 880 habitas

333 912 704 970 disputationes,
746 911 922 958 adduci
965 926 1215 968 nunquam
1254 911 1426 968 potuit,
1468 920 1522 956 vt
1562 911 1608 956 in
1647 926 1802 957 verae
1839 911 1950 957 fidei

333 989 618 1048 obsequium
662 989 965 1035 intellectum
1003 988 1294 1046 captiuaret.
1337 988 1559 1034 Tandem
1602 989 1648 1033 in
1686 989 1897 1046 patriam
1931 992 1950 1010 ³

335 1067 830 1124 vuirtenbergensem
868 1066 1015 1123 (quae
1048 1066 1138 1123 ipsi
1171 1066 1336 1111 natale
1371 1065 1528 1111 solum
1553 1066 1662 1122 est),
1689 1066 1816 1112 inter
1840 1065 1949 1111 reli-

334 1161 455 1203 quas
472 1145 566 1190 hoc
588 1145 755 1190 seculo
779 1143 1062 1201 prouincias
1080 1142 1517 1200 corruptissimam,
1539 1142 1793 1199 profectus
1811 1151 1865 1188 vt
1883 1144 1950 1188 lu·

334 1223 544 1268 therana
567 1220 630 1267 ibi
651 1221 867 1266 animum
887 1219 1111 1266 doctrina
1129 1219 1539 1276 schismaticoque
1558 1234 1816 1264 sacrorum
1834 1218 1948 1276 ritu,

336 1315 365 1345 a
384 1315 480 1356 quo
504 1298 566 1344 ad
585 1308 778 1355 tempus
797 1297 1049 1343 abstinere
1068 1306 1273 1342 coactus
1297 1305 1422 1353 erat,
1444 1296 1799 1354 aliquantulum
1823 1297 1949 1342 oble-

335 1385 512 1431 ctaret;
540 1384 729 1421 tantam
753 1374 818 1420 ibi
843 1374 1177 1420 doctrinarum
1201 1373 1538 1419 confusionem
1577 1382 1625 1419 et
1662 1389 1853 1418 morum
1876 1388 1950 1418 re-

334 1452 459 1510 perit
478 1452 830 1510 corruptelam,
853 1459 906 1497 vt
926 1450 1040 1497 ilico
1060 1450 1203 1496 fidem
1222 1459 1293 1496 tot
1318 1449 1786 1496 contradictionibus
1804 1450 1951 1495 obno-

336 1530 468 1575 xiam
489 1530 634 1587 plane
652 1528 743 1575 sibi
761 1528 1088 1575 abiurandam
1107 1543 1215 1573 esse
1232 1527 1538 1573 decerneret.
1561 1528 1810 1573 Euoluere
1829 1543 1952 1584 ergo

336 1606 496 1663 coepit
515 1615 715 1652 sanctos
733 1605 989 1651 Ecclesiae
1002 1604 1249 1659 doctores,
1266 1604 1616 1661 Augustinum,
1633 1603 1952 1662 Cyprianum,

338 1693 386 1729 et
405 1683 635 1741 reliquos,
658 1698 864 1740 quorum
883 1683 1063 1728 crebra
1082 1681 1289 1728 lectione
1307 1691 1566 1738 tantopere
1585 1681 1631 1727 in
1647 1681 1740 1727 fide
1763 1697 1951 1738 promo-

337 1760 407 1806 uit
429 1760 693 1816 catholica,
721 1768 774 1805 vt
796 1759 892 1805 iam
916 1759 1188 1805 acerrimus
1212 1759 1316 1805 eius
1339 1759 1400 1804 sit
1419 1768 1658 1815 assertor,
1680 1774 1771 1804 nec
1790 1774 1952 1815 perse-

337 1837 649 1894 quutionibus
672 1846 758 1882 aut
782 1837 892 1882 vllis
915 1836 1160 1882 hominum
1184 1852 1213 1882 a
1237 1853 1325 1882 suo
1350 1836 1604 1893 proposito
1643 1836 1953 1882 dimoueatur

337 1913 801 1960 obtrectationibus.
832 1913 1106 1970 Egregium
1136 1929 1286 1970 porro
1316 1913 1458 1959 huius
1490 1928 1611 1958 suae
1645 1913 1952 1958 constantiae

337 1991 509 2048 paucis
532 1999 646 2036 ante
671 1990 842 2036 diebus
866 1990 1113 2047 specimen
1137 1990 1283 2036 dedit.
1312 1989 1434 2035 Cum
1460 1990 1586 2036 enim
1614 1990 1642 2035 ii
1666 1989 1745 2047 qui
1778 1989 1952 2035 confir-

338 2067 568 2113 mationis
591 2076 960 2113 sacramentum
984 2066 1270 2124 suscipiunt,
1312 2067 1374 2112 ob
1408 2066 1688 2112 chrismatis
1723 2081 1952 2112 reueren-

337 2145 455 2190 tiam
478 2159 694 2201 pannum
719 2144 981 2201 quemdam
1006 2144 1185 2190 lineum
1209 2144 1395 2189 circum
1414 2155 1638 2200 tempora
1656 2152 1859 2199 gestare
1880 2157 1951 2187 so-

339 2222 487 2278 leant3
514 2221 633 2278 ipse,
661 2230 890 2278 suscepto
913 2221 1006 2266 hoc
1025 2230 1358 2278 sacramento,
1396 2219 1727 2266 ceremoniam
1764 2219 1952 2276 praedi-

339 2307 469 2344 ctam
494 2297 691 2344 minime
716 2298 807 2344 sibi
830 2297 1180 2355 negligendam
1200 2297 1424 2354 putabat,
1445 2298 1532 2342 sed
1550 2297 1714 2354 palam
1733 2296 1865 2341 hisce
1889 2295 1952 2341 in-

340 2375 564 2432 signibus
587 2375 817 2421 decorari
856 2389 1012 2433 eaque
1034 2390 1123 2431 per
1147 2374 1397 2420 ciuitatem
1431 2372 1756 2419 circumferre
1780 2373 1951 2418 voluit.

340 2451 469 2508 Quin
490 2451 657 2508 etiam,
678 2461 730 2498 vt
748 2452 983 2509 intelligo,
1006 2461 1219 2508 quatuor
1238 2451 1454 2496 minores
1474 2449 1708 2507 proximis
1724 2449 1953 2495 ordinati-

340 2528 515 2575 onibus
534 2529 764 2586 suscepit,
793 2539 841 2575 et
879 2544 938 2575 eo
962 2528 1151 2585 aspirat
1188 2537 1240 2573 vt
1272 2528 1443 2574 rudem
1472 2527 1796 2584 plebeculam,
1829 2519 1954 2583 quae

338 2606 638 2663 grauissima
656 2606 858 2664 passim,
879 2605 1171 2662 praesertim
1190 2605 1237 2650 in
1256 2604 1414 2662 pagis,
1437 2605 1635 2650 laborat
1652 2603 1950 2660 ignorantia,

385 2814 402 2835 ὃ
450 2807 623 2854 patriam
642 2807 861 2845 ciuitatem.

385 2985 395 3004 ²
447 2983 547 3020 Erat
565 2984 598 3020 is
613 2983 814 3020 Martinus
834 2982 1078 3030 Eisengrein
1096 2981 1341 3027 <1535-1578),
1363 2981 1411 3017 de
1431 2993 1508 3028 quo
1527 2981 1653 3017 multa
1678 2984 1816 3016 extant
1844 2979 1949 3026 apud

339 3043 695 3087 BRAUNSBERGER,
716 3043 792 3080 loc.
809 3042 887 3086 cit.,
907 3042 976 3086 ΙΙΙ,
996 3041 1079 3086 321,
1098 3040 1179 3086 684;
1200 3039 1275 3086 IV,
1311 3040 1393 3082 49&
1423 3039 1496 3082 VI,
1525 3039 1606 3082 366,
1635 3038 1718 3083 649,
1749 3043 1823 3075 etc.
1856 3037 1946 3074 Hac

340 3102 512 3148 epistola
531 3101 802 3145 confirmatur,
825 3101 940 3138 illum
959 3099 1197 3137 catholicam
1215 3098 1333 3136 fidem
1352 3099 1581 3146 amplexum
1608 3110 1696 3134 esse
1716 3109 1821 3134 anno
1849 3096 1951 3134 1558.

342 3159 405 3198 Cf.
423 3160 528 3198 inter
546 3160 627 3198 alia
642 3160 915 3198 Kirchliches
929 3159 1235 3197 Handlexicon
1251 3163 1291 3195 et
1311 3158 1395 3195 lee
1412 3157 1601 3195 Catholic
1614 3155 1953 3202 Encyclopedm,
