2051 3516
592 230 874 267 112.-PRAGA
903 229 950 266 20
975 229 1224 266 NOVEMBRIS
1254 231 1343 267 1557
1665 230 1734 267 437

152 327 377 383 persuasi
402 326 481 371 dal
504 338 679 371 senato
704 326 975 371 citauiense
992 326 1083 370 che
1108 326 1203 370 no'l
1230 326 1484 372 riceuano.
1512 326 1781 372 Dubitamo

152 404 309 449 anche
332 420 429 449 non
453 404 633 449 habino
653 405 925 449 subornato
949 403 1128 448 alcuno
1153 418 1181 447 o
1206 403 1368 448 alcuni
1393 403 1749 449 ch'osseruassi
1770 403 1782 449 i

151 482 305 527 nostri
330 497 418 538 per
442 482 690 537 trouargli
715 480 923 538 qualche
947 489 1314 525 mancamento.
1352 481 1542 537 Questo
1577 497 1666 542 per
1699 482 1781 527 ha-

151 575 240 605 uer
274 559 481 616 qualche
516 559 713 615 cagiom
757 558 1041 614 imperoche
1080 573 1178 602 vno
1223 558 1300 603 del
1343 568 1518 603 senato
1556 559 1709 604 inuito
1750 560 1778 604 il

152 636 204 682 P.
232 637 389 693 Luca,
417 636 544 681 doue
570 636 712 681 dicon
737 636 789 681 fu
813 645 944 681 stato
978 635 1135 686 ebrio,
1174 646 1220 679 et
1255 635 1429 692 questo
1465 640 1490 681 e
1525 648 1700 692 saputo
1736 636 1781 682 in

150 723 280 759 tutta
313 714 360 759 la
384 714 499 769 cita,
537 713 701 767 Oibin,
739 723 787 759 et
811 713 855 758 in
880 713 1007 758 altre
1032 712 1124 758 due
1150 713 1263 766 cita,
1292 713 1399 758 cioe
1423 713 1469 758 in
1494 712 1710 759 Giblona
1735 723 1782 760 et

149 791 427 836 Budissina.
455 789 521 836 Se
544 791 619 836 sia
642 800 775 836 stato
800 790 927 835 fatto
952 805 981 835 a
1006 789 1168 846 quella
1200 790 1469 835 intentione
1493 794 1522 835 ὸ
1546 806 1657 844 non;
1685 808 1781 836 non

149 869 389 925 sapiamo.
416 868 476 913 Li
500 868 757 914 citauiensi
781 868 970 913 dissero
995 883 1024 912 a
1043 867 1227 912 Blasio:
1254 868 1493 913 vellemus
1516 875 1533 895 ὃ
1554 878 1606 913 ut
1625 878 1781 914 totum

148 961 349 991 censum
368 946 445 991 hic
465 946 840 994 consumeretis
862 961 923 990 ne
942 959 1219 1001 pragenses
1239 946 1501 1002 quicquam
1520 946 1777 999 haherent,

148 1035 199 1068 ut
223 1024 293 1069 sic
316 1032 622 1080 cogerentur
657 1039 744 1068 uos
777 1038 1036 1068 reuocare.
1077 1023 1227 1068 Tutte
1262 1032 1435 1080 queste
1475 1039 1590 1069 cose
1625 1025 1664 1069 si
1698 1024 1781 1070 fan

148 1116 236 1157 per
259 1116 434 1157 paura,
463 1116 560 1145 non
584 1100 849 1146 intrammo
873 1116 962 1156 per
986 1101 1147 1156 quelle
1172 1100 1349 1157 uande,
1377 1110 1424 1146 et
1449 1101 1479 1146 li
1511 1102 1584 1146 sui
1620 1102 1781 1146 errori

149 1178 311 1223 vadan
338 1178 383 1223 in
409 1177 569 1233 ruina,
597 1178 881 1234 imperoche
906 1178 965 1222 l'e
991 1178 1126 1223 detto
1147 1178 1237 1224 che
1256 1179 1505 1235 uogliamo
1525 1179 1714 1224 intrare
1734 1179 1779 1224 in

147 1254 329 1300 Striria
353 1265 400 1300 et
424 1253 678 1300 Sassonia.
703 1255 814 1300 Non
839 1255 985 1312 altro,
1012 1271 1065 1300 se
1095 1270 1191 1300 non
1226 1256 1315 1301 che
1349 1256 1477 1313 tutti,
1514 1272 1574 1302 ne
1608 1272 1769 1302 sacco

147 1331 428 1377 mandiamo
453 1331 580 1376 nelle
605 1332 817 1377 orationi
842 1333 887 1377 di
911 1332 979 1377 V.
1006 1332 1066 1376 R.
1096 1343 1143 1377 et
1168 1333 1244 1378 del
1268 1334 1421 1379 molto
1446 1334 1506 1378 R.
1533 1334 1593 1378 N.
1621 1334 1674 1379 P.
1713 1334 1779 1379 vi«

146 1409 284 1453 cario
318 1424 406 1465 per
440 1409 518 1454 cui
552 1408 924 1464 intercessione,
962 1418 1134 1455 nostro
1169 1409 1383 1467 Signore
1418 1411 1461 1456 ci
1496 1411 1697 1457 illumini
1732 1421 1781 1458 et

145 1486 338 1543 guarde
358 1486 484 1531 delle
509 1486 680 1532 insidie
705 1486 783 1532 del
807 1487 1035 1533 demonio
1060 1498 1108 1532 et
1132 1488 1238 1532 suoi
1263 1489 1485 1545 seguaci.
1518 1488 1581 1533 Di
1606 1489 1779 1546 Praga

145 1563 203 1609 20
225 1563 271 1609 di
294 1564 580 1610 Nouembre
608 1564 735 1610 1557.
763 1565 860 1610 Per
885 1565 1352 1611 commandamento
1377 1567 1457 1610 dal
1481 1565 1534 1611 P.
1568 1574 1775 1621 rettore,

144 1641 358 1698 inclegno
384 1657 533 1687 seruo
558 1652 605 1687 et
630 1642 815 1699 figliolo
841 1643 887 1688 di
911 1642 978 1688 V.
1005 1642 1066 1688 R.
1095 1643 1173 1688 nel
1197 1641 1428 1700 Signore,

1336 1739 1589 1785 HURTADO
1625 1741 1656 1785 ¹.

233 1852 525 1908 Inscriptio.
552 1857 578 1905 †
602 1852 696 1897 lhs.
724 1852 787 1896 Al
813 1853 964 1897 molto
988 1851 1096 1901 Rdo.
1125 1852 1171 1896 in
1207 1851 1407 1898 Christo
1438 1853 1618 1906 padre,
1655 1853 1686 1898 il
1720 1853 1772 1899 P.

144 1930 262 1975 ΜΨ
285 1930 512 1989 Jouanne
536 1929 757 1975 Polanco
782 1930 911 1975 della
937 1928 1251 1987 Compagnia
1276 1930 1322 1975 di
1346 1929 1482 1988 Jesu.
1516 1930 1569 1975 In
1594 1931 1772 1977 Roma.

232 2008 410 2065 Sz'gz'lli
430 2008 725 2065 zwsz‘zgium.

189 2198 207 2218 a
251 2191 458 2237 Sequitur
474 2191 505 2226 si
526 2203 734 2237 possemus
753 2190 886 2227 oblz'lt.

192 2360 198 2377 ¹
252 2358 360 2395 Vide
380 2358 579 2405 superius,
600 2371 694 2405 pag.
718 2357 797 2399 170,
819 2362 945 2394 annot
978 2357 1012 2395 2.
