2051 3516
639 283 976 321 69.—OL1S1120NE
1005 285 1047 320 17
1072 295 1176 331 Juxn
1206 286 1295 321 1557
1665 286 1735 324 277

140 377 383 434 ‘praemiis
417 377 702 435 propositis,
740 387 792 424 vt
825 379 889 424 ab
923 378 1150 424 omnibus
1184 378 1487 436 uiderentur,
1515 391 1563 426 et
1586 381 1779 428 duobus

147 454 316 511 pueris
348 454 564 511 pulchre
598 459 646 500 et
677 455 936 512 eleganter
970 455 1162 500 vestitis
1196 456 1257 500 ad
1290 471 1513 502 mensam
1547 458 1611 503 ex
1644 468 1781 504 vtra-

150 546 244 588 que
282 540 426 588 parte
465 531 727 588 stantibus,
765 532 844 589 qui
880 532 1205 588 interpretum
1240 531 1403 578 officio
1439 533 1779 591 fungebantur

149 608 299 666 (qztos
340 608 389 654 si
423 609 600 653 mauis
642 623 769 655 voca
807 609 1232 666 param'mplzos).
1277 609 1367 655 His
1406 610 1474 656 ita
1513 611 1777 668 dispositis,

147 685 359 742 primum
395 685 557 731 oratio
592 702 621 731 a
658 687 870 743 quodam
910 686 1099 742 primae
1133 687 1306 732 classis
1342 687 1510 733 habita
1536 698 1624 745 est,
1652 706 1780 746 quae

149 762 440 808 auditorum
474 762 665 808 animos
699 765 717 784 ἃ
756 778 1071 819 summopere
1116 763 1406 820 delectauit,
1458 768 1506 809 et
1547 766 1778 811 omnium

146 852 268 884 voce
291 842 340 884 et
362 839 708 885 aclamate'one
732 839 1026 896 approbata
1050 844 1139 897 est,
1167 855 1270 898 qna
1293 840 1312 867 b
1340 841 1531 898 habita,
1558 841 1779 888 victores

147 925 251 961 tres
295 916 341 961 in
383 916 608 962 oratione
648 918 812 962 soluta
852 933 913 962 ex
948 917 1106 962 tribus
1149 918 1393 963 classibus
1437 919 1647 975 primum
1692 935 1780 976 per

147 993 446 1049 interpretes
485 993 727 1038 declarati
771 1004 898 1038 sunt.
946 993 1128 1039 Postea
1173 994 1301 1039 alter
1345 1010 1407 1040 ex
1446 995 1622 1041 eadem
1656 997 1780 1041 clas-

147 1086 198 1116 se
223 1070 515 1115 cathedram
540 1071 762 1116 ascendit
786 1080 834 1116 et
858 1071 1135 1116 orationem
1161 1087 1403 1129 graecam
1438 1072 1624 1130 habuit,
1652 1089 1779 1130 quae

146 1148 295 1193 etiam
333 1147 531 1204 placuit:
575 1149 670 1194 hac
708 1148 893 1205 habita,
938 1148 1195 1205 praedicto
1241 1149 1411 1195 ordine
1455 1150 1780 1196 declarantur

146 1224 364 1271 victores
398 1224 443 1269 in
479 1241 670 1281 graeca
700 1226 945 1271 oratione.
983 1225 1173 1272 Deinde
1208 1226 1382 1272 eodem
1417 1227 1590 1273 ordine
1624 1228 1777 1273 nomi-

145 1310 327 1346 nantur
366 1301 396 1346 ii
437 1301 516 1357 qui
558 1302 745 1358 primas
785 1302 830 1347 in
877 1303 1032 1359 ligata
1077 1303 1304 1348 oratione
1349 1304 1682 1361 obtinuerunt,
1731 1315 1780 1351 et

149 1378 482 1435 vnusquisque
507 1379 683 1424 horum
709 1395 821 1425 cum
845 1380 1202 1431 nominaretur,
1227 1396 1256 1426 a
1279 1380 1522 1427 iudicibus
1546 1383 1779 1438 praemiis

148 1471 232 1512 per
266 1456 581 1514 interpretes,
621 1472 744 1514 quos
778 1472 930 1514 supra
965 1457 1194 1515 diximus,
1228 1458 1491 1516 donantur,
1530 1460 1610 1516 qui
1644 1471 1777 1506 ante-

145 1548 290 1590 quam
323 1528 583 1580 traderent
616 1536 841 1591 praemia
877 1535 1166 1590 uictoribus,
1195 1537 1570 1593 praecipiebant
1595 1538 1779 1583 vnicui-

143 1626 237 1668 que
260 1617 275 1637 ⁰
305 1626 397 1656 sua
421 1611 643 1658 themata
668 1612 899 1669 recitare;
927 1612 1103 1658 deinde
1128 1614 1370 1670 quaedam
1394 1614 1603 1660 disticha
1628 1615 1673 1660 in
1698 1631 1777 1661 eo-

144 1703 251 1733 rum
280 1689 474 1734 laudem
500 1705 685 1747 magna
714 1706 834 1735 voce
859 1690 1246 1746 proferebantur
1277 1692 1340 1737 ab
1375 1692 1466 1737 illis
1500 1692 1779 1749 interpreti—

145 1767 249 1823 bus,
278 1766 359 1822 qui
382 1766 660 1812 victoribus
683 1767 906 1823 praemia
940 1768 1226 1826 tradebant,
1263 1769 1470 1826 illosque
1504 1770 1678 1816 sedere
1708 1770 1778 1816 fa-

144 1842 342 1888 ciebant
380 1842 427 1888 in
467 1843 683 1900 quodam
722 1844 878 1898 sedili,
921 1845 1052 1902 quod
1090 1845 1276 1891 iudices
1319 1846 1365 1891 in
1410 1847 1608 1904 priuato
1648 1848 1774 1897 loco.

142 1929 358 1966 stratum
385 1922 634 1978 tapetibus
660 1922 935 1968 uictoribus
971 1923 1351 1969 constituerunt.
1389 1924 1619 1970 Alterum
1656 1942 1778 1971 vero

143 1998 215 2042 his
239 1998 318 2054 qui
343 1999 554 2055 proximi
579 2000 902 2053 accedebant,
930 2001 977 2045 in
1001 2001 1098 2046 alio
1123 2002 1233 2046 loco
1257 2002 1470 2058 positum
1500 2013 1625 2060 erat,
1663 2019 1777 2048 nam

143 2075 319 2120 horum
358 2076 508 2121 etiam
549 2077 677 2122 ratio
712 2077 1006 2130 habebatur,
1041 2087 1090 2124 et
1123 2094 1211 2135 per
1246 2079 1446 2124 eosdem
1481 2080 1776 2137 interpretes

142 2152 402 2209 declarati,
430 2154 538 2209 pari
563 2153 872 2200 humanitate
896 2164 945 2200 et
969 2155 1262 2211 quibusdam
1289 2157 1438 2202 etiam
1465 2157 1690 2202 versibus
1714 2158 1777 2202 ab

142 2229 326 2274 eisdem
351 2230 747 2287 excipiebantur,
775 2231 950 2287 quibus
973 2232 1323 2289 significabant
1347 2250 1442 2278 non
1475 2234 1776 2279 mediocrem

142 2307 384 2352 honorem
409 2323 518 2352 esse
544 2308 616 2364 iis,
644 2308 725 2365 qui
750 2308 813 2353 ad
838 2309 1024 2365 primas
1057 2311 1429 2363 contendentes,
1468 2312 1514 2356 in
1549 2311 1777 2356 secundis

144 2392 193 2428 et
216 2384 374 2428 tertiis
398 2385 743 2430 constiterunt.

203 2460 269 2506 10.
352 2461 594 2507 Vltimum
632 2461 838 2508 dhabita
872 2473 947 2509 est
980 2465 1142 2510 oratio
1177 2466 1398 2511 carmine
1433 2466 1707 2522 composita
1747 2482 1776 2511 a

142 2537 353 2594 quodam
392 2538 613 2584 eiusdem
648 2539 838 2595 classis,
877 2556 973 2597 qua
1012 2541 1289 2587 victoribus
1323 2542 1690 2598 gratulabatur,
1728 2553 1777 2588 et

140 2614 300 2660 victos
325 2615 370 2659 in
394 2631 530 2671 spem
555 2616 799 2673 erigebat.
838 2616 927 2663 His
961 2619 1101 2672 actis,
1140 2634 1169 2663 a
1204 2619 1442 2664 iudicibus
1477 2619 1775 2676 imperatum

140 2700 215 2736 est
248 2707 336 2747 per
370 2692 664 2749 interpretes
700 2703 752 2739 vt
787 2695 960 2740 concio
985 2696 1343 2741 demitteretur.
1374 2695 1551 2742 Omnia
1575 2699 1773 2743 tandem

140 2767 351 2813 feliciter
375 2780 422 2814 et
445 2785 685 2826 prospere
720 2782 1008 2817 euenerunt.
1047 2772 1265 2817 Dimissa
1299 2773 1551 2830 concione,
1589 2774 1777 2821 iudices

140 2845 312 2900 nostri,
346 2845 427 2890 Pr.
461 2846 664 2892 Marcus
687 2847 952 2894 Prancudo
976 2858 1025 2894 et
1048 2858 1345 2905 praeceptor
1369 2850 1557 2906 primae
1581 2852 1773 2905 classis,

187 3034 204 3054 8
252 3029 503 3066 auditoribus
522 3031 687 3077 placuit,
710 3038 748 3067 et
766 3044 905 3068 eorum
922 3032 1087 3068 animos.
1145 3033 1209 3059 *b
1225 3032 1299 3069 Ea.
1354 3042 1414 3060 -Ε
1435 3035 1668 3083 uniquique.
1693 3047 1772 3073 7115.

143 3086 206 3112 —d
246 3087 469 3125 Postremo.
