2051 3516
373 289 442 324 530
837 289 1054 326 LITTERAE
1078 289 1432 334 QUADRIMESTRES

411 383 700 439 Inscriptio.
738 392 765 440 †
809 384 873 429 Al
920 386 1069 430 molto
1115 384 1221 429 RQ
1272 385 1435 430 Padre
1479 385 1524 429 in
1551 384 1765 438 Christo,
1813 385 1844 429 il
1888 386 1940 430 P.

327 461 470 505 Mtro.
500 461 651 506 Iouan
686 461 902 507 Polanco
938 463 1064 507 della
1099 461 1410 518 Compagnia
1435 462 1494 506 de
1517 461 1653 519 Jesu.
1682 462 1729 506 A
1762 462 1940 508 Roma.

416 538 591 594 sigilli
611 539 908 594 vestigium.

1085 790 1186 841 159

694 909 746 955 P.
784 908 1132 955 ANTONIUS
1167 907 1580 955 BOUCLETUS

804 1027 994 1053 TORNAco
1019 1016 1063 1052 27
1089 1026 1288 1063 JANUARII
1319 1015 1408 1052 1558
1436 1017 1459 1053 ¹.

328 1111 398 1147 1-2.
433 1111 606 1155 Collegiz'
624 1112 892 1147 tornacensis
908 1111 1225 1156 fundationem
1252 1113 1464 1147 nostrates
1491 1112 1613 1146 enixe
1633 1115 1947 1156 procurant.—

395 1171 432 1206 3.
463 1169 606 1206 Socios
634 1180 786 1206 novem
813 1173 894 1206 (mt
915 1170 1062 1206 decem
1088 1170 1230 1206 Roma
1251 1170 1356 1205 illuc
1376 1169 1790 1214 msttz'poscit.—4-5.
1820 1169 1947 1206 Mini-

395 1230 527 1265 steria
547 1232 720 1265 nostrae
744 1228 968 1266 Societatis
994 1240 1078 1265 non
1105 1230 1199 1265 sine
1216 1228 1372 1273 fructu
1401 1228 1752 1265 exel‘ce7ltn7'.-6.
1774 1228 1946 1265 .va0—

397 1298 496 1324 rzmz
516 1288 727 1325 lz'brormn
746 1288 1040 1325 venditionem
1061 1290 1199 1325 nostri
1216 1287 1477 1333 impediunt.

388 1385 426 1429 1.
491 1388 516 1437 †
550 1383 655 1429 Pax
681 1383 816 1430 Chri.
844 1384 948 1430 R.de
971 1386 1017 1430 in
1042 1384 1191 1429 Chro.
1221 1384 1386 1428 Pater.
1414 1383 1543 1440 Quid
1567 1383 1812 1428 mensibus
1847 1384 1940 1428 ela-

328 1461 425 1517 psis
459 1461 723 1518 egerimus,
759 1462 929 1518 paucis
963 1461 1174 1518 accipiat
1198 1460 1257 1506 R.
1289 1460 1353 1506 V.
1382 1460 1435 1505 P.
1462 1459 1721 1517 Imprimis,
1748 1469 1947 1516 praeter

328 1538 607 1594 quotidiana
632 1547 832 1583 nostrae
857 1537 1120 1583 Societatis
1144 1538 1398 1594 exercitia,
1426 1538 1489 1582 ab
1509 1538 1723 1582 aduentu
1747 1552 1945 1593 prospe—

330 1630 386 1659 ro
419 1615 479 1659 R.
516 1614 569 1660 P.
608 1615 854 1660 Euurardi
889 1617 904 1639 ‘²
939 1616 1117 1661 fuimus
1150 1615 1286 1660 simul
1324 1629 1518 1671 semper
1551 1614 1777 1670 occupati
1812 1614 1946 1659 circa
2008 1640 2012 1645 ·

328 1692 529 1749 negotia
553 1693 884 1748 tornacensia,
912 1693 1026 1738 nihil
1050 1693 1328 1737 omittentes
1353 1708 1521 1737 eorum
1548 1707 1673 1748 quae
1697 1691 1946 1737 faciebant

328 1768 389 1814 ad
424 1769 573 1814 futuri
609 1769 802 1826 collegii
838 1770 1154 1823 erectionem,
1187 1770 1325 1814 velut
1353 1769 1487 1814 idem
1511 1769 1575 1814 R.
1603 1769 1663 1814 P.
1692 1768 1949 1826 diffusius

330 1846 581 1903 rescribet,
609 1851 823 1902 propter
844 1847 980 1904 qnod
1001 1848 1062 1891 de
1085 1847 1260 1892 miultis
1283 1851 1440 1891 taceo.

388 1923 428 1968 2.
497 1922 825 1979 preparatam
845 1924 994 1980 igitur
1018 1923 1422 1980 supplicationem
1444 1923 1635 1967 senatui
1660 1922 1938 1979 obtulimus,

332 2016 427 2056 qua
473 2001 715 2057 perlecta,
763 2001 1052 2058 modicaque
1091 2001 1393 2045 discussione
1433 2015 1579 2056 super
1618 2000 1752 2045 illam
1793 1999 1943 2055 facta,

331 2077 494 2122 statim
522 2093 646 2121 vnus
669 2077 728 2121 de
764 2077 929 2133 primis
963 2078 1254 2122 consiliariis
1288 2092 1513 2134 surgens,
1541 2076 1609 2122 sic
1644 2092 1731 2121 nos
1767 2077 1945 2121 allocu-

329 2163 405 2198 tus
431 2162 518 2199 est:
551 2154 785 2209 «Agimus
811 2155 966 2209 vobiS,
994 2154 1160 2210 inquit,
1188 2155 1380 2210 gratias
1404 2154 1668 2198 immensas
1693 2154 1751 2198 de
1774 2162 1944 2198 vestra

331 2246 455 2287 erga
479 2246 567 2275 nos
586 2231 947 2276 beneuolentia:
971 2232 1111 2277 vobis
1130 2240 1177 2277 et
1200 2231 1375 2276 vestris
1401 2231 1729 2288 promittimus
1753 2245 1946 2275 omnem

331 2308 555 2352 fauorem
590 2319 636 2352 et
670 2308 1015 2364 patrocinium.
1053 2308 1293 2353 Dabimus
1328 2309 1474 2353 etiam
1516 2308 1706 2353 litteras
1745 2316 1949 2352 nostrae

331 2385 659 2430 concessionis
694 2385 855 2440 sigillo
893 2386 1024 2430 vrbis
1057 2385 1346 2440 sigillatas.»
1384 2385 1472 2430 His
1508 2385 1671 2442 itaque
1706 2400 1795 2440 pro
1834 2393 1947 2428 voto

331 2462 569 2518 expeditis
593 2471 640 2507 et
663 2462 836 2507 litteris
859 2462 1190 2507 concessionis
1214 2462 1440 2517 obtentis,
1467 2462 1730 2518 capitulum
1756 2460 1948 2506 canoni-

331 2554 501 2583 corum
541 2539 857 2595 accessimus,
902 2538 1015 2594 quia
1054 2538 1323 2583 iurisdictio
1362 2538 1576 2583 ciuitatis
1615 2553 1709 2582 non
1749 2546 1822 2582 est
1860 2537 1950 2582 sub

333 2615 580 2672 episcopo,
607 2616 692 2660 sed
717 2615 807 2660 sub
831 2615 981 2672 ipsius
1004 2615 1202 2671 capituli
1227 2624 1494 2671 patronatu
1528 2614 1812 2670 constituta,
1839 2629 1949 2658 cum

333 2692 504 2747 quibus
543 2708 661 2737 sane
696 2693 841 2748 paulo
882 2692 1055 2737 maiori
1094 2707 1205 2736 cum
1245 2685 1530 2737 difficultate
1567 2691 1817 2747 negotium
1851 2691 1948 2746 egi-

333 2783 453 2825 mus,
482 2784 627 2824 quam
652 2784 762 2813 cum
796 2768 1221 2825 praecedentibus,
1260 2768 1574 2814 Obtinuimus
1608 2777 1774 2813 tamen
1808 2776 1855 2813 et
1888 2768 1951 2812 ab

381 2912 387 2929 ¹
442 2910 503 2946 Ex
522 2911 710 2956 originali
729 2911 768 2947 in
787 2912 922 2949 coclite
944 2912 1082 2948 Germ.
1105 2911 1198 2957 185,
1218 2911 1252 2947 2.
1275 2911 1334 2954 ff„
1354 2925 1419 2947 nn.
1441 2912 1499 2955 33,
1520 2912 1578 2957 34;
1605 2912 1716 2958 prius
1740 2913 1797 2948 85.
1826 2911 1951 2947 Plura

333 2970 467 3006 deleta
487 2975 554 3005 aut
574 2970 772 3016 castigata
791 2976 883 3007 sunt
902 2983 1023 3007 manu
1050 2971 1162 3007 nobis
1188 2971 1339 3018 ignota,
1370 2984 1474 3018 quae
1502 2977 1692 3008 consueto
1719 2983 1828 3007 more
1856 2971 1951 3006 indi-

333 3029 528 3064 cabimus.

380 3088 392 3106 ²
442 3087 486 3123 P.
508 3087 740 3125 Everardus
761 3090 1056 3127 Mercurianus.
1078 3089 1140 3127 Cf.
1163 3090 1317 3127 Laim'z'
1333 3090 1545 3135 Monam„
1565 3090 1615 3134 II,
1636 3091 1717 3136 554,
1738 3090 1818 3126 557.
