2051 3516
537 322 824 359 2¹21.-PRA‹;A
852 322 894 358 31
925 321 1170 358 DECEMssms
1201 320 1289 356 1558
1592 318 1662 354 923

137 417 208 463 21.
277 416 353 462 De
378 417 560 463 nostris
585 423 602 444 ³
622 417 715 462 hoc
734 416 792 462 T.
817 416 869 461 P.
896 415 1096 471 habeat,
1123 415 1252 472 quod
1277 416 1523 474 nosfore,
1550 429 1709 473 quum

80 494 140 539 P.
182 492 396 538 Victoria
431 498 477 538 et
510 494 576 539 ild.
602 494 874 539 ffltrtadzts
908 492 1201 538 discesserit
1234 506 1350 538 cum
1382 493 1494 538 suis
1518 493 1549 549 ¹,
1573 492 1707 548 fore,

79 572 294 629 inquam
335 570 407 615 15²
440 570 566 628 [sic]
603 571 678 616 Hz'
709 584 886 616 omnes
919 579 1032 616 sunt
1071 569 1454 627 occupatissimi,
1492 568 1618 614 adeo
1658 578 1708 614 ut

78 657 241 706 putem
278 647 297 675 b
331 647 552 705 singulos
587 664 696 694 esse
730 658 979 705 martyres
1012 663 1174 705 posse,
1201 648 1238 692 si
1274 647 1404 704 quod
1435 647 1644 703 faciunt
1675 653 1707 699 Ε,

79 733 283 783 propter
309 724 562 770 Christum
594 725 771 771 omnia
802 725 1009 771 libenter
1033 724 1215 770 ferunt.
1243 724 1428 769 Nostra
1462 723 1708 769 desideria

79 802 258 859 quibus
290 800 479 847 fratres
513 802 719 848 boemos
753 802 927 848 iuuare
961 801 1129 848 intime
1163 817 1475 858 cuperemus,
1503 801 1588 847 uix
1613 800 1710 846 alia

82 895 136 925 re
171 893 318 936 quam
358 878 596 936 patientia
634 879 921 936 quotidiana
955 879 1233 936 implentur.
1275 878 1427 924 Arete
1464 878 1524 936 [P]
1562 893 1707 936 roga-

80 972 188 1002 mus
222 965 274 1002 ut
308 956 506 1001 tandem
543 957 722 1002 vestris
756 956 971 1001 omnium
1005 956 1312 1002 orationibus
1347 956 1608 1002 auferatur
1631 972 1708 1002 ne-

78 1034 181 1080 scio
205 1033 318 1092 quid
343 1034 688 1091 impedimenti,
716 1034 845 1091 quod
880 1050 969 1080 nos
1002 1050 1030 1079 a
1066 1034 1347 1080 desiderato
1382 1033 1549 1080 fructu
1572 1034 1709 1091 spiri-

80 1111 200 1157 tuali
224 1110 440 1168 quotidie
477 1120 778 1156 remoratur.
806 1110 1007 1156 Interim
1032 1126 1118 1168 spe
1143 1120 1191 1156 et
1215 1111 1592 1168 longanimitate
1622 1127 1711 1156 nos

79 1188 270 1242 alimus;
299 1187 429 1232 forte
453 1187 524 1233 sic
548 1187 929 1233 conformamus
962 1201 1056 1233 nos
1078 1186 1096 1214 ‘¹
1123 1175 1373 1245 principiis
1397 1197 1599 1234 nostrae
1623 1187 1709 1233 So-

80 1264 291 1321 cietatis,
319 1279 445 1321 quae
470 1280 558 1321 per
583 1265 784 1322 longam
819 1264 1108 1321 patientiam
1140 1265 1378 1321 paulatim
1404 1274 1454 1311 ut
1478 1265 1711 1310 vniuersa

79 1340 307 1388 excreuit
340 1340 649 1399 mirabiliter,
676 1341 743 1387 ita
768 1357 896 1387 nunc
930 1357 1125 1398 quoque
1160 1351 1207 1388 et
1241 1342 1402 1387 adhuc
1432 1342 1477 1387 in
1508 1342 1712 1399 singulis

81 1418 340 1478 prouintiis
381 1429 658 1475 excrescet,
696 1428 748 1465 ut
785 1434 982 1477 semper
1021 1435 1163 1466 suam
1202 1430 1369 1466 teneat
1404 1419 1711 1477 aequabilem

80 1496 470 1555 proportionem
490 1502 525 1553 Β,
553 1496 742 1554 sibique
765 1496 826 1542 sit
849 1512 1047 1554 semper
1071 1506 1118 1542 et
1143 1496 1321 1554 ubique
1339 1496 1526 1543 similis.

139 1573 211 1619 22.
278 1573 340 1618 D.
378 1572 627 1619 Henricus
660 1589 773 1620 cum
808 1589 991 1631 magna
1024 1573 1295 1620 foelicitate
1329 1583 1377 1620 et
1412 1574 1711 1620 serenissimi

83 1650 315 1709 principis
339 1650 588 1707 totiusque
612 1650 791 1708 populi,
818 1651 899 1708 qui
930 1650 992 1696 ibi
1018 1650 1252 1708 frequens
1276 1651 1545 1708 concurrit,
1573 1651 1711 1697 satis-

90 1728 328 1785 factione,
370 1727 609 1774 hactenus
658 1727 668 1755 f
706 1739 779 1774 est
824 1728 1139 1774 contionatus
1185 1729 1427 1775 matutino
1471 1738 1710 1786 tempore3

87 1805 438 1864 pomeridianis
461 1821 582 1851 uero
606 1805 740 1851 horis
765 1806 937 1852 eodem
962 1806 1008 1852 in
1033 1806 1159 1862 loco,
1187 1806 1376 1852 scilicet
1400 1806 1445 1851 in
1470 1822 1604 1863 arce,
1633 1806 1712 1852 do-

86 1892 166 1929 cet
188 1883 339 1929 latine
363 1883 719 1928 catechismum
747 1890 782 1940 g,
809 1899 936 1940 quae
970 1883 1116 1930 lectio
1153 1893 1315 1941 potest
1340 1882 1405 1942 [P]
1429 1883 1541 1930 huic
1564 1899 1711 1941 popu-

83 1961 129 2006 lo
164 1959 247 2005 uix
281 1974 391 2004 esse
425 1960 781 2016 percommoda
815 1969 864 2006 et
898 1969 1049 2017 grata
1077 1960 1110 2005 ἡ.
1138 1959 1425 2006 Hactenusi
1461 1961 1507 2007 in
1531 1961 1714 2018 templo

83 2046 257 2083 nostro
292 2036 538 2082 foeliciter
577 2037 890 2083 contionatus
923 2048 997 2084 est
1033 2037 1314 2096 Stephanus
1349 2047 1518 2085 noster
1554 2040 1569 2064 ‘2
1604 2054 1713 2095 ger-

84 2114 294 2171 manice,
322 2114 401 2159 cui
425 2114 518 2160 hoc
541 2115 695 2161 natali
728 2115 971 2162 successit
1007 2116 1354 2173 wenceslaus,
1382 2117 1468 2162 sed
1492 2116 1715 2162 bo‘emice

83 2191 419 2247 contionatur,
446 2206 506 2237 ac
531 2192 737 2248 proinde
771 2192 1026 2239 auditores
1061 2207 1197 2239 nnnc
1231 2193 1459 2239 uidentur
1490 2193 1712 2250 multipli-

83 2269 206 2316 cari.
234 2269 344 2314 Hoc
368 2269 588 2315 breuiter
613 2269 690 2315 hic
713 2282 936 2329 tangam,
964 2271 1002 2317 si
1027 2272 1205 2328 placet,
1228 2271 1287 2317 de
1312 2271 1493 2317 nostris
1522 2270 1713 2317 concio-

85 2347 245 2404 nibus,
282 2347 411 2404 quod
446 2346 673 2392 nimirum
707 2348 823 2394 nihil
856 2349 1038 2395 nostris
1074 2349 1512 2395 concionatoribus
1545 2363 1635 2394 nec
1669 2348 1712 2393 in

85 2424 258 2482 spiritu
292 2438 384 2470 nec
418 2423 673 2481 diligentia
707 2439 906 2484 quoque
929 2426 1068 2480 desit,
1097 2426 1224 2483 quod
1257 2427 1489 2483 populum
1524 2425 1713 2482 sepissi-

85 2517 162 2548 me
197 2501 259 2547 ad
294 2516 432 2547 usum
464 2511 896 2548 sacramentorum
930 2503 1191 2549 hortantur
1227 2503 1374 2560 (quod
1407 2502 1639 2560 quamdiu
1665 2501 1712 2547 il—

131 2664 151 2682 a
201 2663 338 2700 Prius
356 2663 488 2700 nobis.
548 2664 612 2692 *b
632 2665 939 2712 quodammodo.
995 2672 1056 2692 —C
1077 2665 1223 2702 ferunt.
1281 2664 1344 2692 ..d
1376 2665 1603 2703 conformes
1629 2665 1715 2701 red-

83 2724 229 2761 dimur.
283 2730 345 2751 -e
372 2723 615 2771 procedendi
633 2725 844 2763 rationem.
904 2725 957 2753 —f
990 2726 1078 2773 Seq.
1101 2726 1303 2770 continue,
1326 2729 1364 2762 et
1381 2730 1519 2771 supra
1537 2735 1714 2762 versum

84 2789 295 2832 perpetuo,
316 2787 554 2831 utrumque
572 2785 706 2822 oblite.
759 2793 824 2821 -g
844 2785 947 2823 Fris.
967 2785 1134 2823 Canisii.
1188 2785 1253 2812 —11
1286 2790 1492 2833 pergrata.
1539 2784 1592 2812 -ῑ
1622 2785 1713 2831 seq.

86 2855 124 2881 v.
146 2843 362 2880 habuimus
381 2844 517 2882 oblz‘tt.

134 2995 146 3015 ¹
196 2994 242 3032 P.
263 2994 474 3031 Hurtadus
492 2994 621 3032 Perez
646 2997 687 3033 in
714 2996 1005 3034 monasterium
1032 2995 1255 3039 oibinense,
1284 3000 1434 3039 rector,
1462 2994 1714 3042 profecturus

87 3059 188 3092 erat.
210 3053 273 3092 Cf.
297 3054 453 3091 Laz'm'i
469 3054 680 3098 Monam„
702 3056 776 3100 IV,
801 3056 879 3099 163,
904 3055 980 3093 166.

134 3113 148 3134 ²
198 3112 430 3159 Stephanus
449 3113 652 3153 Liberius.
674 3115 782 3152 Vide
803 3116 956 3152 Lainil
977 3115 1187 3160 Monam„
1210 3115 1284 3157 IV,
1305 3115 1362 3151 91.
