2051 3516
472 352 859 390 209.—V1Nn0130NA
884 353 926 389 31
957 353 1167 391 OCTOBRIS
1196 355 1286 392 1558
1575 355 1645 392 853

133 452 460 490 exhibitio—18.
491 453 663 500 Quanti
689 455 871 496 nostros,
902 455 1097 490 maxime
1120 455 1301 492 Patrem
1331 455 1529 499 Victoria,
1559 457 1690 502 impe-

135 516 255 550 rator
275 512 616 558 sczcz'czt.—l9-20.
654 513 763 550 Item
795 513 1020 559 principes
1051 514 1133 550 alii
1166 517 1205 551 et
1236 514 1446 552 Boenziae
1480 517 1689 562 regina.—

132 572 191 607 21.
213 571 335 619 Quid
352 571 407 608 de
420 583 739 617 gernzanormn
760 572 889 618 lapsu
908 573 1200 611 sentiendum.

125 668 163 714 1.
230 668 339 714 Pax
369 668 570 716 Christi.
613 669 875 716 Rationem
911 670 1210 727 redditurus,
1246 671 1371 717 Rde.
1409 671 1454 716 in
1490 670 1690 717 Christo

62 746 230 802 Pater,
259 746 391 792 iussu
418 747 539 793 Rdz'.
567 747 620 793 P.
650 747 859 794 rectoris
885 749 897 771 ¹
924 763 1096 793 eorum
1128 764 1254 805 quae
1288 748 1524 805 proximis
1557 748 1690 794 hisce

62 823 312 869 mensibus
336 823 499 869 diuina
539 825 734 870 bonitas
757 825 803 869 in
827 824 920 869 hoc
951 824 1203 869 viennensi
1242 826 1452 883 collegio
1497 842 1585 882 per
1623 826 1688 871 in-

62 901 237 958 dignos
259 916 434 947 seruos
459 917 575 947 suos
600 902 798 959 operari
822 900 1027 959 dignata
1052 911 1141 959 est,
1170 903 1366 948 adnitar
1390 919 1449 949 ea
1479 919 1689 949 summa·

62 977 162 1033 tim,
201 993 298 1035 qua
332 977 501 1025 licebit
540 979 805 1036 breuitate,
846 979 1204 1036 perstringere,
1247 996 1343 1025 non
1382 980 1692 1037 praeteriens

61 1055 257 1101 interim
277 1055 559 1112 singulares
582 1056 786 1102 fauores
809 1056 956 1113 alios,
985 1056 1160 1113 quibus
1183 1057 1565 1114 benignissimus
1607 1057 1687 1102 IE-

61 1130 193 1178 SVS
217 1132 469 1178 minimam
494 1134 621 1180 hanc
640 1133 936 1179 sanctissimi
960 1133 1169 1179 nominis
1193 1134 1266 1179 sui
1290 1134 1592 1180 Societatem
1616 1150 1689 1180 as-

61 1210 198 1256 sidue
222 1211 454 1268 prosequi
488 1227 587 1258 non
617 1221 797 1258 cessat.
824 1211 1088 1269 Attingam
1113 1221 1278 1258 autem
1302 1212 1540 1269 imprimis
1566 1228 1690 1270 quae

61 1288 333 1335 domestica
368 1294 682 1335 concernunt
703 1295 721 1317 ³
749 1288 1005 1335 exercitia.

121 1364 401 1412 Conciones
426 1366 471 1412 in
496 1367 679 1423 templo
703 1376 875 1413 nostro
899 1366 1155 1413 dominicis
1173 1376 1222 1413 et
1238 1367 1377 1413 festis
1396 1367 1503 1413 aliis
1522 1368 1691 1414 diebus

62 1458 125 1489 ex
148 1459 287 1489 more
306 1443 569 1501 habentur,
596 1453 644 1490 et
668 1445 894 1502 quamuis
917 1460 1064 1491 rarus
1087 1445 1328 1491 hactenus
1358 1446 1599 1492 accedere
1624 1445 1691 1491 vi-

60 1536 143 1567 sus
166 1521 228 1567 sit
251 1521 475 1578 populus,
503 1531 604 1567 tum
629 1532 833 1579 propter
856 1522 1012 1568 horae
1037 1523 1491 1569 incommoditatem
1508 1523 1691 1580 (statim

61 1598 190 1644 enim
214 1615 244 1644 a
267 1599 476 1655 prandio
501 1598 607 1644 fieri
631 1600 1018 1657 consueuerunt)
1043 1609 1143 1645 tum
1177 1600 1395 1646 fortasse
1429 1601 1557 1657 quod
1595 1617 1691 1646 non

61 1675 264 1733 perinde
289 1685 442 1733 grata
467 1676 528 1722 sit
553 1685 653 1722 tam
678 1686 853 1734 aperta
887 1692 1125 1723 romanae
1159 1686 1308 1735 atque
1342 1678 1616 1725 catholicae
1642 1677 1690 1723 fi-

61 1753 139 1799 dei
163 1762 312 1812 atque
338 1754 593 1800 doctrinae
618 1754 906 1812 professsio;
933 1755 1179 1801 accrescit
1202 1765 1367 1801 tamen
1393 1756 1438 1801 in
1473 1756 1574 1802 dies
1607 1771 1689 1802 au-

61 1832 273 1878 ditorum
298 1847 549 1878 numerus.
580 1831 644 1878 Et
662 1832 700 1878 si
726 1841 779 1878 vt
802 1834 981 1891 coepit,
1009 1842 1189 1891 pergat
1212 1833 1388 1879 doctor
1409 1834 1593 1880 Paulus
1612 1835 1691 1891 qui

60 1909 386 1955 ecclesiasten
407 1910 453 1955 in
473 1910 657 1967 templo
675 1920 846 1957 nostro
865 1927 995 1957 nunc
1013 1912 1251 1969 temporis
1270 1911 1374 1968 agit
1392 1912 1423 1969 ²,
1445 1927 1541 1958 non
1558 1912 1687 1958 dubi-

60 1996 224 2033 tamus
248 1987 536 2045 propediem
555 1987 664 2033 fore
686 1997 738 2034 vt
762 1988 821 2033 de
845 1989 1112 2035 multorum
1143 1990 1205 2035 ad
1241 2005 1415 2035 veram
1445 1989 1592 2035 fidem
1618 2006 1689 2036 re-

60 2063 310 2122 ductione,
337 2074 386 2110 et
405 2080 618 2121 syncera
641 2080 671 2110 a
701 2065 921 2122 peccatis
954 2066 1018 2111 ad
1051 2066 1211 2112 Deum
1242 2066 1567 2112 conuersione
1601 2066 1689 2113 sibi

59 2142 346 2199 gratuletur
369 2141 599 2187 Ecclesia
623 2153 813 2189 sancta.
841 2142 1079 2201 Spiritum
1103 2144 1253 2189 habet
1283 2153 1331 2189 et
1361 2144 1619 2201 energiam
1643 2144 1690 2189 in

60 2219 267 2266 dicendo
306 2220 632 2277 singularem,
675 2220 873 2266 modum
906 2222 1054 2268 etiam
1086 2222 1411 2267 concionandi
1441 2222 1688 2278 germani-

59 2312 188 2353 cum,
216 2297 505 2354 quotidiana
529 2297 659 2344 intra
684 2298 907 2355 priuatos
941 2300 1159 2356 parietes
1193 2299 1569 2356 exercitatione,
1607 2299 1686 2345 ad-

62 2375 219 2422 discet
257 2391 429 2433 ocyus,
465 2375 683 2422 emolliet
715 2377 1062 2433 proculdubio
1093 2378 1339 2423 obdurata
1362 2377 1525 2434 populi
1548 2376 1690 2423 huius

59 2452 231 2511 corda,
254 2453 605 2499 ardentissima
623 2453 706 2499 illa
725 2469 872 2511 quam
891 2455 938 2500 in
959 2454 1164 2500 dicendo
1188 2470 1310 2511 prae
1333 2469 1386 2500 se
1409 2454 1506 2500 fert
1530 2454 1687 2500 chari-

59 2540 179 2577 tate.
206 2530 335 2576 Nam
361 2530 451 2576 etsi
475 2545 564 2576 suo
599 2539 822 2588 tempore
856 2541 1041 2589 arguat
1080 2541 1128 2577 et
1162 2532 1382 2588 increpet
1415 2540 1463 2577 et
1493 2531 1687 2590 quidem

59 2608 288 2667 grauiter
306 2608 505 2653 nimiam
526 2608 815 2665 plebeculae
839 2609 1204 2667 simplicitatem
1222 2624 1309 2654 seu
1330 2608 1499 2654 verius
1518 2609 1686 2654 leuita-

58 2696 174 2745 tem,
196 2686 357 2743 magis
376 2695 542 2732 tamen
558 2687 986 2734 obsecrationibus
1003 2687 1073 2733 vti
1097 2687 1222 2733 solet
1241 2696 1289 2733 et
1308 2686 1487 2732 sedulis
1506 2687 1570 2732 ad
1590 2687 1686 2744 pie-

58 2773 210 2810 tatem
235 2763 680 2811 exhortationibus.
708 2763 871 2822 Quam
897 2780 1002 2811 rem
1022 2780 1258 2822 magnum
1282 2764 1329 2810 in
1348 2766 1688 2811 conuertenda

105 2914 124 2933 a
174 2913 224 2950 ad
243 2913 465 2950 domestica
484 2913 699 2959 pertinent.

106 3071 116 3090 ¹
167 3070 213 3108 P.
230 3069 410 3118 Joannes
428 3071 477 3107 de
497 3070 696 3109 Victoria.
719 3071 783 3110 Cf.
805 3073 961 3110 Laz‘nz'z'
978 3072 1191 3115 Monam„
1211 3072 1280 3117 III,
1308 3072 1479 3116 atam-44&
1499 3072 1582 3120 489,
1602 3072 1683 3110 655.

105 3129 118 3150 ²
167 3129 342 3167 Indicari
361 3131 523 3168 videtur
537 3131 583 3169 P.
603 3132 757 3170 Paulus
772 3132 988 3175 Hoffaeus,
1006 3132 1074 3180 qui
1089 3134 1211 3180 paulo
1225 3137 1315 3180 post
1328 3132 1522 3180 Pragam,
1538 3137 1683 3179 rector,

64 3187 210 3226 missus
229 3193 303 3227 est.
326 3188 392 3227 Cf.
413 3189 771 3235 BRAUNSBERGER,
792 3191 845 3229 Β.
866 3191 992 3229 Petri
1011 3191 1179 3230 Canz‘sz‘z'
1194 3191 1349 3239 Epist„
1369 3191 1419 3236 II,
1439 3192 1520 3229 305.
