2051 3516
523 285 839 322 108.—PAR1S115
864 284 887 321 6
913 285 1157 322 NOVEMBms
1189 286 1277 322 1557
1599 287 1668 323 415>

86 379 423 425 aristotelicae
463 381 768 426 excolendae
813 396 920 426 sese
965 380 1318 437 exhibuerunt,
1367 381 1538 438 reliqui
1575 382 1712 427 Cice-

84 471 252 501 ronem
305 456 510 501 dicendo
565 457 852 503 imitandum
907 457 997 502 sibi
1051 469 1436 514 proposuerunt.
1486 459 1713 515 Quorum

81 532 296 578 omnium
335 534 536 578 vberior
569 534 762 580 fructus
797 534 1113 591 percipietur,
1141 535 1181 579 si
1216 551 1279 580 ex
1312 535 1404 580 hac
1440 534 1713 582 domestica

82 609 430 666 vmbratilique
454 610 812 656 exercitatione
836 611 881 656 in
906 611 1225 667 propatulum
1250 611 1565 668 prodeamus.
1599 613 1712 658 Pre-

79 695 219 732 terea
250 687 317 732 ita
340 702 393 732 se
417 688 622 744 quisque
656 698 882 733 nostrum
916 688 1065 744 gerit,
1097 699 1145 732 vt
1180 703 1349 733 omnes
1384 689 1446 734 ad
1481 690 1707 735 obedien—

83 764 201 809 tiam
227 764 570 821 paratissimos
594 781 647 810 se
671 764 964 823 significent.

137 841 179 885 3.
249 838 348 885 Sed
387 841 636 898 copiosior
671 857 733 887 ex
766 842 907 888 nobis
948 842 991 886 in
1034 842 1313 898 proximum
1353 842 1563 901 fructus,
1605 860 1715 889 cum

81 918 264 963 erimus
298 919 561 976 collegium
597 919 904 976 consequuti,
941 919 1230 976 auspicante
1266 919 1483 976 Christo,
1517 921 1712 967 existet:

81 995 211 1051 quod
235 994 363 1040 effici
388 1011 532 1052 posse
557 1012 652 1041 non
678 997 823 1042 aliter
853 999 1276 1054 putamus‚‘quam
1301 998 1340 1043 si
1365 1007 1416 1043 tu
1442 1014 1532 1054 pro
1557 1008 1642 1043 tua
1667 1000 1712 1044 in

81 1071 205 1117 filios
230 1072 276 1117 in
300 1072 430 1129 Xpo.
457 1082 569 1119 tuos
604 1074 849 1120 charitate
884 1074 947 1119 ad
978 1074 1137 1120 Deum
1164 1090 1338 1131 preces
1362 1074 1558 1131 fundaS‚
1586 1077 1716 1132 quod

80 1149 431 1195 humanissime
465 1151 614 1196 etiarn
650 1161 799 1208 atque
834 1152 981 1197 etiam
1017 1167 1045 1196 a
1080 1161 1128 1197 te
1152 1167 1438 1197 exoramus.
1468 1151 1620 1197 Cuius
1647 1153 1716 1198 rei

81 1227 376 1273 mentionem
408 1229 601 1285 quidem
638 1229 806 1275 facere
840 1229 1006 1285 coegit
1041 1246 1118 1275 me
1152 1231 1308 1276 nostri
1333 1246 1542 1284 summa,
1571 1246 1716 1288 quam

81 1305 211 1362 apud
235 1321 287 1351 se
318 1306 439 1351 clari
470 1307 517 1351 in
553 1308 676 1352 vrbe
712 1316 882 1352 nostra
919 1307 1010 1352 viri
1046 1308 1376 1365 concitarunt,
1415 1309 1713 1364 expectatio;

81 1383 160 1440 qui
202 1383 293 1428 vim
327 1398 564 1440 magnam
599 1384 705 1429 auri
741 1394 788 1429 et
823 1384 1035 1441 argenti,
1063 1385 1102 1430 si
1127 1385 1259 1430 nacti
1294 1386 1716 1442 opportunitatem

81 1472 260 1516 essent,
284 1461 329 1506 in
350 1461 787 1519 extruendonobis
806 1462 1018 1518 collegio
1039 1462 1314 1518 rependere
1334 1463 1530 1508 minime
1551 1462 1716 1508 differ-

83 1548 208 1585 rent.
235 1537 432 1584 Interea
461 1555 580 1584 vero
606 1540 719 1584 dum
744 1539 924 1584 sensim
949 1549 1142 1596 tempus
1167 1539 1286 1597 fluit,
1316 1556 1378 1585 ex
1402 1540 1459 1585 iis
1484 1540 1563 1597 qui
1589 1540 1632 1585 in
1658 1555 1718 1585 ea

81 1632 166 1673 spe
191 1625 351 1673 erant,
384 1617 601 1670 nonnulli
635 1633 726 1663 sua
760 1618 953 1674 decepti
987 1618 1216 1674 opinione
1251 1618 1296 1663 in
1331 1619 1500 1663 coelos
1533 1619 1715 1675 migra-

82 1705 208 1740 runt.
248 1694 315 1739 At
351 1694 537 1740 vtinam
572 1695 875 1751 reliquorum
911 1695 954 1740 in
991 1705 1243 1752 posterum
1279 1696 1403 1742 bene
1438 1696 1633 1753 quidem
1671 1696 1715 1741 in

82 1787 171 1817 nos
195 1771 497 1831 affectorum
523 1788 616 1817 non
644 1773 876 1829 desimUS,
903 1789 963 1818 ne
988 1773 1138 1819 tacite
1174 1773 1388 1831 quidem,
1426 1789 1600 1819 eorum
1636 1789 1716 1818 ex-

82 1849 364 1907 pectationi,
403 1865 549 1906 quam
585 1850 623 1895 si
659 1851 1042 1907 expleuerimus,
1077 1851 1415 1897 incredibilem
1448 1852 1492 1896 in
1524 1867 1717 1897 omnem

82 1927 425 1983 posteritatem
450 1927 991 1985 incomparabilemque
1017 1928 1232 1974 fructum
1257 1938 1608 1986 percepturam
1635 1930 1717 1975 im-

82 2005 252 2062 primis
272 2005 602 2061 iuuentutem,
630 2015 780 2064 atque
815 2007 940 2052 adeo
975 2022 1133 2063 genus
1158 2022 1302 2052 omne
1327 2007 1576 2052 hominum
1612 2023 1716 2064 spe-

83 2098 268 2130 ramus.

170 2161 305 2206 Bene
334 2161 396 2207 sit
429 2161 532 2217 tibi,
559 2162 612 2207 P.
641 2161 721 2212 R..
749 2163 1029 2219 ceterisque
1054 2163 1289 2209 Patribus
1314 2179 1523 2220 quorum
1561 2163 1716 2220 preci-

82 2239 174 2284 bus
207 2239 447 2284 associari
482 2254 652 2284 omnes
686 2239 1045 2297 desideramus,
1072 2240 1156 2285 tibi
1182 2240 1373 2297 illisque
1399 2240 1662 2297 plurimum
1688 2255 1717 2285 a

82 2315 191 2361 Deo
225 2316 398 2361 salutis
438 2325 684 2372 optantes.
728 2316 925 2362 Lutetie
966 2316 1270 2362 Parisiorum
1316 2330 1458 2362 sexto
1499 2317 1576 2362 die
1621 2317 1715 2361 No-

84 2393 318 2438 uembris.

173 2469 231 2514 T.
256 2470 308 2515 Ρ.
337 2469 397 2515 R.
426 2470 792 2527 indignissimus
818 2471 960 2523 filius,

992 2562 1236 2609 CARoLUs
1270 2562 1529 2608 SAGERIUS
1564 2564 1595 2608 ¹.

174 2654 465 2713 Inscriptio.
503 2656 627 2702 Rdo.
656 2656 703 2701 in
727 2656 858 2713 XpO.
887 2657 985 2702 Pri.
1014 2658 1144 2703 Dno.
1171 2658 1363 2718 jacobo
1394 2659 1616 2715 Laynez‚
1649 2659 1715 2705 vi-

84 2733 222 2778 cario
245 2734 469 2790 generali
493 2733 760 2780 Societatis
785 2735 993 2780 nominis
1018 2735 1153 2794 Jesu,
1178 2736 1222 2780 in
1248 2736 1373 2780 aede
1398 2736 1588 2781 Beatae
1614 2736 1716 2781 Ma-

86 2811 190 2857 riae
215 2811 343 2857 della
368 2810 567 2858 Sti-ada.
595 2812 806 2858 Romae.

174 2888 293 2934 Alia
317 2903 495 2935 manu.
524 2888 575 2936 S.
603 2889 666 2936 A.
698 2891 826 2936 1557.

133 3046 143 3064 ¹
200 3044 302 3081 Vide
322 3044 598 3089 Fououssaitxx',
620 3044 816 3082 Histoire
830 3044 884 3081 de
904 3046 945 3081 la
967 3029 1450 3131 Coztzpczgnfffsefsus
1467 3056 1517 3082 en
1536 3045 1716 3089 France,

85 3103 113 3149 Ι,
134 3103 216 3148 521,
237 3103 319 3148 522,
339 3104 420 3148 527,
442 3104 523 3149 5533
546 3104 595 3147 Π,
617 3103 687 3140 273
707 3117 792 3151 sqq.
1256 3111 1267 3119 k
