2051 3516
349 326 395 362 46
811 322 1027 359 LITTERAE
1055 322 1406 367 QUADRIMESTRES

363 420 381 428 -ι

359 434 401 464 o.
468 416 738 463 Dominicis
763 425 810 462 et
833 416 969 462 festis
995 415 1162 461 diebus
1195 423 1478 460 nostrorum
1513 414 1686 471 aliquis
1718 429 1913 470 semper

302 495 621 542 concionatur
665 493 858 549 populo.
905 491 1162 537 Preteritis
1196 491 1300 535 istis
1338 490 1508 536 diebus
1551 491 1621 536 M.
1663 490 1911 550 Johannes

300 570 428 616 Redt
451 569 618 614 habuit
641 569 913 613 orationem
939 567 1319 624 quotlubeticam
1345 566 1402 611 de
1426 566 1669 612 charitate
1693 568 1705 590 ¹
1727 581 1911 623 magna

301 662 407 693 cum
431 645 595 703 gratia
619 655 665 690 et
695 645 875 689 fructu.
908 644 972 689 M.
1010 643 1308 688 Franciscus
1343 641 1583 688 Costerus
1617 642 1767 687 etiam
1802 658 1910 688 ora-

300 723 480 769 tionem
503 721 672 767 habuit
695 721 741 766 in
765 721 934 766 schola
957 721 1302 776 theologorum
1333 720 1378 764 in
1403 719 1573 776 vigilia
1597 719 1789 764 Natalis
1813 719 1911 764 Do-

300 799 428 853 mini,
455 807 716 855 praesente
740 806 934 842 rectore
957 796 1292 841 vniuersitatis
1317 796 1519 852 aliisque
1544 795 1664 841 viris
1687 811 1781 841 non
1812 795 1910 841 infi-

300 892 376 921 me
401 874 703 927 conditionis,
731 889 839 919 cum
864 874 1077 918 omnium
1101 888 1284 930 magna
1307 873 1646 918 satisfactione
1671 874 1701 917 ².

356 953 397 998 6.
462 951 574 1010 Jam
599 951 737 996 breui
760 965 938 995 nouum
967 949 1260 995 intrabimus
1295 950 1572 1006 collegium,
1610 950 1740 1005 quod
1773 964 1910 995 sena-

299 1040 376 1075 tus
400 1027 687 1073 coloniensis
711 1026 953 1083 magistro
977 1025 1188 1083 johanni
1214 1026 1342 1072 Redt
1365 1026 1411 1071 in
1435 1026 1648 1082 gratiam
1673 1026 1909 1071 studioso-

300 1121 422 1157 rum,
450 1105 569 1149 Vtin
600 1119 657 1148 eo
691 1103 978 1159 doceantur,
1015 1103 1258 1148 concessit
1293 1104 1323 1159 3;
1361 1118 1451 1148 nec
1484 1103 1763 1148 dubitamus
1797 1103 1909 1158 quin

300 1190 497 1226 senatus
530 1180 789 1236 collegium
819 1180 977 1224 adhuc
1001 1195 1090 1236 pro
1114 1189 1218 1224 toto
1242 1179 1381 1225 nobis
1405 1179 1619 1235 donabit,
1647 1195 1793 1235 quam
1818 1179 1908 1236 pri-

299 1273 427 1302 mum
451 1257 717 1312 inceperint
740 1256 1025 1312 conspicere
1056 1255 1266 1301 fructum
1301 1272 1442 1313 quem
1476 1257 1631 1301 nostri
1665 1257 1803 1302 breui
1838 1256 1909 1313 (vt

301 1335 345 1379 in
369 1334 579 1379 Domino
603 1334 876 1390 speramus>
901 1332 1079 1378 facturi
1104 1343 1214 1378 sunt
1238 1336 1271 1378 a.
1459 1342 1460 1345 ’

359 1410 398 1456 7.
464 1410 615 1455 Rdus.
643 1410 862 1454 dominus
885 1409 1101 1469 Joannes
1127 1408 1419 1466 Grupperus
1443 1411 1474 1466 4,
1508 1410 1772 1467 singularis
1804 1410 1906 1456 fau-

300 1496 405 1532 ctor
430 1486 706 1543 Societatis‚
733 1488 936 1531 multum
961 1496 1219 1542 promouet
1243 1486 1445 1542 negotia
1465 1497 1635 1532 nostra
1659 1487 1786 1543 apud
1811 1503 1907 1532 om-

300 1578 400 1618 nes,
433 1562 668 1617 singulari
692 1578 781 1607 sua
804 1562 1146 1607 beneuolentia
1180 1578 1276 1619 qua
1310 1578 1434 1619 erga
1466 1572 1605 1608 nost1
1609 1579 1662 1608 os
1697 1563 1908 1608 affectus

299 1644 383 1684 est.
412 1637 643 1684 Similite1
666 1639 816 1684 Rdus.
844 1639 923 1684 Pr.
953 1640 1087 1696 piior
1111 1640 1431 1685 carthusiae⁵
1440 1642 1630 1695 ,bonus
1654 1641 1732 1686 ille
1757 1656 1907 1686 senex

301 1725 347 1760 et
372 1725 605 1771 patronus
630 1715 762 1771 facit,
790 1716 994 1772 idipsum
1019 1725 1066 1761 et
1090 1717 1233 1761 amici
1258 1732 1425 1762 omnes
1448 1717 1649 1762 faciunt.

357 1790 398 1835 8.
466 1791 710 1847 Prospera
734 1792 893 1837 adhuc
918 1808 1086 1838 omnes
1110 1793 1321 1838 fruimur
1346 1794 1640 1850 valetudine,
1678 1793 1783 1839 laus
1816 1794 1907 1838 X.0

302 1866 427 1911 Dno.
469 1867 627 1911 Amici
666 1867 818 1912 nostri
858 1868 918 1912 D.
961 1867 1269 1925 GrupperuS,
1310 1869 1370 1914 R.
1413 1870 1465 1914 P.
1509 1870 1641 1925 prior
1680 1881 1727 1915 et
1765 1870 1907 1915 amici

301 1958 468 1987 omnes
501 1944 759 1998 plurimum
791 1959 899 1989 sese
933 1946 1275 1991 commendant
1314 1946 1365 1991 P.
1400 1947 1465 1991 V.
1493 1945 1725 1992 Similiter
1748 1957 1795 1993 et
1818 1963 1906 1992 nos

301 2034 467 2064 omnes
492 2035 601 2064 cum
625 2030 728 2065 tota
750 2031 921 2066 nostra
944 2022 1146 2067 familia.
1174 2023 1324 2068 Rdos.
1362 2023 1538 2069 Patres
1571 2033 1619 2069 et
1647 2024 1831 2070 fratres
1860 2024 1907 2069 in

300 2095 505 2140 Domino
529 2097 812 2141 salutamus.
840 2098 970 2143 Bene
995 2100 1161 2145 valeat
1194 2099 1246 2144 P.
1275 2099 1341 2144 V.
1378 2100 1575 2157 Raptim
1610 2100 1847 2146 Coloniae
1881 2101 1907 2146 2

302 2170 521 2229 Januarii
549 2172 675 2216 1557.

387 2246 446 2291 R.
474 2247 526 2292 P.
553 2247 619 2292 V.
646 2263 820 2294 seruus
844 2250 1086 2307 indignus,

1090 2333 1115 2381 †
1148 2329 1458 2375 LEONARDUS
1490 2331 1692 2377 KEssEL
1725 2335 1750 2384 †
1784 2332 1814 2376 ⁶.

346 2446 365 2464 ἃ
414 2446 535 2491 Quae
552 2452 794 2492 sequuntur
811 2460 944 2495 nsque
961 2451 1104 2497 raptim
1125 2453 1351 2495 exclusive,
1374 2465 1459 2490 non
1478 2458 1582 2490 sunt
1596 2455 1641 2490 in
1660 2455 1855 2492 Hansen.

349 2577 358 2595 ¹
410 2576 468 2612 Ita
487 2577 719 2613 dicebantur
737 2591 864 2624 genus
889 2581 1084 2626 quoddam
1112 2582 1422 2628 disputationum
1449 2584 1489 2620 in
1515 2584 1777 2621 universitate
1804 2585 1905 2621 colo-

301 2635 440 2677 niensi,
462 2648 597 2672 mense
617 2637 815 2673 decembri
836 2639 972 2675 haberi
992 2640 1146 2685 solitae,
1168 2642 1208 2677 in
1226 2643 1369 2688 quibus
1387 2643 1492 2679 serio
1510 2644 1628 2679 simul
1648 2649 1687 2680 et
1704 2645 1836 2691 jocose
1856 2644 1905 2680 de

300 2693 477 2738 qualibet
507 2706 548 2729 re
580 2694 769 2741 disputari
800 2697 959 2734 licebat.
994 2698 1055 2735 Cf.
1086 2699 1561 2747 BRAUNSBERGER,B.1⁴1'
1586 2702 1709 2739 Petri
1734 2703 1908 2739 Camfflszz

302 2753 553 2796 epistulae...
563 2753 618 2796 ,,Ι
643 2753 718 2795 124
740 2754 820 2797 662
841 2755 1027 2798 HANsEN,
1049 2759 1121 2794 loc.
1143 2760 1223 2801 cit.
1244 2759 1324 2796 285.

347 2810 359 2828 2
410 2809 912 2858 Cf.POLANCUM‚Cl210n
933 2815 1006 2859 VI,
1026 2817 1105 2853 418.

346 2869 357 2887 ³
408 2869 512 2905 Vide
532 2870 696 2907 inferius
716 2873 826 2918 epist.
849 2873 1015 2911 Somalii
1033 2875 1079 2911 23
1097 2876 1246 2914 Martii.
1270 2877 1500 2925 Collegium
1525 2880 1623 2916 illud
1647 2880 1791 2917 dicitur
1818 2894 1904 2918 «no-

302 2939 413 2963 vum»
436 2932 503 2963 aut
526 2929 862 2968 «tricoronatum».

346 2986 358 3004 ⁴
408 2985 512 3022 Vide
532 3000 621 3033 pag.
642 2987 675 3028 ⁴2.
697 2996 827 3027 annot.
854 2991 882 3026 1.

345 3044 357 3063 ⁵
407 3043 614 3081 Gerardus
634 3047 964 3086 Hammontanus.
987 3051 1099 3097 Ibid.,
1121 3061 1253 3090 annot.
1275 3054 1308 3090 2.

346 3102 360 3121 ὅ
410 3103 514 3140 Vide
534 3117 623 3150 pag.
646 3108 679 3149 4,
702 3113 834 3143 annot.
855 3108 888 3144 3.
