2051 3516
535 275 922 314 2O9.-V1N1)0130NA
948 278 989 314 31
1021 277 1226 315 Ocrossms
1256 278 1345 320 1558
1638 279 1704 316 861

128 375 489 432 susceptionem
513 376 709 424 diuinae
733 378 979 426 Maiestati
1003 380 1193 437 obtulit,
1217 391 1263 426 et
1287 390 1461 438 postea
1485 381 1531 426 in
1556 380 1753 438 scriptis

129 467 190 498 ea
213 452 398 498 rectori
423 454 627 500 tradidit
652 456 682 501 ¹.

192 529 259 574 11.
327 528 614 587 Coeperunt
639 532 789 578 etiam
812 533 1000 579 fratres
1023 534 1104 580 alii
1128 550 1191 580 ex
1215 535 1527 581 ordinatione
1558 535 1669 581 Rdi.
1698 534 1750 581 P.

129 607 448 664 prouincialis
471 609 747 666 spiritualia
766 611 1008 657 exercitia
1032 611 1217 658 facere.
1241 612 1369 658 Nam
1393 613 1536 658 huius
1555 613 1754 659 videba-

127 692 209 730 tur
232 700 341 731 esse
364 685 511 731 animi
537 696 589 732 vt
611 703 810 744 semper
833 688 1007 746 aliquis
1033 689 1078 734 in
1102 689 1207 735 istis
1230 700 1581 747 occuparetur.
1608 689 1754 736 Dice-

129 761 215 807 bat
239 761 366 807 enim
398 763 527 820 quod
562 765 972 821 quemadmodum
997 765 1151 812 Rdus.
1179 766 1233 813 P.
1260 767 1320 812 N.
1347 776 1552 813 sanctae
1576 782 1755 813 memo-

129 837 250 895 riae,
275 838 516 898 Ignatius,
543 857 631 898 per
664 842 815 889 hasce
839 843 1183 889 meditationes
1207 859 1350 890 suum
1374 845 1507 890 illum
1532 845 1757 902 spiritum

128 915 391 973 hausisset,
424 917 492 964 ita
525 919 699 975 procul
732 919 878 965 dubio
913 920 1097 966 eisdem
1133 921 1305 967 mediis
1338 922 1478 968 nobis
1512 922 1616 968 eius
1648 921 1758 967 filiis

130 993 339 1039 eundem
373 993 523 1040 etiarn
557 995 782 1054 spiritum
820 997 1205 1054 impartiendum
1244 1014 1370 1056 esse,
1406 999 1551 1045 modo
1585 999 1757 1045 sedulo

128 1085 241 1116 eum
266 1086 569 1128 quaeramus
592 1082 640 1119 et
663 1073 1016 1131 longanimiter
1040 1084 1377 1131 expectemus.

193 1147 260 1194 12.
326 1148 627 1196 Adduxerat
649 1150 744 1196 huc
768 1166 936 1197 secum
960 1151 1089 1197 idem
1113 1151 1280 1198 Rdzts.
1309 1151 1362 1198 P.
1395 1151 1456 1197 D.
1485 1152 1755 1198 Theodori-

129 1241 241 1272 cum
275 1228 753 1275 amsterdamensem
780 1229 795 1253 2
816 1239 867 1274 vt
891 1229 981 1275 sibi
1017 1229 1063 1274 in
1097 1229 1501 1287 peregrinatione
1524 1230 1754 1286 polonica

128 1319 294 1350 comes
319 1314 465 1351 esset.
494 1305 689 1352 Verum
712 1306 856 1352 aliter
879 1322 992 1352 cum
1016 1322 1076 1352 eo
1100 1307 1265 1353 diuina
1289 1308 1393 1364 egit
1416 1307 1749 1365 prouidentia.

130 1380 372 1428 Postridie
397 1383 524 1428 enim
549 1399 696 1440 quam
726 1384 821 1430 huc
849 1399 1000 1430 sanus
1024 1393 1072 1430 et
1094 1383 1352 1430 incolumis
1376 1385 1663 1442 appulisset,
1690 1384 1759 1430 fe-

129 1460 205 1506 bri
228 1471 490 1519 correptus
514 1471 588 1507 est
612 1461 898 1508 acutissima
922 1462 988 1508 ita
1014 1471 1066 1508 vt
1089 1462 1260 1519 spacio
1299 1462 1351 1508 12
1384 1462 1576 1508 dierum
1600 1476 1718 1508 eum
1744 1468 1762 1489 ²

128 1539 490 1596 consumpserit
523 1548 571 1585 et
603 1539 885 1586 extinxerit.
913 1539 990 1585 De
1014 1539 1156 1585 huius
1181 1539 1284 1586 vita
1319 1549 1367 1586 et
1402 1549 1565 1586 morte
1588 1549 1752 1586 tacen-

127 1615 242 1661 dum
276 1616 438 1673 potius
472 1616 585 1662 mihi
620 1632 766 1674 quam
801 1616 1114 1663 scribendum
1148 1617 1331 1674 aliquid
1365 1627 1500 1674 put0.
1537 1617 1664 1663 Nam
1698 1633 1758 1663 ea

129 1693 220 1739 fuit
242 1693 384 1740 huius
408 1693 460 1740 P.
495 1694 554 1740 N.
582 1703 685 1740 tum
719 1694 766 1739 in
800 1694 903 1740 vita
937 1704 1041 1740 tum
1073 1694 1121 1740 in
1155 1704 1316 1741 morte
1351 1695 1681 1741 sanctimonia
1705 1704 1758 1741 vt

127 1786 240 1817 cum
264 1772 433 1818 verbis
456 1773 626 1818 laudes
662 1773 766 1818 eius
800 1788 1089 1829 exaequare
1124 1788 1220 1818 non
1256 1773 1456 1831 possim,
1484 1774 1758 1819 obscurare

126 1849 293 1899 Verius
333 1865 481 1907 quam
519 1850 795 1896 clarissima
834 1849 929 1895 Dei
968 1851 1015 1896 in
1054 1850 1160 1907 ipso
1198 1850 1327 1896 dona
1366 1851 1617 1896 illustrare
1660 1865 1758 1896 me-

128 1936 282 1973 tuam.
309 1927 437 1973 Noui
461 1943 574 1973 eum
598 1927 808 1973 Louanii
833 1927 934 1985 (vbi
959 1938 1006 1973 et
1029 1928 1076 1973 in
1100 1927 1448 1985 philosophicis
1472 1927 1645 1973 studiis
1668 1927 1757 1972 fui-

132 2019 239 2050 mus
278 2005 672 2062 commilitones).
709 2003 1031 2062 Singularem
1069 2021 1268 2062 semper
1302 2021 1423 2062 prae
1455 2020 1506 2050 se
1530 2005 1638 2050 tulit
1662 2004 1759 2050 iam

130 2080 242 2128 inde
275 2083 340 2128 ab
378 2082 514 2128 initio
550 2097 661 2128 cum
693 2082 968 2129 humilitate
998 2083 1317 2129 coniunctam
1346 2083 1599 2140 pietatem,
1634 2092 1683 2128 et
1712 2082 1760 2128 in

132 2159 305 2205 studiis
329 2159 522 2217 quidem
545 2160 893 2217 philosophicis
921 2170 1115 2206 tanturn
1154 2160 1365 2206 Louanii
1407 2158 1670 2217 promouit,
1708 2169 1762 2205 vt

133 2237 348 2283 omnium
373 2237 775 2284 examinatorum
794 2238 1012 2284 vnanimi
1033 2253 1276 2284 consensu
1300 2238 1486 2294 primas
1505 2237 1608 2294 ipse
1632 2236 1761 2283 inter

132 2330 304 2361 omnes
327 2315 546 2361 eiusdem
570 2315 714 2361 studii
744 2316 908 2362 socios
942 2315 1089 2361 facile
1124 2315 1407 2361 obtinuerit.
1436 2314 1625 2360 Deinde
1650 2329 1760 2360 cum

132 2401 366 2449 parentes
390 2393 533 2449 (quos
556 2393 726 2439 habuit
748 2403 796 2439 et
820 2394 1056 2439 natalium
1091 2393 1354 2450 splendore
1389 2407 1484 2437 non
1519 2392 1762 2437 obscuros

132 2478 181 2515 et
219 2470 470 2516 consulari
508 2470 657 2516 etiam
695 2470 935 2528 dignitate
968 2470 1213 2517 sublimes
1246 2470 1284 2528 b)
1315 2485 1444 2527 cum,
1472 2470 1688 2527 inquam,
1715 2468 1761 2514 hi

134 2546 317 2593 vellent
351 2556 405 2593 vt
442 2546 861 2605 jurisprudentiae
894 2563 1101 2606 operam
1134 2547 1294 2602 daret,
1332 2547 1535 2603 eiusque
1574 2546 1763 2592 animus

182 2720 200 2742 a
251 2715 338 2752 eius
356 2727 513 2762 corpus.
566 2714 633 2743 ——b
659 2715 804 2753 claros.

184 2873 193 2893 ¹
244 2872 392 2910 Frater
410 2872 459 2909 de
478 2885 556 2920 quo
574 2872 637 2909 hic
656 2873 792 2920 agitur
810 2872 884 2910 fuit
901 2872 1175 2910 wendelinus
1196 2871 1408 2917 V’olckius,
1429 2876 1474 2908 ut
1499 2871 1584 2919 ipse
1614 2871 1654 2908 in
1682 2871 1765 2918 epi-

133 2933 237 2970 stola
255 2933 306 2969 ad
324 2932 514 2969 Lainium
534 2932 627 2970 data
652 2932 817 2970 fatetur.
849 2932 912 2970 Cf.
948 2932 1102 2969 Laim'i
1132 2932 1344 2976 Monam„
1377 2930 1462 2975 111..
1495 2930 1577 2968 572.
1612 2930 1762 2968 Postea

134 2998 322 3029 constans
342 2998 382 3029 et
400 2992 578 3030 virtuose
597 2992 638 3029 in
656 2993 866 3030 vocatione
883 2992 1176 3040 perseveravit.
1209 2991 1274 3029 Cf.
1303 2991 1663 3036 BRAUNSBERGER,
1686 2991 1762 3028 loc.

135 3052 217 3096 cit.‚
237 3052 410 3090 308-309.

184 3112 197 3131 ²
247 3112 340 3149 Dici
359 3112 481 3149 etiam
500 3112 604 3150 solet
621 3112 897 3150 Theodoricus
916 3112 1050 3160 Major
1069 3117 1109 3149 et
1128 3111 1282 3149 Theod.
1304 3110 1493 3157 Gerardi,
1524 3111 1764 3149 Geeraerts.
