2051 3516
423 300 491 336 :364
914 303 920 338 l
935 315 1001 339 ,111
1015 314 1125 339 Elem:
1153 304 1505 348 QUADRmfflsrREs

379 397 587 451 quodam
637 413 835 443 rumore
875 399 937 443 ad
983 414 1071 443 nos
1116 399 1280 443 hostes
1324 398 1578 444 intendere
1618 401 1648 456 ¹,
1690 415 1801 445 curn
1841 417 1993 458 prope

379 473 603 518 omnibus
627 474 685 518 de
709 474 809 519 suis
843 476 990 520 rebus
1015 474 1268 531 potissima
1293 489 1460 520 secum
1494 476 1878 535 asportantibus,
1905 494 1992 524 nos

379 564 569 605 quoque
594 550 690 594 alio
716 550 1055 606 proficiscendi
1081 550 1335 596 consilium
1360 566 1668 607 ceperamus.
1691 551 1790 598 Sed
1807 569 1902 599 non
1922 554 1992 600 ita

380 625 530 670 multo
565 635 691 682 post,
721 626 827 671 Deo
863 643 1063 672 suorum
1100 627 1422 672 humilitatem
1457 637 1776 685 agnoscente,
1804 630 1883 685 qui
1915 646 1992 675 vr-

376 712 522 756 gente
547 702 639 746 hac
664 703 880 747 maxima
915 703 1197 748 calamitate
1231 703 1426 759 culpam
1460 718 1600 749 suam
1634 719 1990 761 recognoscen-

376 787 448 822 tes
473 793 580 823 sese
615 779 677 823 ad
710 778 868 824 Deum
894 779 1144 835 diuosque,
1173 795 1283 823 cum
1308 779 1543 835 imprimis
1569 796 1674 837 rex,
1701 789 1803 826 tum
1838 783 1991 828 ceteri

377 870 544 899 omnes
578 864 949 911 conuerterant,
987 856 1139 901 tristis
1172 856 1265 912 hic,
1302 855 1382 912 qui
1417 856 1879 915 circumferebatur,
1914 875 1990 904 ru-

378 947 486 975 mor
512 946 694 976 raucus
719 933 980 988 aliquando
1004 941 1077 978 est
1100 933 1277 977 factus.

436 1007 477 1052 2.
544 1007 709 1065 Atque
736 1017 787 1053 vt
812 1009 854 1053 in
881 1009 1181 1065 nauigando,
1209 1008 1279 1053 sic
1308 1024 1396 1054 nos
1420 1009 1700 1065 tempestati
1734 1010 1993 1067 obsequuti

377 1099 567 1140 sumus,
604 1100 693 1129 nec
728 1094 968 1141 perpetua
1003 1086 1048 1129 in
1083 1085 1221 1130 nobis
1255 1085 1314 1130 de
1348 1085 1575 1141 profectu
1609 1087 1851 1132 sententia
1884 1103 1990 1143 per-

377 1161 569 1206 mansit.
599 1161 742 1217 Quae
761 1177 869 1207 cum
893 1163 1027 1207 ciues
1050 1162 1347 1218 parisienses
1366 1162 1591 1207 viderent
1616 1162 1885 1219 (prosperis
1909 1180 1992 1209 an-

376 1246 456 1282 tea
483 1238 631 1283 rebus
657 1238 929 1294 occaecati)
955 1238 999 1282 in
1024 1254 1131 1283 sese
1156 1238 1474 1296 descendere,
1501 1247 1549 1284 et
1579 1239 1643 1284 ab
1677 1240 1807 1284 omni
1840 1255 1989 1297 nego-

375 1313 442 1359 tio
467 1315 527 1359 ad
560 1315 912 1360 conscientiam
947 1331 1088 1360 suam
1122 1316 1255 1360 velut
1289 1331 1486 1361 sacram
1520 1316 1791 1362 anchoram
1825 1317 1991 1363 confu-

374 1407 497 1447 gere
522 1401 633 1436 sunt
663 1391 841 1436 coacti.
870 1391 978 1436 Hac
1016 1392 1141 1436 enim
1177 1400 1469 1448 tempestate
1499 1391 1617 1437 facti
1646 1393 1990 1449 prudentiores

375 1484 515 1513 suam
540 1478 855 1524 agnouerunt
875 1469 1086 1524 culpam,
1109 1469 1432 1525 quamobrem
1452 1469 1545 1514 Dei
1564 1470 1866 1526 benignitate
1890 1470 1986 1516 fre-

375 1545 673 1601 quentissimi
699 1544 761 1590 ad
785 1561 873 1590 nos
898 1545 1173 1590 confessuri
1208 1546 1465 1591 accedunt.
1495 1544 1577 1591 Sic
1609 1547 1751 1592 nobis
1785 1547 1985 1593 vexatio
2015 1602 2018 1607 Ι

373 1622 676 1667 intellectum
701 1622 847 1679 dedit,
877 1632 929 1667 vt
963 1622 1009 1667 in
1045 1638 1253 1679 quorum
1290 1623 1535 1669 obliuione
1569 1633 1717 1670 antea
1750 1624 1886 1670 Deus
1920 1624 1988 1682 ja-

374 1708 562 1756 cuerat,
590 1715 721 1744 nunc
745 1699 882 1755 quasi
907 1700 1126 1755 sepultus
1161 1700 1207 1744 in
1241 1700 1527 1746 eorumdem
1562 1701 1804 1746 mentibus
1829 1717 1990 1747 resus-

373 1776 504 1822 citet.
522 1775 653 1821 ·Illud
685 1776 809 1821 enim
842 1777 1055 1822 maxime
1080 1777 1125 1822 id
1150 1778 1333 1834 arguit,
1361 1778 1490 1834 quod
1515 1794 1625 1823 cum
1649 1794 1678 1823 a
1703 1779 1866 1823 multis
1887 1777 1988 1835 jam

373 1853 512 1897 annis
546 1854 679 1898 nulla
713 1853 759 1897 in
793 1853 1042 1899 hereticos
1076 1864 1205 1899 esset
1238 1855 1620 1911 animaduersio,
1655 1856 1991 1911 superioribus

373 1929 544 1975 diebus
568 1945 721 1986 prope
747 1930 940 1975 ducenti
977 1930 1233 1987 Vtriusque
1256 1947 1404 1976 sexus
1428 1931 1632 1977 heretici
1656 1932 1703 1976 in
1727 1947 1984 1978 carcerem

373 2007 581 2052 coniecti
606 2006 804 2052 fuerint.

431 2082 473 2128 3.
540 2084 670 2129 Male
695 2085 920 2141 equidem
945 2085 1145 2141 (optime
1181 2101 1302 2130 vero
1338 2086 1450 2141 quia
1484 2085 1575 2130 Dei
1612 2086 1853 2131 voluntati
1879 2101 1989 2131 con-

373 2170 614 2216 gruenter
638 2162 823 2218 actum)
848 2171 921 2207 est
945 2177 1229 2219 processum
1254 2163 1382 2219 apud
1408 2178 1511 2219 nos,
1535 2163 1663 2219 quod
1688 2163 1767 2219 qui
1792 2163 1991 2209 Vltimus

373 2238 418 2282 in
444 2236 745 2284 Societatem
782 2240 1088 2296 cooptandus
1122 2250 1422 2296 accesserat,
1450 2240 1740 2297 profuturus
1775 2240 1852 2285 ille
1886 2241 1985 2297 qui-

372 2315 497 2371 dem,
525 2315 734 2361 feliciter
754 2316 873 2362 obiit
895 2326 1067 2362 nostro
1102 2332 1220 2361 sane
1255 2333 1437 2373 magno
1461 2317 1786 2374 incommodo,
1814 2317 1988 2375 quippe

371 2400 423 2436 vt
448 2392 526 2449 qui
551 2393 788 2438 sacerdos
821 2402 969 2446 esset,
996 2394 1053 2438 iis
1088 2394 1165 2450 qui
1202 2394 1595 2439 confessionibus
1629 2395 1882 2440 audiendis
1913 2411 1985 2440 sa-
2043 2456 2047 2458 ‚

369 2468 601 2514 tisfacere
626 2485 719 2514 non
744 2481 966 2526 possunt,
989 2486 1220 2528 magnum
1242 2481 1351 2516 erat
1371 2471 1705 2517 adiumentum
1725 2473 1985 2518 allaturus.
2033 2508 2036 2511 .

369 2545 532 2602 Atque
557 2562 667 2591 cum
692 2547 904 2603 vndique
929 2548 1070 2592 varie
1101 2548 1366 2604 agitemur,
1394 2564 1595 2604 proram
1619 2557 1785 2594 tamen
1806 2558 1853 2594 et
1871 2564 1986 2605 pup-

368 2623 464 2678 pim
501 2624 634 2669 vitae
668 2624 817 2669 totius
850 2632 1054 2670 nostrae
1085 2634 1134 2670 et
1167 2626 1336 2670 salutis
1359 2625 1405 2669 in
1430 2626 1537 2670 Deo
1562 2626 1706 2670 sitam
1730 2626 1983 2685 habentes,

369 2716 512 2744 nemo
538 2700 761 2756 equidem
785 2710 1008 2746 nostrum
1043 2717 1072 2746 a
1107 2717 1160 2746 re
1200 2702 1294 2746 vlla
1328 2701 1380 2746 fit
1413 2702 1618 2747 tardior.
1646 2702 1792 2759 Quod
1815 2703 1855 2748 si
1879 2702 1980 2761 tibi,

371 2775 422 2820 P.
450 2776 524 2828 R„
563 2792 651 2821 nos
686 2777 859 2823 eodem
895 2793 1089 2834 semper
1124 2778 1245 2834 pede
1279 2778 1507 2823 incedere
1542 2779 1843 2837 videremur,
1877 2795 1985 2836 pro·
2019 2809 2032 2820 x

369 2861 540 2906 pterea
566 2853 693 2908 quod
718 2854 832 2898 nihil
855 2862 939 2900 tua
964 2854 1204 2911 dignitate
1228 2863 1275 2899 et
1299 2855 1606 2911 praestantia
1630 2855 1831 2912 dignum
1857 2857 1986 2913 quod

416 3035 425 3053 ¹
477 3034 637 3071 Bellum
655 3042 737 3071 tum
755 3036 954 3083 flagrabat
968 3038 1074 3073 inter
1089 3037 1288 3074 exercitus
1304 3038 1493 3084 hispanos
1508 3043 1548 3074 et
1562 3039 1707 3084 gallos,
1724 3051 1893 3085 quorum
1908 3039 1985 3076 cla-

367 3094 436 3130 des
453 3095 557 3140 apud
573 3093 769 3131 Sanctum
785 3095 1020 3140 Quintinum
1036 3110 1227 3144 magnum
1243 3102 1439 3134 terrorem
1455 3097 1619 3134 incussit
1637 3098 1935 3145 parisiensibus.
