2051 3516
359 330 427 367 394
821 331 1039 368 LITTERAE
1065 332 1156 377 QUA
1164 342 1414 368 DRJMESTRES

313 425 401 469 teri
437 434 599 470 autem
635 436 746 472 erat
779 427 1083 472 utilissimum
1119 440 1163 471 ct
1200 426 1287 471 fuit
1321 426 1672 471 necessarium.
1699 426 1772 471 Vt
1796 426 1922 471 enim

310 517 403 546 non
431 518 811 548 commemorem
847 519 921 557 ea,
950 520 1073 559 quae
1105 503 1228 547 alias
1261 514 1289 547 a
1324 518 1400 547 me
1434 503 1617 559 scripta
1652 513 1781 559 puto,
1809 512 1922 548 ante

309 587 590 624 nostrorum
614 579 800 625 scilicet
820 581 1068 633 lectiones,
1092 580 1303 624 studium
1325 579 1655 635 theologicum
1680 580 1756 624 hic
1781 580 1923 636 plane

311 654 535 712 iacuisse,
564 656 877 712 professores
911 658 1068 701 nullos
1102 655 1347 712 habuisse,
1374 655 1456 700 uix
1488 657 1610 700 ullas
1640 656 1922 712 disputatio-

311 747 410 788 nes,
439 743 624 788 paucos
648 734 991 787 bacalaureos,
1020 732 1341 789 paucissimos
1365 732 1506 777 huius
1540 734 1661 778 artis
1685 749 1803 778 uere
1827 742 1922 778 stu-

310 807 488 865 diosos,
517 825 625 853 cum
650 819 813 855 tamen
850 810 994 854 modo
1028 810 1148 854 duos
1183 810 1362 854 habeat
1396 808 1704 865 professores
1730 810 1922 855 ordina-

311 883 425 941 rios,
464 885 818 941 disputationes
853 886 1280 941 hebdomadarias,
1309 895 1356 930 et
1380 885 1660 930 innumeros
1693 902 1815 942 pene
1850 887 1923 932 sui

310 961 614 1006 candidatos:
647 971 711 1015 vt,
739 962 950 1018 inquam,
978 963 1100 1006 haec
1131 978 1226 1006 non
1251 977 1651 1018 commemorem,
1679 971 1780 1007 tam
1807 963 1922 1007 mul-

310 1037 342 1082 ti
368 1037 459 1082 hoc
483 1053 610 1083 anno
636 1039 699 1082 ad
723 1039 1132 1084 bacalaureatum
1159 1039 1203 1082 in
1226 1038 1319 1083 hac
1349 1038 1586 1083 facultate
1621 1038 1919 1097 aspirarunt,

311 1123 361 1159 ut
391 1114 559 1170 paucis
594 1114 840 1160 mensibus
874 1115 999 1160 duae
1033 1114 1459 1171 praesentationes
1493 1115 1690 1160 habitae
1724 1115 1921 1168 fuerint,

312 1191 450 1236 breui
474 1191 702 1237 fortassis
725 1191 892 1237 futura
917 1193 1077 1238 tertia.

366 1268 408 1313 4.
476 1268 620 1313 Hanc
653 1268 913 1314 Vtilitatem
947 1270 1255 1325 protulerunt
1295 1268 1606 1325 theologicae
1641 1279 1921 1315 nostrorum

313 1345 561 1390 lectiones:
600 1345 901 1391 domesticae
941 1361 1060 1390 uero
1101 1346 1246 1402 longe
1285 1345 1582 1402 uberiorem,
1623 1356 1672 1390 vt
1712 1347 1922 1392 crebrae

311 1422 574 1467 ostendunt
606 1432 927 1478 peccatorum
968 1422 1319 1478 confessioneS‚
1362 1431 1409 1467 et
1447 1432 1802 1468 sacrosanctae
1843 1439 1920 1468 eu-

308 1498 575 1544 charistiae
600 1499 918 1556 sumptiones,
945 1499 1226 1555 quotidiana
1252 1499 1429 1544 missae
1453 1499 1654 1556 auditio,
1681 1515 1740 1544 ac
1774 1500 1921 1545 incul-

310 1585 428 1631 pata
452 1575 802 1631 discipulorum
837 1576 937 1620 uita
971 1585 1018 1621 et
1051 1576 1295 1632 purissimi
1332 1591 1509 1629 moreS,
1538 1575 1600 1621 ob
1624 1591 1745 1632 quos
1770 1592 1799 1621 a
1822 1577 1921 1632 plu-

312 1652 446 1697 rimis
469 1668 562 1697 non
588 1668 762 1708 parum
786 1653 1209 1709 commendantur,
1240 1661 1289 1697 vt
1313 1652 1654 1698 demonstrant
1677 1652 1824 1697 etiam
1843 1653 1921 1698 do—

309 1740 418 1773 ctae
442 1729 659 1784 ipsorum
686 1729 1053 1785 disputationeS,
1081 1738 1128 1775 et
1152 1729 1260 1785 piae
1295 1740 1440 1785 atquc
1474 1729 1729 1785 elegantes
1763 1729 1919 1774 decla-

307 1806 563 1862 mationes,
591 1815 637 1851 et
661 1805 896 1862 frequens
914 1806 1177 1851 admodum
1198 1806 1548 1862 discipulorum
1568 1821 1817 1861 numerus,
1845 1808 1923 1863 qui

307 1882 402 1927 iam
430 1883 557 1928 ultra
576 1882 977 1928 ducentenarium
999 1883 1145 1939 longe
1164 1883 1401 1928 excreuit.
1424 1883 1475 1927 [n
1496 1883 1587 1927 hoc
1605 1891 1715 1927 sunt
1736 1883 1923 1928 nobiles

306 1968 354 2004 et
380 1975 593 2016 magnae
617 1960 717 2015 spei
742 1960 1079 2004 adolescentes
1110 1959 1318 2015 plurimi,
1355 1960 1431 2016 qui
1466 1959 1729 2015 aliquando
1764 1959 1842 2004 uel
1876 1960 1919 2004 in

307 2034 573 2093 Societate,
603 2037 677 2080 uel
701 2037 747 2082 in
772 2045 947 2081 senatu
972 2037 1049 2081 uel
1073 2037 1309 2081 concione
1330 2035 1606 2080 Ecclesiam
1628 2034 1735 2092 Dei,
1757 2052 1920 2094 spero,

306 2112 559 2159 iuuabunt.
596 2113 869 2158 Declarant
902 2113 1108 2169 denique
1144 2113 1347 2169 idipsum
1379 2113 1459 2169 illi,
1494 2113 1572 2169 qui
1607 2113 1668 2158 ad
1703 2112 1903 2158 Societa

306 2198 402 2235 tem
438 2190 627 2235 admitti
662 2190 805 2235 auide
840 2199 1091 2247 expetunt,
1124 2200 1171 2235 et
1205 2191 1249 2235 hi
1283 2206 1491 2247 quoque,
1517 2191 1596 2247 qui
1631 2206 1746 2236 suos
1782 2190 1918 2246 filios,

306 2276 390 2312 aut
414 2267 709 2312 erudiendos
739 2268 878 2313 nobis
912 2268 1129 2324 tradunt,
1157 2277 1242 2312 aut
1269 2283 1467 2313 mensae
1492 2267 1641 2313 etiam
1666 2268 1922 2313 adiunctos

305 2345 491 2390 uolunt.
527 2344 590 2389 Hi
624 2344 811 2390 faciunt
846 2354 897 2390 ut
933 2345 1193 2401 collegium
1235 2345 1360 2401 quod
1396 2354 1509 2390 ante
1544 2345 1759 2401 amplum
1794 2354 1918 2401 erat,

305 2436 431 2466 nunc
454 2432 717 2478 angustum
753 2436 860 2466 esse
895 2421 1134 2471 uideatur.
1161 2420 1284 2466 Cum
1319 2421 1443 2466 enim
1477 2420 1742 2466 Societatis
1772 2422 1922 2466 simus

307 2498 494 2555 uiginti,
521 2507 570 2543 et
593 2498 664 2543 his
688 2498 823 2542 multi
858 2497 1072 2554 quotidie
1106 2498 1420 2542 conuictores
1454 2496 1710 2553 accedant,
1739 2498 1920 2554 exigua

306 2574 481 2619 domus
505 2574 698 2619 minime
721 2573 917 2619 sufficit.
945 2573 1042 2619 Sed
1070 2574 1147 2619 ubi
1172 2575 1296 2619 adeo
1320 2572 1623 2630 multiplicati
1649 2575 1846 2631 erimus,
1869 2584 1921 2620 vt

306 2651 398 2696 hoc
422 2651 684 2707 collegium
708 2665 796 2695 nos
820 2666 915 2695 non
940 2651 1121 2707 capiat,
1149 2650 1477 2707 amplissimus
1506 2660 1675 2696 noster
1699 2660 1916 2708 senatus,

306 2743 447 2783 quem
493 2728 799 2774 orationibus
839 2728 1070 2784 omnium,
1118 2737 1353 2785 tanquam
1392 2737 1613 2773 nostrum
1660 2722 1946 2774 Maecena—³

306 2814 417 2859 tem,
444 2806 839 2850 commendatum
873 2804 1108 2860 cupimus,
1137 2804 1283 2849 aliam
1310 2804 1503 2849 domum
1527 2804 1800 2861 adiungere
1824 2821 1919 2850 non

306 2882 614 2937 granabstur,
643 2891 775 2926 amat
799 2882 925 2927 enim
959 2897 1047 2926 nos
1081 2892 1125 2926 et
1157 2881 1485 2938 amplectitur,
1513 2882 1731 2938 exceptis
1756 2891 1918 2928 tamen

306 2958 612 3013 quibusdam.
640 2959 833 3003 Verum
858 2958 940 3016 illi,
966 2969 1015 3003 ut
1038 2958 1273 3003 haeretici
1298 2968 1678 3015 consueuerunt,
1706 2975 1800 3003 non
1832 2974 1920 3004 nos

306 3042 495 3078 tantum
540 3050 632 3079 non
678 3044 862 3091 amant,
909 3035 994 3080 sed
1037 3035 1307 3080 catholicos
1350 3046 1521 3079 omnes
1565 3035 1675 3080 odio
1720 3036 1916 3091 habent,

314 3112 525 3156 maxime
551 3127 651 3168 eos,
679 3113 757 3167 qui
792 3113 1009 3168 ipsorum
1044 3112 1211 3169 prauis
1251 3112 1507 3158 conatibus
1541 3112 1819 3169 diligentius
1842 3113 1922 3158 ob-
