2051 3516
375 303 444 339 606
839 305 1056 343 LITTERAE
1083 307 1434 352 QUADRIMESTRES

330 398 420 442 lior
445 408 576 443 esset
599 408 800 455 propter
820 415 1143 447 oeconomum
1163 413 1276 458 etc.;
1300 404 1377 448 vel
1398 404 1443 448 in
1464 405 1557 450 hac
1576 421 1630 450 re
1648 405 1802 451 Illust.
1826 407 1950 462 prin·

328 473 420 529 cipi
444 490 710 530 pareamus
729 476 787 521 de
812 478 1101 534 recipiendis
1126 479 1379 525 monachis
1403 480 1507 525 siue
1527 481 1850 538 stipendiatis‚
1873 483 1951 539 qui

329 550 417 595 sibi
442 550 501 595 de
535 567 709 609 cquO,
743 568 1013 599 oeconomo
1047 564 1095 600 et
1128 556 1327 612 reliquis
1361 558 1656 602 necessariis
1690 559 1952 614 prouidere

328 627 416 682 ipsi
440 628 641 684 possint,
678 631 757 674 vel
790 646 879 686 pro
914 631 1108 676 nouitiis
1143 633 1324 677 nostris
1358 649 1466 678 eam
1498 634 1826 695 instituamus.
1864 635 1951 680 Po-

328 712 566 749 stremum
606 705 721 750 illud
759 707 866 763 plus
900 708 1039 754 nobis
1069 709 1410 755 commodaret
1445 719 1491 756 et
1524 710 1747 757 instituto
1782 721 1951 758 nostro

331 780 535 826 vicinius
559 781 668 840 erit,
697 791 749 827 vt
772 783 885 829 mihi
909 794 1098 829 tantum
1125 785 1334 831 videtur.
1365 786 1439 832 De
1471 788 1726 833 monachis
1760 797 1808 834 et
1841 803 1951 834 con-

329 858 598 904 uictoribus
621 875 716 904 non
743 860 1019 907 dubitarem
1043 863 1380 909 necessarium
1406 865 1555 910 etiam
1576 874 1624 910 et
1644 865 1950 911 Vtilissimum

328 949 448 989 opus
482 950 608 992 esse,
645 936 684 981 si
717 937 857 983 nobis
890 939 952 984 ad
986 939 1182 984 hortum
1216 940 1438 985 accessio
1471 942 1606 986 nulla
1640 951 1785 998 esset,
1820 943 1951 987 serui

327 1011 453 1055 enim
477 1027 697 1058 essemus
720 1023 767 1059 et
792 1030 887 1060 non
912 1016 1093 1061 domini
1119 1016 1246 1061 horti
1272 1029 1318 1062 et
1343 1017 1515 1063 domus
1538 1028 1756 1077 nostrae;
1794 1035 1952 1076 neque

325 1089 369 1132 in
409 1089 620 1147 collegio
655 1091 806 1137 vllum
840 1093 1081 1139 habemus
1115 1093 1191 1139 cui
1226 1095 1533 1151 periculosus
1572 1095 1652 1141 ille
1687 1096 1949 1142 thesaurus

325 1167 673 1213 concredatur.
702 1168 780 1215 Ab
804 1171 964 1216 altera
994 1180 1136 1227 parte
1176 1172 1353 1217 nollem
1393 1172 1648 1219 offendere
1683 1173 1948 1230 principem

326 1243 457 1288 serio
482 1244 575 1289 hoc
599 1247 946 1301 postulantem.

382 1322 424 1366 «3.
491 1321 635 1368 Ionas
659 1323 916 1370 immemor
940 1326 1155 1371 omnium
1180 1326 1530 1373 beneficiorum
1554 1328 1648 1373 Dei
1671 1338 1719 1374 et
1748 1329 1948 1375 Patrum

326 1396 605 1457 Societatis,
631 1402 759 1447 male
783 1401 843 1447 de
866 1403 1007 1448 nobis
1025 1413 1259 1449 meretur.
1284 1404 1493 1450 Praeter
1512 1414 1716 1451 caetera
1734 1406 1949 1453 innume-

325 1491 382 1520 ra
406 1477 642 1523 scandala
666 1494 792 1535 quae
817 1495 879 1525 ex
902 1480 983 1526 illo
1007 1482 1234 1527 oriuntur
1258 1481 1539 1540 transfuga,
1576 1483 1670 1528 hoc
1693 1483 1842 1529 etiarn
1868 1485 1948 1530 ob-

324 1552 412 1598 fuit
436 1555 679 1610 profectui
704 1567 891 1614 nostro,
920 1559 1135 1604 maxime
1160 1560 1221 1604 ad
1247 1560 1445 1606 ordines
1468 1561 1947 1617 promouendisifra-

324 1630 497 1688 tribus,
524 1641 577 1677 vt
601 1632 748 1678 etiam
777 1633 1133 1691 suffraganeus
1167 1636 1479 1693 eistettensis,
1519 1637 1868 1694 integerrimus
1903 1648 1950 1684 et
2019 1640 2021 1645 ’

323 1707 632 1755 fidelissimus
656 1721 897 1767 patronus
921 1721 970 1758 et
994 1713 1183 1759 amicus
1206 1725 1391 1771 noster,
1421 1716 1629 1771 posthac
1654 1725 1853 1761 recuset
1875 1731 1950 1761 or-

324 1785 493 1831 clinare
516 1786 703 1832 fratres
727 1798 924 1834 nostros
949 1791 978 1834 ¹.
1008 1790 1146 1836 Vidit
1170 1792 1297 1837 enim
1320 1791 1492 1837 Ionam
1514 1792 1775 1838 diaconum
1796 1793 1842 1838 in
1861 1791 1947 1838 So-

322 1862 503 1908 cietate
525 1874 805 1920 promotum
828 1866 981 1912 libere
1006 1867 1069 1912 ab
1094 1868 1175 1913 illa
1205 1868 1463 1915 decedere.
1502 1868 1648 1926 Quod
1681 1870 1720 1915 si
1755 1870 1948 1927 impune

323 1938 450 1996 licet,
477 1941 555 1986 vel
579 1943 754 1998 quauis
777 1943 925 1989 etiam
944 1944 1041 1990 alia
1061 1946 1255 1992 ratione
1273 1947 1492 1992 nonnulli
1517 1947 1859 2005 excludantur,
1881 1948 1947 1993 iu-

321 2016 454 2062 dicat
477 2017 770 2075 religionem
795 2030 880 2066 aut
902 2036 999 2066 non
1024 2037 1133 2068 esse
1157 2025 1503 2081 approbatam,
1541 2034 1626 2069 aut
1660 2025 1947 2081 religionem

321 2109 416 2139 non
451 2110 559 2140 esse
594 2111 767 2142 veram
802 2113 957 2155 neque
991 2115 1101 2145 cum
1141 2100 1247 2145 aliis
1282 2100 1655 2159 conferendam,
1693 2112 1777 2147 aut
1809 2111 1948 2147 certe

320 2172 451 2217 illam
475 2173 720 2219 immerito
745 2174 975 2233 decipere
1000 2192 1092 2222 non
1120 2178 1266 2223 modo
1290 2178 1397 2224 illos
1432 2179 1511 2236 qui
1547 2178 1848 2225 Societatem
1881 2180 1946 2225 in-

319 2249 615 2305 grediuntur
638 2261 685 2297 et
709 2253 772 2298 ad
796 2253 993 2299 ordines
1017 2254 1369 2313 suscipiuntur,
1397 2256 1483 2301 sed
1517 2256 1664 2302 etiam
1690 2257 1820 2314 ipsos
1853 2256 1947 2314 epi-

320 2341 497 2383 scopos
521 2328 599 2384 qui
624 2329 733 2375 iure
753 2330 1076 2386 prohibentur
1100 2332 1313 2389 aliquem
1334 2333 1567 2379 ordinare
1590 2334 1680 2379 nisi
1700 2335 1779 2380 vel
1798 2335 1947 2391 patri-

321 2404 481 2449 monio
505 2404 750 2451 sufficenti
774 2416 860 2453 aut
890 2407 1126 2454 beneficio
1161 2410 1424 2456 sacerdote
1460 2411 1610 2469 digno
1646 2427 1853 2458 securus
1884 2413 1945 2458 ad

319 2479 515 2526 ordines
554 2484 777 2528 accedat.
822 2482 947 2529 Cum
993 2500 1114 2530 vero
1157 2486 1204 2530 in
1248 2488 1534 2542 praesentia
1577 2488 1945 2544 apertissimum

320 2559 598 2615 exemplum
622 2559 669 2604 in
691 2560 813 2606 Iona
831 2562 1117 2619 conspiciat.
1140 2572 1188 2608 et
1210 2564 1389 2610 multos
1416 2565 1463 2610 in
1488 2563 1742 2611 Societate
1767 2581 1945 2623 paupe-

319 2650 399 2679 res
423 2638 705 2692 promoueri
728 2638 868 2692 sciat,
899 2639 1201 2686 conscientia
1224 2656 1316 2686 sua
1351 2652 1582 2699 vrgente,
1620 2644 1782 2689 renuit
1816 2643 1945 2690 dein-

319 2727 434 2768 ceps
457 2724 669 2771 nostros,
697 2715 786 2760 nisi
811 2715 942 2761 aliud
967 2716 1239 2763 euidentius
1264 2719 1596 2765 testimonium
1622 2721 1681 2766 de
1706 2720 1945 2778 religione

367 2864 375 2881 ¹
427 2861 581 2900 Eadem
601 2863 837 2901 difficultate
856 2865 1114 2903 detinebatur
1140 2866 1226 2913 ipse
1254 2868 1466 2915 episcopus
1492 2870 1753 2917 eistettensis,
1782 2877 1824 2907 ut
1851 2871 1946 2908 dicit

318 2921 363 2957 Ρ.
386 2920 573 2960 Canisius
593 2924 633 2959 in
651 2924 774 2961 citata
792 2925 978 2972 epistola.
1006 2924 1114 2962 Vide
1132 2938 1237 2973 quae
1258 2928 1414 2964 erudite
1435 2930 1646 2966 annotavit
1671 2929 1945 2967 BRAUNSBER-

317 2991 401 3017 GER
435 2982 485 3018 ad
518 2983 623 3019 hunc
654 2984 796 3021 locum.
828 2984 954 3022 Porro
985 2986 1195 3033 episcopus
1226 2986 1473 3025 eistettensis
1509 2994 1597 3026 erat
1628 2989 1864 3027 Everardus
1894 2990 1944 3027 ab

316 3039 545 3087 Hirnheim;
579 3042 865 3090 suffraganeus
896 3057 992 3082 vero
1023 3057 1095 3082 seu
1125 3046 1334 3083 auxiliaris
1365 3047 1525 3084 videtur
1552 3048 1676 3085 fuisse
1706 3049 1946 3088 Leonardus

316 3098 474 3137 Haller.
498 3100 560 3139 Cf.
583 3100 742 3148 EUBEL,
765 3103 1045 3150 Hz'erarchia,
1066 3104 1137 3151 ΙΙΙ,
1157 3104 1223 3142 291
1247 3111 1287 3142 et
1305 3105 1386 3143 367.
