2051 3516
643 322 937 361 178.-B1vox.i
967 322 982 358 l
1008 321 1119 368 JULn
1150 321 1241 357 1558
1638 320 1708 357 733

129 435 269 465 suum
308 419 543 465 talentum
587 410 769 465 Vtiliter
809 433 1050 466 exercere
1090 427 1139 463 et
1179 433 1354 462 munus
1389 416 1479 461 sibi
1516 415 1754 461 traditum

128 505 264 542 recte
298 495 554 553 perficere,
583 497 746 553 quoad
781 497 885 542 eius
919 495 1023 541 fieri
1058 503 1234 552 potest,
1263 494 1478 548 enititur,
1508 494 1551 538 in
1586 492 1756 549 primis

127 589 247 619 suae
270 583 373 619 turn
399 573 591 619 alienae
615 574 790 620 salutis
814 574 1034 631 cupidus.
1064 568 1470 628 Omnesquoque
1495 586 1558 616 ex
1582 586 1756 626 corpo-

129 667 183 697 re
207 651 481 697 rectissime
508 651 730 696 valemus
765 651 1135 707 incolumesque
1170 649 1364 695 futuros
1399 648 1621 694 similiter
1646 663 1754 703 pro-

130 728 270 773 ximis
309 727 575 784 mensibus,
614 729 823 785 primum
865 728 1029 773 diuina
1069 743 1177 784 ope,
1215 725 1388 774 deinde
1428 724 1758 770 accomodata

129 806 275 851 domo
309 806 422 851 freti
457 805 501 850 in
534 822 671 862 spem
706 805 1014 861 adducimur,
1043 805 1283 862 siquidem
1315 819 1501 849 nouum
1525 802 1756 847 dormito-

130 883 256 928 rium
279 882 375 928 iarn
402 883 596 939 penitus
630 882 999 929 construximus
1034 898 1092 928 ac
1128 897 1299 927 omnes
1333 881 1440 926 fere
1475 880 1601 925 illius
1625 878 1758 925 cubi-

131 960 243 1005 cula
267 976 329 1005 ex
354 975 512 1017 aequo
537 960 758 1006 salubria
792 969 941 1016 atque
976 960 1235 1005 commoda
1261 959 1609 1004 inhabitamus.
1640 956 1760 1001 Mul-

130 1047 181 1082 ta
215 1047 482 1094 praeterea
506 1048 621 1084 ante
644 1038 841 1094 incepta
872 1038 968 1082 iam
1004 1036 1216 1082 rectoris
1249 1036 1504 1093 industria,
1531 1035 1762 1080 absoluta

130 1125 259 1161 sunt.
287 1115 546 1172 Templum
571 1115 787 1160 nondum
811 1124 1035 1160 erectum
1060 1114 1476 1170 quemadmodum
1496 1112 1760 1169 superiori-

132 1194 225 1238 bus
248 1193 498 1238 mensibus
522 1194 867 1250 sperabamus,
896 1192 1039 1249 idque
1064 1200 1269 1248 propter
1299 1191 1515 1235 omnium
1542 1205 1664 1246 pene
1690 1204 1761 1234 re-

133 1286 239 1315 rum
276 1270 535 1326 praeteriti
569 1271 682 1316 anni
717 1269 931 1326 inopiam
955 1269 1135 1314 euenit.
1166 1268 1229 1313 Et
1252 1268 1377 1312 haec
1401 1282 1527 1323 quae
1552 1266 1597 1311 in
1622 1281 1763 1322 prae-

132 1347 258 1392 senti
296 1347 560 1392 scribenda
606 1346 945 1403 iudicauimus,
989 1346 1035 1391 in
1077 1354 1290 1390 mentem
1333 1354 1592 1399 venerunt3
1635 1357 1763 1398 quae

132 1434 300 1480 vtpote
325 1425 540 1480 paucula
573 1434 722 1481 atque
748 1424 893 1481 pauci
918 1423 1152 1468 momenti
1186 1423 1226 1467 si
1260 1432 1483 1467 nostram
1509 1420 1762 1477 negligen-

131 1501 248 1546 tiam
283 1516 344 1546 ac
373 1502 627 1557 ignauiam
651 1501 928 1558 arguerint,
956 1510 1094 1546 tuam
1118 1499 1302 1545 Rtiam.
1331 1514 1503 1544 omnes
1527 1498 1588 1542 ad
1614 1513 1765 1542 vnum

133 1579 378 1635 supplices
403 1580 731 1636 deprecamur
755 1589 808 1625 vt
832 1595 861 1624 a
885 1579 995 1623 Deo
1020 1578 1235 1624 omnium
1270 1579 1514 1623 bonorum
1550 1576 1763 1621 authore

132 1656 351 1712 gratiam
375 1656 625 1713 impetret,
648 1672 745 1714 qua
770 1656 978 1713 posthac
998 1671 1087 1701 nos
1106 1655 1388 1711 diligentius
1412 1669 1595 1711 gerere
1613 1663 1764 1709 atque

132 1742 336 1778 nostrae
356 1733 654 1790 professioni
679 1734 947 1791 perfectius
972 1733 1278 1790 respondere
1303 1732 1564 1789 possimus.
1593 1730 1762 1776 Bisbo-

133 1825 227 1855 nae
251 1810 471 1856 calendis
494 1811 609 1870 Julii
634 1827 764 1857 anno
788 1821 898 1868 post
923 1810 1179 1856 Christum
1204 1820 1375 1855 natum
1407 1807 1764 1854 M.D.LV1H.0

222 1886 300 1933 Ex
326 1889 559 1934 mandato
585 1889 750 1934 Patris
784 1888 919 1935 Petri
954 1889 1188 1945 Venusti‚
1217 1889 1358 1934 huius
1382 1887 1579 1944 collegii
1607 1895 1764 1931 recto-

136 1964 220 2021 ris,
246 1974 363 2011 tuae
387 1965 551 2012 Rtiae.
580 1966 947 2024 indignissimus
971 1967 1017 2012 in
1042 1967 1161 2027 Jesu
1187 1965 1339 2011 Chro.
1368 1964 1511 2022 filius,

980 2061 1300 2108 VINCENTIUS
1334 2061 1573 2106 ROMENA.
1614 2061 1644 2105 ¹.

222 2168 516 2225 Inscriptio.
544 2176 572 2224 †
596 2170 723 2216 Rdo.
752 2171 798 2216 in
824 2170 1026 2216 Christo
1065 2171 1201 2216 Patri
1226 2170 1419 2230 Jacobo
1454 2169 1674 2225 Laynez,
1705 2168 1770 2212 vi-

134 2245 273 2291 cario
297 2247 523 2303 generali
548 2246 816 2294 Societatis
839 2248 973 2308 Jesu.
1006 2248 1216 2293 Romae.

186 2416 193 2433 ¹
246 2414 354 2452 Vide
373 2416 573 2463 superius,
596 2429 688 2463 pag.
710 2416 792 2459 561.
815 2422 956 2453 annot.
987 2417 1016 2453 1.
