2051 3516
621 294 886 331 75.—PRA‹;A
913 292 960 330 28
981 294 1091 340 JULn
1122 294 1211 329 1557
1616 293 1686 328 315

99 392 414 438 attendentes
438 391 690 436 reddimur
720 389 1051 435 feruentiores
1086 390 1146 433 ad
1183 389 1315 432 illam
1352 389 1726 443 assequendam.

162 470 230 514 13.
296 467 479 513 Dicunt
513 467 692 515 bo'emi,
720 466 800 511 alii
836 467 966 511 bona
1001 465 1059 510 de
1095 465 1252 517 nobis,
1280 464 1358 509 alii
1386 457 1614 520 pessima:
1642 480 1732 509 nos

98 561 206 591 esse
232 546 403 590 doctos
428 544 656 600 scireque
682 544 963 593 veritatem,
990 557 1081 587 nec
1104 552 1270 587 tamen
1300 541 1428 585 illam
1456 541 1583 585 velle
1607 541 1729 586 fate--

99 623 156 668 ri.
184 622 428 667 Fatentur
452 637 542 665 nos
575 636 670 665 non
706 636 815 666 esse
849 629 1175 667 scortatores,
1205 618 1445 666 ebriosos.
1477 633 1731 674 vagosque

98 699 334 755 homines,
361 714 519 754 neque
543 698 588 742 in
614 699 777 754 aliquo
802 712 891 742 nos
916 712 1060 753 posse
1085 696 1412 752 redarguere,
1438 705 1489 739 vt
1509 695 1633 739 alios
1656 710 1731 739 sa-

97 776 342 829 cerdoteS‚
371 775 451 832 qui
476 775 686 831 pessime
712 774 899 825 viuunt;
925 782 1231 830 quapropter
1255 788 1344 817 nos
1369 773 1570 817 laudant
1590 783 1636 816 et
1657 787 1729 816 re-

98 864 350 898 uerentur.
373 850 474 897 Sed
492 850 635 896 fidem
655 860 703 896 et
721 851 997 896 doctrinam
1022 850 1187 895 dicunt
1211 865 1299 894 nos
1324 849 1509 894 habere
1529 850 1727 894 malam.

97 930 239 976 Alias
277 930 413 975 multi
452 931 642 975 nobiles
680 929 947 986 magnique
983 928 1075 973 viri
1111 943 1228 972 suos
1269 936 1439 972 nostre
1476 926 1731 982 discipline

98 1007 221 1053 filios
253 1007 532 1063 traderent,
561 1008 651 1053 nisi
675 1008 905 1053 timerent
928 1006 1036 1051 illos
1059 1005 1420 1062 peruertendos
1444 1020 1474 1049 a
1496 1003 1637 1049 nobis
1661 1013 1729 1049 at—

98 1101 190 1142 que
215 1085 277 1130 ad
302 1095 526 1131 nostram
550 1084 694 1130 fidem
720 1083 1021 1129 alliciendos.

159 1163 227 1207 14.
294 1162 603 1218 Frequentes
636 1161 802 1207 habite
836 1170 949 1206 sunt
980 1161 1073 1204 hac
1107 1170 1300 1204 aestate
1335 1159 1603 1214 orationes,
1631 1157 1726 1214 qui-

96 1240 187 1284 bus
211 1240 430 1296 plerique
451 1239 698 1284 lutherani
718 1238 1002 1289 adfuerunt,
1026 1237 1321 1293 praesertim
1347 1236 1391 1281 in
1413 1235 1628 1292 quadam
1648 1235 1728 1279 ha-

97 1316 198 1362 bita
223 1316 299 1361 die
323 1316 451 1361 festo
475 1316 683 1374 Joannis
707 1315 980 1372 Baptistae:
1009 1329 1120 1360 cum
1145 1314 1273 1359 enim
1299 1313 1550 1358 diceretur
1583 1322 1730 1358 natus

96 1393 315 1452 Joannes
349 1394 537 1449 absque
571 1402 778 1449 peccato
813 1391 1062 1448 originali,
1097 1406 1208 1436 cum
1245 1389 1649 1435 abhominatione
1683 1398 1731 1434 et

97 1485 351 1514 murmure
376 1469 577 1515 exibant
601 1469 821 1514 dicentes
846 1484 933 1513 nos
958 1469 1323 1524 blasphemare,
1352 1476 1500 1523 atque
1532 1482 1620 1511 nos
1645 1466 1731 1510 dif-

96 1547 375 1591 {amaturos
410 1562 496 1602 per
530 1556 686 1591 totam
725 1544 1068 1593 Germaniam.
1107 1554 1155 1589 et
1191 1544 1407 1588 maxime
1447 1542 1729 1588 Uittenber-

95 1639 230 1681 gam,
258 1639 652 1680 caueremusque
686 1623 826 1668 nobis
849 1638 961 1667 cum
998 1622 1225 1666 omnibus
1251 1620 1474 1677 papisffis,
1501 1636 1615 1665 nam
1635 1647 1691 1650 —
1715 1626 1732 1646 a

96 1701 354 1757 quemdam
391 1701 594 1746 baronis
629 1700 883 1745 cuiusdam
909 1699 1070 1745 boe'mi
1096 1698 1245 1744 filium
1281 1698 1453 1742 studiis
1478 1697 1728 1752 literariis‚

96 1778 175 1834 qui
199 1777 463 1833 aliquando
488 1792 577 1821 nos
602 1792 773 1822 omnes
807 1777 929 1821 mire
969 1785 1350 1821 consectaretur
1384 1784 1533 1831 atque
1567 1774 1729 1819 deuin-

96 1865 248 1901 ceret.

156 1933 223 1978 15.
292 1932 507 1989 Quidam
532 1933 724 1989 priores
755 1932 801 1977 in
833 1932 932 1977 suis
967 1930 1177 1977 comitiis
1202 1930 1474 1975 inuitarunt
1498 1945 1601 1985 nos,
1631 1929 1729 1986 qui-

95 2011 187 2056 bus
212 2011 456 2055 noluimus
479 2010 734 2062 interesse,
763 2025 823 2055 ne
857 2025 969 2054 cum
1004 2009 1121 2066 ipsis
1155 2024 1213 2053 ac
1249 2008 1467 2064 ipsorum
1500 2008 1640 2052 malis
1664 2008 1730 2052 in-

95 2088 375 2140 uoluamur,
413 2097 562 2144 atque
596 2088 938 2133 boemicorum
973 2102 1033 2131 ac
1068 2086 1445 2131 lutheranorum
1487 2086 1728 2130 detrecta-

94 2165 307 2210 tionibus
331 2165 644 2210 occasionem
679 2165 1026 2221 praebeamus3
1055 2163 1191 2208 multi
1227 2162 1355 2208 enim
1390 2162 1465 2207 hic
1500 2160 1730 2207 catholici

95 2234 386 2287 Sacerdotes
419 2241 631 2298 pessime
656 2242 830 2286 viuunt
854 2250 1004 2297 atque
1028 2239 1114 2285 tali
1138 2240 1366 2296 exemplo
1392 2239 1552 2295 potius
1577 2238 1729 2283 extin-

94 2329 217 2376 gunt
256 2319 434 2374 lumen,
472 2329 622 2375 atque
672 2318 961 2364 arundinem
1003 2327 1292 2374 quassatam
1334 2315 1654 2371 confringunt
1696 2317 1727 2369 1,

95 2412 241 2453 quam
286 2407 584 2447 restaurent;
622 2395 849 2452 quamuis
888 2395 950 2440 ad
991 2395 1272 2440 animarum
1318 2409 1521 2438 suarum
1564 2391 1728 2448 profe-

95 2482 226 2519 ctum
264 2489 374 2518 cum
410 2473 502 2518 X.0
536 2473 810 2530 publicanis
844 2477 892 2517 et
925 2472 1275 2528 peccatoribus
1300 2487 1394 2515 non
1420 2469 1729 2525 refugiamus

95 2550 387 2597 conuersari
411 2566 502 2607 pro
527 2550 703 2595 maiori
727 2550 889 2606 gloria
914 2550 987 2595 Xi.

157 2628 224 2674 16.
292 2628 368 2673 De
393 2627 722 2684 compactatis
747 2628 899 2672 semel
925 2626 1174 2672 concessis
1199 2626 1244 2670 in
1270 2624 1476 2670 concilio
1500 2632 1727 2669 constan-

97 2705 237 2751 tiensi
272 2720 331 2750 ac
365 2705 615 2750 basiliensi
649 2705 837 2750 bo‘emis
878 2718 1171 2760 cuperemus
1206 2703 1332 2747 scire
1368 2710 1580 2746 mentem
1612 2715 1726 2756 pon-

94 2781 252 2833 tificis,
289 2783 327 2828 si
366 2782 683 2828 seruantibus
716 2781 1077 2827 conditionibus
1118 2779 1244 2838 [sic]
1284 2786 1597 2835 compactata
1632 2777 1726 2822 sint

141 2956 158 2976 ὃ
202 2949 282 2986 Est
299 2951 345 2986 in
364 2961 445 2986 ms.
467 2950 649 2986 verbmn
668 2949 847 2986 obscure
871 2950 1119 2988 exaratzmz,
1140 2945 1256 2992 qnod
1275 2946 1412 2991 legere
1430 2947 1677 2992 nequimus.

145 3107 155 3125 ¹
208 3105 271 3143 Cf.
294 3105 488 3148 Mnus,
512 3105 600 3145 XII,
617 3104 674 3141 20.
