2051 3516
552 311 848 348 43.—C‹n.oxm
877 311 919 347 21
951 311 1123 347 APRnAs
1155 312 1242 347 1337
1595 315 1660 351 183

82 405 363 461 reddamus,
391 421 451 451 ac
474 422 549 461 ea,
578 422 703 464 quae
727 423 816 464 per
839 407 1032 453 inutiles
1056 423 1230 453 seruos
1261 423 1377 453 suos
1411 411 1604 464 operari
1641 411 1703 455 di-

79 492 260 540 gnatus
284 493 358 528 est
382 483 511 540 apud
537 485 842 530 colonienses
861 483 1102 541 benignus
1122 485 1378 540 Dominus,
1402 487 1703 544 perstringa-

83 575 190 605 mus
215 560 401 617 paucis.
431 560 494 605 Et
519 570 570 605 ut
594 577 623 606 a
657 561 936 607 domesticis
971 562 1192 618 negociis
1226 562 1478 617 exordiar,
1517 580 1702 621 omnes,

79 653 189 682 cum
214 637 259 682 in
285 637 505 693 scientia,
533 647 633 683 tum
670 639 716 683 in
746 638 944 695 pietate,
983 639 1250 685 maximum
1284 656 1602 696 progressum
1637 641 1704 686 fa-

79 715 227 767 ciunt,
255 731 316 761 ac
340 714 385 760 in
410 715 706 772 quotidianis
725 716 974 762 exercitiis
992 726 1222 773 pergunt.
1248 716 1602 763 Conuictorum
1622 734 1705 764 nu—

79 808 246 838 merus
269 793 315 838 in
340 792 444 838 dies
467 805 699 850 augetur,
726 793 1019 851 plurimique
1043 795 1172 840 bono
1203 795 1295 841 hoc
1329 796 1484 840 nostri
1510 795 1705 852 collegii

79 870 292 928 nomine,
320 871 448 928 quod
473 870 714 917 Coloniae
739 871 1049 927 diuulgatum
1074 881 1163 928 est,
1191 873 1418 929 permoti,
1446 882 1495 918 et
1518 888 1634 918 suos
1659 883 1706 918 et

78 949 288 994 aliorum
312 948 496 994 liberos
520 949 702 994 nostris
725 949 999 1005 adiungere
1030 960 1325 1007 proponunt,
1353 950 1412 995 de
1437 966 1533 1007 qua
1559 951 1705 996 etiam

79 1042 132 1072 re
156 1026 221 1071 M.
254 1026 497 1086 Joannem
533 1026 782 1073 Rethlium
812 1037 1170 1073 conuenerunt.
1198 1028 1401 1073 Plurimi
1426 1044 1619 1085 quoque
1644 1029 1705 1074 ad

77 1112 274 1149 nostras
300 1104 497 1150 scholas
521 1104 786 1161 confluunt,
825 1105 1230 1163 confluerentque
1263 1107 1445 1162 plures,
1486 1106 1575 1152 nisi
1609 1107 1705 1152 iarn

78 1181 124 1226 in
150 1181 257 1227 aliis
281 1181 505 1238 collegiis
529 1197 706 1227 nomen
731 1182 994 1228 dedissent.
1024 1182 1141 1228 Post
1165 1184 1351 1240 pascha
1386 1195 1567 1238 tamen,
1595 1200 1705 1229 cum

78 1258 291 1315 undique
335 1274 398 1304 ex
435 1259 712 1305 triuialibus
751 1260 873 1305 ludis
914 1260 1158 1306 litei-areis
1193 1261 1255 1306 ad
1289 1261 1575 1307 academias
1609 1271 1705 1307 stu-

77 1335 198 1381 diosi
224 1335 537 1393 conueniunt,
575 1351 672 1382 non
707 1336 989 1383 dubitamus
1023 1353 1171 1394 quam
1205 1338 1442 1394 plurimos
1477 1348 1524 1384 et
1561 1339 1706 1384 solito

77 1413 225 1471 longe
259 1413 426 1471 plures
461 1413 523 1458 ad
558 1429 648 1459 nos
681 1423 938 1460 uenturos.
981 1413 1199 1472 Sparsus
1233 1427 1305 1461 est
1339 1416 1515 1473 quippe
1549 1417 1707 1462 bonus

76 1491 201 1536 odor
224 1491 471 1548 gymnasii
496 1491 638 1537 huius
661 1507 757 1537 non
781 1508 870 1548 per
895 1491 1155 1538 Coloniam
1181 1493 1343 1548 modo,
1372 1494 1455 1539 sed
1482 1509 1569 1551 per
1592 1494 1705 1539 uici-

76 1584 166 1614 nas
191 1577 238 1613 et
262 1567 492 1614 finitimas
516 1569 714 1630 scholas
737 1569 973 1615 triuiales.

135 1646 177 1691 2.
246 1646 319 1691 De
343 1646 635 1692 lectionibus
658 1663 755 1692 non
779 1656 853 1692 est
878 1647 1006 1704 quod
1037 1648 1272 1703 scribam,
1308 1664 1422 1693 nam
1458 1649 1569 1694 illae
1590 1654 1704 1705 pra·

74 1724 214 1769 xime
236 1728 258 1749 a
281 1724 339 1769 ob
364 1728 591 1769 recentes
614 1724 667 1781 (P)
693 1723 711 1752 b
736 1724 1128 1771 immutabuntur
1154 1725 1197 1770 in
1222 1726 1528 1783 philosophia
1561 1726 1704 1782 potis-

76 1801 267 1858 simum,
295 1801 341 1846 in
367 1817 462 1858 qua
486 1802 631 1858 plura
666 1802 859 1858 quidem
895 1803 1199 1859 legerentur,
1237 1803 1326 1848 nisi
1361 1804 1706 1861 operariorum

76 1878 281 1935 penuria
305 1878 670 1924 laboraremus
701 1879 810 1936 Ego
836 1879 962 1925 enim
989 1882 1123 1925 solus
1147 1897 1254 1926 sum
1275 1881 1354 1937 qui
1375 1881 1520 1926 etiam
1541 1881 1705 1926 hacte-

76 1971 166 2001 nus
190 1954 425 2002 Genesim
451 1955 715 2013 explicaui,
743 1966 820 2002 sat
845 1968 1028 2014 magno
1054 1958 1124 2014 (ut
1150 1975 1211 2003 ex
1236 1958 1567 2003 studiosorum
1594 1974 1705 2003 con-

78 2048 229 2078 cursu
246 2033 494 2078 coniicere
510 2033 664 2090 potui)
682 2033 963 2079 auditorum
981 2033 1155 2080 fauore
1173 2037 1202 2080 ¹.
1222 2034 1348 2080 Huic
1366 2044 1530 2080 tamen
1549 2035 1702 2085 breui,

76 2111 278 2156 fauente
302 2110 534 2168 Domino,
560 2110 703 2156 finem
730 2111 1047 2168 impositurus
1072 2128 1196 2158 sum.
1234 2112 1430 2158 Verum
1465 2112 1591 2157 libro
1627 2113 1705 2157 illo

76 2187 227 2244 finito,
255 2188 318 2234 D.
345 2186 640 2245 Gropperus
674 2189 688 2213 2
719 2189 868 2234 alium
893 2205 970 2235 me
996 2190 1098 2235 uult
1121 2190 1352 2248 aggredi,
1379 2200 1430 2235 nt
1453 2191 1498 2235 in
1524 2190 1703 2235 theolo-

77 2266 192 2323 gica
216 2265 427 2311 lectione
462 2281 856 2322 perseueremus.
895 2266 992 2312 Per
1029 2268 1119 2313 has
1159 2268 1285 2313 enim
1320 2268 1555 2313 lectiones
1595 2267 1707 2311 dicit

76 2343 339 2400 theologos
362 2354 615 2399 permotos
634 2343 695 2388 ad
714 2344 871 2389 simile
894 2344 1007 2402 quid
1026 2352 1041 2372 ⁰
1062 2345 1430 2401 praestandum,
1454 2354 1706 2400 totumque

76 2421 170 2466 hoc
193 2420 406 2466 studium
430 2420 634 2478 pristino
658 2436 748 2466 suo
773 2422 936 2479 uigori
961 2415 1333 2468 restituendum.

134 2498 177 2544 3.
243 2498 308 2544 Μ.
347 2497 595 2544 Henricus
628 2499 643 2523 ⁸
683 2514 892 2556 quoque,
934 2509 1136 2556 praeter
1171 2500 1397 2545 Psalterii
1432 2497 1704 2544 enarratio-

77 2591 208 2634 nem,
245 2591 392 2633 quam
427 2592 619 2621 summo
654 2591 766 2621 cum
801 2578 1060 2634 applausu,
1097 2579 1406 2623 aemulorum
1442 2576 1590 2621 etiam
1624 2591 1705 2621 no-

77 2662 314 2710 strorum,
342 2653 477 2711 facit,
516 2664 815 2712 praeterque
849 2655 1113 2701 conciones
1147 2655 1318 2700 solitas
1352 2654 1523 2698 diebus
1557 2653 1705 2698 domi-

124 2816 141 2836 a
195 2809 341 2847 Lectio
360 2809 511 2846 dubia.
536 2810 633 2847 Non
653 2814 838 2857 apparet
858 2814 1009 2848 utrum
1029 2823 1091 2858 pe.
1114 2822 1171 2847 an
1193 2823 1252 2857 po.
1276 2811 1320 2846 in
1341 2820 1420 2846 ms.
1439 2809 1524 2855 legi
1540 2809 1705 2847 debeat.

77 2869 141 2896 —b
174 2869 301 2906 breui.
356 2876 418 2897 -c
463 2869 558 2906 Hoc
576 2881 614 2907 v.
636 2874 774 2916 supra
793 2882 902 2907 vers.
926 2871 1079 2908 eadem
1101 2881 1238 2906 mam(
1257 2869 1478 2906 additum.

126 3014 134 3032 ¹
187 3012 295 3048 Vide
316 3012 515 3059 superius,
538 3025 631 3059 pag.
653 3013 709 3050 45.

124 3073 137 3091 ²
187 3072 261 3108 Dr.
281 3072 460 3119 Joannes
482 3072 732 3120 Gropperus.
755 3073 862 3110 Vide
882 3087 978 3120 pag.
1003 3073 1036 3113 Q,
1059 3078 1193 3109 annot.
1218 3073 1247 3109 1.

123 3132 136 3151 ⁸
188 3131 395 3169 Henricus
417 3132 650 3180 Dionysius.
