2051 3516
486 316 563 353 110.
599 315 810 356 -COLoNIA
839 314 881 350 19
908 313 1151 350 NOVEMBRLs
1181 312 1269 347 1557
1571 307 1641 344 423

69 414 281 459 alterurn
310 427 428 457 uero
453 410 811 456 conuictorum.
842 407 904 453 Et
936 407 1062 451 haec
1096 406 1190 450 duo
1226 404 1454 450 fortassis
1478 404 1687 460 primum

69 490 112 535 in
139 505 235 535 uno
259 487 602 545 coniungenda
627 496 788 541 erunt,
817 493 867 530 vt
891 483 1035 529 modo
1061 482 1404 538 conspicimus,
1433 489 1542 537 post
1567 496 1688 538 uero

68 565 407 621 disiungenda.
434 563 486 608 Id
511 563 637 620 quod
664 563 789 608 idern
815 575 1055 618 auguror,
1078 559 1207 615 quod
1231 567 1303 604 tot
1327 558 1465 604 Deus
1488 558 1571 602 dat
1591 557 1685 602 fra-

68 652 188 699 tres,
214 650 331 698 quot
369 640 697 686 conuictores.
733 639 951 684 Numero
985 635 1113 682 enim
1149 634 1505 691 propemodum
1540 649 1686 690 pares

67 728 193 765 sunt.
224 719 286 765 Et
311 728 362 764 ut
386 717 628 763 nonnullis
657 714 1025 762 conuictoribus
1059 714 1219 758 locum
1255 726 1509 768 paramUS,
1537 711 1603 756 ita
1627 726 1689 755 ex

67 797 314 854 discipulis
344 795 536 853 egregii
561 795 903 840 adolescentes
927 792 1093 848 plures
1117 806 1264 847 quam
1295 788 1591 845 paratissimi
1617 803 1686 833 es-

67 883 176 920 sent
198 874 260 920 ad
283 873 585 920 Societatem
622 871 807 927 uenire,
834 870 873 915 si
908 869 985 914 uel
1019 884 1115 914 uno
1151 867 1306 913 uerbo
1336 882 1422 911 eos
1455 865 1687 921 recipien-

67 951 155 996 dos
179 950 567 996 ostenderemus.
595 948 765 1005 Quare
800 947 951 992 libere
975 945 1037 990 D.
1067 943 1296 990 Canisius
1321 945 1331 967 ¹
1360 943 1438 998 (de
1463 958 1557 999 quo
1582 951 1690 998 post

67 1028 229 1084 plura)
268 1026 522 1072 fatebatur
561 1042 612 1071 se
652 1041 746 1070 non
781 1023 963 1069 uidisse
1000 1021 1266 1067 Societatis
1305 1019 1568 1076 collegium
1608 1019 1689 1064 ubi

65 1105 224 1162 magis
250 1104 433 1150 fratres
457 1103 770 1160 proficerent,
792 1111 840 1147 et
863 1100 1099 1147 credebat
1122 1115 1184 1144 ex
1204 1099 1297 1144 hoc
1321 1097 1557 1155 paulatim
1583 1112 1688 1153 pos-

67 1197 119 1227 se
158 1181 299 1227 educi
339 1179 551 1237 collegia
587 1179 631 1224 in
666 1178 973 1235 superiorem
1013 1176 1162 1222 etiam
1201 1174 1542 1221 Germaniam.
1580 1174 1689 1218 Non

69 1267 252 1315 autem,
279 1258 515 1314 arbitror,
542 1258 653 1303 hinc
677 1255 944 1302 Societatis
968 1255 1123 1300 solum
1148 1253 1362 1309 collegia
1397 1252 1686 1305 educentur;

65 1336 151 1382 sed
174 1345 223 1382 et
246 1335 381 1382 multi
407 1335 487 1380 alii
512 1335 622 1380 hinc
647 1333 910 1391 prodibunt
943 1331 1022 1388 qui
1057 1329 1380 1377 Germaniam
1416 1329 1460 1374 in
1495 1338 1687 1381 senatu,

65 1413 193 1470 apud
217 1413 459 1470 principes
495 1421 543 1458 et
577 1412 621 1457 in
656 1411 891 1457 concione
926 1409 1109 1455 iuuent.
1138 1408 1200 1453 Et
1230 1407 1455 1453 dabimus
1486 1421 1689 1463 operam

65 1500 117 1536 ut
140 1491 264 1536 haec
298 1491 393 1535 duo
427 1489 653 1545 collegia,
682 1503 808 1545 quae
842 1502 970 1532 nunc
1003 1485 1050 1532 in
1084 1486 1175 1531 hac
1211 1486 1363 1531 bursa
1387 1485 1401 1508 2
1426 1483 1690 1529 coniuncta

64 1577 192 1623 sunt,
219 1567 298 1613 ubi
324 1567 534 1624 primum
560 1565 663 1611 lieri
689 1564 886 1622 poterit,
913 1563 1277 1620 disiungantur.
1306 1561 1358 1607 Id
1388 1561 1517 1618 quod
1549 1560 1689 1607 breui

67 1645 288 1691 futurum
313 1644 637 1690 arbitramur.

124 1723 165 1768 7.
232 1721 555 1768 Colonienses
579 1735 790 1776 namque
814 1719 859 1764 in
875 1718 987 1764 dies
1012 1717 1172 1775 magis
1197 1733 1257 1763 ac
1281 1716 1443 1774 magis
1467 1731 1689 1761 amorem

65 1815 207 1845 suum
233 1815 359 1856 erga
388 1815 478 1844 nos
511 1797 770 1843 manifeste
805 1796 1083 1842 ostendunt.
1111 1795 1162 1840 In
1190 1794 1352 1840 multis
1377 1793 1691 1839 monasteriis

64 1886 349 1923 nostrorum
385 1884 620 1932 expetunt
655 1874 932 1929 conciones,
960 1882 1009 1919 et
1042 1871 1108 1917 M.
1146 1871 1393 1917 Henricus
1427 1871 1471 1916 in
1506 1871 1692 1927 aliquot

65 1954 387 2000 concionatus
411 1962 500 1999 est.
524 1952 699 1997 Plures
723 1951 873 1996 etiam
897 1949 1091 1996 externi
1116 1943 1428 2005 confitentur,
1450 1964 1596 2005 quam
1616 1963 1690 1993 so-

65 2032 247 2088 lebant;
281 2040 330 2077 et
368 2031 413 2076 in
454 2030 580 2076 festo
620 2029 836 2075 omnium
875 2036 1164 2074 sanctorum
1205 2026 1501 2072 laurentiani
1542 2026 1689 2071 etiam

66 2118 215 2166 atque
249 2108 468 2154 montani
502 2108 517 2132 3
553 2106 734 2152 nostris
759 2105 972 2151 confessi
997 2113 1123 2150 sunt.
1152 2103 1474 2149 Vniuersitas
1498 2119 1690 2160 quoque

65 2202 154 2231 nos
192 2186 372 2232 charos
407 2185 551 2230 modo
586 2184 750 2237 habet,
789 2192 837 2229 et
872 2182 1085 2228 facultas
1118 2181 1299 2227 artium
1334 2181 1575 2238 quendam
1609 2196 1689 2225 no-

64 2274 280 2310 strorum
305 2263 545 2309 decanum
571 2261 824 2308 constituit
847 2262 880 2315 4,
903 2260 968 2305 M.
991 2259 1316 2305 Franciscum
1342 2268 1389 2304 et
1409 2275 1485 2304 me
1510 2259 1552 2303 in
1580 2274 1689 2304 con-

64 2341 277 2387 siliarios
320 2340 601 2397 assumpsit,
644 2338 1013 2385 examinatores
1052 2345 1318 2394 praeterea
1363 2336 1571 2389 creauit,
1610 2351 1688 2380 no-

63 2428 195 2464 stros
228 2417 515 2464 dialecticos
549 2416 609 2461 ad
646 2431 856 2461 examen
892 2413 1107 2470 admisit,
1149 2412 1473 2469 examinauit‚
1516 2412 1692 2468 dignos

65 2495 455 2541 baccalaureatu
486 2492 734 2549 iudicauit,
762 2501 810 2538 et
834 2491 1020 2549 primos
1044 2490 1261 2536 omnium
1287 2490 1331 2535 in
1357 2498 1470 2535 actu
1494 2489 1690 2545 publico

66 2572 239 2617 laurea
263 2570 535 2617 decorauit.
563 2570 750 2616 Rector
775 2584 897 2615 uero
922 2567 1260 2614 vniuersitatis
1283 2567 1433 2612 totius
1463 2568 1478 2589 ⁵
1512 2566 1579 2612 ita
1603 2583 1692 2612 nos

112 2765 121 2783 ¹
174 2762 219 2799 Β.
242 2762 388 2799 Petrus
406 2760 609 2798 Canisius.

112 2823 124 2843 ²
174 2822 306 2859 Bursa
325 2820 364 2857 in
389 2820 638 2858 Germaniae
667 2818 1004 2856 universitatibus
1032 2823 1119 2854 erat
1146 2828 1276 2862 genus
1303 2815 1502 2862 quoddam
1530 2816 1692 2863 collegii

65 2895 135 2919 seu
155 2880 374 2919 convictus.

111 2942 124 2961 ³
173 2940 364 2986 Intellige
383 2939 568 2976 alumnos
587 2938 853 2985 collegiorum
871 2936 1114 2982 (bursarum)
1130 2935 1375 2971 laurentiani
1396 2940 1434 2971 et
1455 2935 1643 2972 montani.

112 3002 125 3021 ⁴
175 3000 309 3047 Ipsum
342 2998 388 3036 P.
417 2998 615 3045 joannem
649 2997 856 3034 Rethium.
887 2995 950 3033 Cf.
980 2995 1169 3037 HANsEN,
1200 2994 1463 3031 Rlzeinische
1491 2994 1691 3037 Akte7z...,

65 3060 146 3138 Ἓξ.
178 3116 387 3164 Philippus
406 3115 636 3163 Mylander.
657 3115 730 3159 Id.,
751 3115 825 3151 loc.
848 3114 928 3159 eit.,
949 3112 1029 3150 300.
