2051 3516
381 308 427 346 60
847 308 1069 346 LITTERAE
1095 309 1447 355 QUADRnuESTREs

1119 513 1177 561 14

744 643 795 688 P.
835 641 1256 688 LEONARDUS
1291 641 1550 688 KESSEL

827 759 1007 786 COLONIA
1038 749 1297 796 13JANUAR11
1326 749 1415 785 1557
1442 750 1465 785 ¹.

337 852 365 887 1.
399 851 821 897 Coloniensesfidem
843 851 1103 888 catholicam
1124 854 1372 887 constanter
1391 853 1586 888 retinent.
1603 851 1849 888 —Donmm
1868 861 1957 888 am-

400 911 655 955 plissimam
682 910 887 947 Societati
912 909 1225 955 offerzt7lt.ss2.
1256 910 1464 946 Facrlltas
1490 912 1657 947 artium
1685 913 1852 947 nostros
1883 910 1958 947 ad-

405 969 938 1006 nn'ttz‘t.—Coloniensz'mn
975 970 1138 1006 civium
1175 980 1275 1015 erga
1311 970 1567 1006 Societatem
1602 970 1957 1006 benevolentia.—

402 1029 439 1064 3.
470 1028 536 1065 De
554 1029 832 1065 concionibus
851 1031 890 1065 et
908 1028 1161 1065 lectionibus
1176 1040 1202 1065 a
1223 1030 1380 1066 nostris
1398 1029 1572 1066 habitis.
1587 1050 1625 1054 -
1638 1030 1673 1065 4.
1710 1029 1744 1065 Τ
1741 1030 1961 1075 lzeologiae

405 1087 555 1124 studia
593 1087 1025 1134 pr07nove12lur.-5.
1074 1088 1321 1125 Vocationes
1356 1090 1507 1125 variae
1540 1089 1600 1125 ad
1635 1088 1957 1125 Societatem.-

404 1144 440 1183 6.
470 1147 538 1184 De
555 1148 822 1194 quibusdam
843 1149 999 1185 amicis
1019 1148 1255 1185 Socz'etatz‘s.

397 1249 434 1293 1.
493 1251 521 1299 ἦ·
544 1248 647 1307 Jhs.
671 1247 853 1294 Gratia
872 1256 920 1293 et
938 1262 1037 1304 pax
1055 1247 1134 1293 X.i
1161 1248 1356 1294 Domini
1376 1249 1644 1295 nobiscum.
1668 1248 1843 1294 Amen.
1866 1248 1956 1294 Re-

336 1325 556 1371 verende
580 1325 625 1370 in
652 1325 743 1371 X.0
768 1325 849 1370 Pr.
878 1324 1172 1371 Obedientia
1196 1334 1370 1371 sancta
1389 1341 1448 1371 ea
1472 1341 1548 1371 me
1571 1334 1798 1382 repetere
1821 1326 1958 1383 facit,
1996 1335 1999 1338 ’

336 1418 462 1460 quae
486 1404 514 1448 4
538 1402 786 1448 mensibus
813 1403 991 1459 elapsis
1015 1402 1169 1448 fusius
1192 1403 1255 1448 ad
1280 1402 1330 1447 P.
1359 1402 1426 1448 V.
1453 1403 1755 1460 scripsimus.

425 1479 753 1524 Aduersariis
804 1478 911 1524 fidei
955 1479 1230 1524 catholicae
1279 1488 1453 1524 nostra
1497 1478 1705 1524 Colonia
1750 1479 1960 1525 viriliter

338 1556 498 1602 adhuc
522 1556 721 1613 resistit,
743 1555 858 1601 licet
880 1556 978 1601 vim
999 1571 1235 1612 magnam
1258 1554 1477 1612 patiatur
1500 1555 1748 1613 indictam,
1775 1556 1961 1602 vtinam

336 1634 493 1678 solum
520 1634 582 1678 ab
606 1633 870 1678 extraneis
895 1636 914 1654 a
938 1642 986 1678 et
1011 1649 1105 1678 non
1130 1648 1160 1678 a
1183 1632 1463 1678 domesticis
1487 1632 1605 1677 eius.
1633 1631 1730 1677 Sed
1765 1632 1960 1678 confidi-

340 1725 446 1755 mus
480 1710 527 1754 in
562 1710 775 1755 Domino
809 1710 935 1766 quod
970 1718 1254 1755 sanctorum
1284 1709 1487 1766 meritis,
1521 1725 1730 1765 quorum
1753 1709 1830 1755 hic
1853 1725 1958 1755 cor-

335 1802 460 1844 pora
485 1787 814 1844 requiescunt,
842 1803 952 1833 eam
976 1787 1197 1833 seruabit
1221 1786 1413 1832 firmam
1438 1802 1497 1833 ac
1521 1802 1693 1832 sanam
1719 1787 1761 1832 in
1788 1787 1896 1843 fide,
1929 1803 1959 1832 a

334 1880 429 1922 qua
461 1880 709 1922 nunquam
741 1864 918 1910 defecit
953 1880 981 1909 a
1021 1863 1322 1920 temporibus
1360 1864 1719 1920 apostolorum,
1761 1864 1957 1920 quando

335 1957 445 1986 eam
471 1941 629 1997 primo
654 1941 856 1998 recepit.
885 1941 1121 1998 Magnum
1146 1940 1286 1985 nobis
1310 1940 1384 1986 hic
1411 1940 1587 1985 ostium
1611 1949 1838 1996 apertum
1868 1949 1957 1996 est,

335 2035 424 2065 nec
450 2034 681 2076 vmquam
706 2018 847 2063 nobis
870 2027 1008 2063 tanta
1033 2018 1231 2063 occasio
1265 2018 1310 2062 in
1346 2017 1543 2062 Domini
1578 2018 1722 2062 vinea
1756 2017 1959 2063 fructifi-

334 2096 476 2141 candi
496 2096 613 2141 data
636 2105 726 2151 est,
752 2095 905 2140 sicuti
926 2095 944 2121 ¹³
966 2095 1126 2140 modo.
1154 2094 1281 2140 Nam
1301 2095 1526 2140 consules
1544 2094 1852 2140 colonienses
1876 2096 1956 2140 ob-

335 2173 551 2218 tulerunt
573 2172 714 2218 nobis
738 2172 933 2217 domum
957 2171 1324 2229 amplissimam,
1351 2187 1477 2228 quae
1498 2187 1594 2217 vna
1618 2181 1691 2216 est
1716 2187 1778 2216 ex
1802 2172 1958 2218 tribus

334 2249 496 2294 bursis
520 2248 593 2305 (vt
616 2249 693 2294 hic
717 2248 935 2304 vocant),
963 2249 1066 2294 siue
1090 2248 1329 2304 collegiis,
1357 2248 1597 2305 inquibus
1620 2248 1822 2293 studiosi
1843 2249 1958 2293 ado-

335 2328 575 2371 lescentes
602 2325 877 2371 studiorum
902 2341 1101 2371 cursum
1126 2325 1171 2370 in
1196 2325 1389 2370 artibus
1419 2324 1681 2369 absoluere
1713 2331 1729 2351 ⁰
1756 2340 1958 2370 consue-

336 2413 529 2448 uerunt.
559 2403 661 2447 Iam
687 2402 808 2447 bene
833 2402 1011 2447 mensis
1035 2410 1124 2456 est,
1156 2401 1296 2457 quod
1321 2400 1338 2427 ‘¹
1360 2402 1453 2446 hoc
1477 2400 1740 2457 collegium
1776 2401 1960 2447 nostris

342 2481 560 2526 oblatum
586 2490 675 2526 est.
703 2480 806 2525 Iam
833 2479 969 2525 breui
995 2479 1111 2524 illud
1135 2485 1151 2505 Ε
1173 2478 1462 2524 intrabimus
1486 2479 1516 2523 ².

386 2636 403 2655 a
449 2629 639 2666 externis.
695 2629 759 2655 —b
792 2641 925 2675 quam.
980 2635 1041 2654 -c
1075 2626 1283 2663 conficere.
1336 2625 1403 2652 —d
1423 2637 1473 2662 ex
1490 2638 1580 2672 quo.
1635 2632 1697 2652 -e
1718 2625 1757 2661 in
1775 2626 1886 2662 illud.

391 2768 398 2785 ¹
452 2766 512 2801 Ex
532 2766 783 2813 autographo
803 2765 841 2801 in
861 2765 995 2801 codice
1017 2764 1156 2801 Germ.
1179 2764 1272 2807 185,
1296 2764 1311 2799 1
1333 2763 1415 2805 fol..
1437 2775 1473 2798 n.
1498 2761 1552 2804 16.
1574 2762 1683 2809 prius
1707 2762 1787 2799 205.
1816 2763 1960 2799 Emen-

341 2826 433 2860 data
454 2830 513 2860 est
533 2838 555 2860 a
574 2825 761 2865 Polanco,
784 2826 897 2872 cujus
918 2823 1218 2860 emendationes
1237 2823 1276 2859 in
1296 2822 1619 2858 annotationibus
1634 2822 1787 2858 damus.
1810 2822 1960 2859 Oblite-

342 2889 430 2919 rata
449 2889 583 2919 autem
604 2884 748 2920 italicis
767 2883 912 2919 litteris
932 2883 971 2918 in
996 2888 1109 2918 textu
1136 2887 1332 2918 notamus.
1362 2881 1455 2917 Duo
1482 2880 1562 2917 alia
1590 2882 1775 2928 exempla
1803 2886 1961 2917 exstant

340 2942 381 2978 in
400 2942 440 2978 ff.
465 2943 507 2978 17
526 2948 564 2978 et
586 2942 652 2978 106
677 2943 856 2990 ejusdem
883 2941 1038 2978 codicis.
1062 2940 1163 2977 Eam
1192 2940 1419 2976 summatim
1445 2939 1593 2976 indicat
1617 2939 1804 2983 HANSEN‚
1831 2940 1961 2976 Rhei-

346 3001 494 3037 m'sclze
510 3001 708 3045 Akten...‚
728 3000 809 3037 286.

386 3060 399 3079 ‘²
451 3059 558 3100 Vide
579 3059 683 3096 Litt.
705 3060 955 3106 Quamdiu„
977 3059 1051 3101 IV,
1072 3059 1153 3104 612,
1175 3065 1215 3095 et
1234 3058 1399 3094 inferius
1418 3056 1586 3094 Somalii
1601 3057 1810 3104 epistolam
1826 3057 1904 3093 diei
1918 3055 1964 3093 23

346 3118 498 3156 Martii.
