<?xml version="1.0" encoding="UTF-8"?>
<!DOCTYPE html PUBLIC "-//W3C//DTD XHTML 1.0 Transitional//EN"
    "http://www.w3.org/TR/xhtml1/DTD/xhtml1-transitional.dtd">
<html xmlns="http://www.w3.org/1999/xhtml" xml:lang="en" lang="en">
 <head>
  <title>
</title>
<meta http-equiv="Content-Type" content="text/html;charset=utf-8" />
  <meta name='ocr-system' content='tesseract 3.04.00' />
  <meta name='ocr-capabilities' content='ocr_page ocr_carea ocr_par ocr_line ocrx_word'/>
</head>
<body>
  <div class='ocr_page' id='page_1' title='image "./litteraequadrime17lain_0952.png"; bbox 0 0 2051 3516; ppageno 0'>
   <div class='ocr_carea' id='block_1_1' title="bbox 363 272 1425 319">
    <p class='ocr_par' dir='ltr' id='par_1_1' title="bbox 363 272 1425 319">
     <span class='ocr_line' id='line_1_1' title="bbox 363 272 1425 319; baseline 0.001 -9"><span class='ocrx_word' id='word_1_1' title='bbox 363 273 433 310; x_wconf 81' lang='lat'>912</span> <span class='ocrx_word' id='word_1_2' title='bbox 828 272 956 309; x_wconf 64' lang='lat' dir='ltr'>er&#39;rfl</span> <span class='ocrx_word' id='word_1_3' title='bbox 962 285 1044 310; x_wconf 59' lang='grc' dir='ltr'>ΒΑΕ</span> <span class='ocrx_word' id='word_1_4' title='bbox 1073 274 1425 319; x_wconf 74' lang='lat' dir='ltr'><strong>QUADRIMESTRES</strong></span> 
     </span>
    </p>
   </div>
   <div class='ocr_carea' id='block_1_2' title="bbox 298 369 1932 2344">
    <p class='ocr_par' dir='ltr' id='par_1_2' title="bbox 298 369 1932 1195">
     <span class='ocr_line' id='line_1_2' title="bbox 316 369 1932 428; baseline 0.005 -16"><span class='ocrx_word' id='word_1_5' title='bbox 316 369 549 413; x_wconf 90' lang='lat' dir='ltr'>clamauit</span> <span class='ocrx_word' id='word_1_6' title='bbox 573 383 683 413; x_wconf 90' lang='lat' dir='ltr'>cum</span> <span class='ocrx_word' id='word_1_7' title='bbox 705 369 853 415; x_wconf 89' lang='lat' dir='ltr'>totius</span> <span class='ocrx_word' id='word_1_8' title='bbox 871 370 1100 414; x_wconf 91' lang='lat' dir='ltr'>auditorii</span> <span class='ocrx_word' id='word_1_9' title='bbox 1119 371 1361 427; x_wconf 82' lang='lat' dir='ltr'>singulari</span> <span class='ocrx_word' id='word_1_10' title='bbox 1381 373 1620 428; x_wconf 81' lang='lat' dir='ltr'>applausu</span> <span class='ocrx_word' id='word_1_11' title='bbox 1641 389 1700 418; x_wconf 89' lang='lat' dir='ltr'>ac</span> <span class='ocrx_word' id='word_1_12' title='bbox 1717 375 1932 420; x_wconf 88' lang='lat' dir='ltr'>omniurn</span> 
     </span>
     <span class='ocr_line' id='line_1_3' title="bbox 315 444 1931 508; baseline 0.004 -19"><span class='ocrx_word' id='word_1_13' title='bbox 315 454 531 500; x_wconf 77' lang='lat' dir='ltr'>stupore.</span> <span class='ocrx_word' id='word_1_14' title='bbox 574 445 639 490; x_wconf 87' lang='lat' dir='ltr'>M.</span> <span class='ocrx_word' id='word_1_15' title='bbox 677 444 1003 508; x_wconf 76' lang='lat' dir='ltr'>Gregorius¹</span> <span class='ocrx_word' id='word_1_16' title='bbox 1045 448 1347 492; x_wconf 90' lang='lat' dir='ltr'>contendens</span> <span class='ocrx_word' id='word_1_17' title='bbox 1380 449 1611 504; x_wconf 86' lang='lat' dir='ltr'>pietatem</span> <span class='ocrx_word' id='word_1_18' title='bbox 1643 450 1815 496; x_wconf 88' lang='lat' dir='ltr'>litteris</span> <span class='ocrx_word' id='word_1_19' title='bbox 1853 467 1931 497; x_wconf 94' lang='lat' dir='ltr'>co-</span> 
     </span>
     <span class='ocr_line' id='line_1_4' title="bbox 316 522 1930 579; baseline 0.005 -13"><span class='ocrx_word' id='word_1_20' title='bbox 316 522 579 578; x_wconf 89' lang='lat' dir='ltr'>pulandam</span> <span class='ocrx_word' id='word_1_21' title='bbox 604 537 729 579; x_wconf 90' lang='lat' dir='ltr'>esse,</span> <span class='ocrx_word' id='word_1_22' title='bbox 756 538 851 567; x_wconf 92' lang='lat' dir='ltr'>non</span> <span class='ocrx_word' id='word_1_23' title='bbox 884 523 1182 568; x_wconf 81' lang='lat' dir='ltr'>mediocrem</span> <span class='ocrx_word' id='word_1_24' title='bbox 1206 524 1401 569; x_wconf 91' lang='lat' dir='ltr'>laudem</span> <span class='ocrx_word' id='word_1_25' title='bbox 1436 535 1483 571; x_wconf 92' lang='lat' dir='ltr'>et</span> <span class='ocrx_word' id='word_1_26' title='bbox 1516 525 1730 572; x_wconf 80' lang='lat' dir='ltr'>fructum</span> <span class='ocrx_word' id='word_1_27' title='bbox 1765 542 1930 574; x_wconf 90' lang='lat' dir='ltr'>conse-</span> 
     </span>
     <span class='ocr_line' id='line_1_5' title="bbox 314 599 1929 661; baseline 0.004 -17"><span class='ocrx_word' id='word_1_28' title='bbox 314 608 456 644; x_wconf 85' lang='lat' dir='ltr'>cutus</span> <span class='ocrx_word' id='word_1_29' title='bbox 481 609 571 643; x_wconf 85' lang='lat' dir='ltr'>est.</span> <span class='ocrx_word' id='word_1_30' title='bbox 601 599 711 655; x_wconf 85' lang='lat' dir='ltr'>Ego</span> <span class='ocrx_word' id='word_1_31' title='bbox 737 600 964 645; x_wconf 86' lang='lat' dir='ltr'>versibus</span> <span class='ocrx_word' id='word_1_32' title='bbox 996 600 1208 646; x_wconf 80' lang='lat' dir='ltr'>heroicis</span> <span class='ocrx_word' id='word_1_33' title='bbox 1243 602 1597 658; x_wconf 78' lang='lat' dir='ltr'>deplorandam</span> <span class='ocrx_word' id='word_1_34' title='bbox 1627 604 1824 649; x_wconf 90' lang='lat' dir='ltr'>humani</span> <span class='ocrx_word' id='word_1_35' title='bbox 1849 621 1929 661; x_wconf 90' lang='lat' dir='ltr'>ge-</span> 
     </span>
     <span class='ocr_line' id='line_1_6' title="bbox 314 675 1931 737; baseline 0.004 -18"><span class='ocrx_word' id='word_1_36' title='bbox 314 675 447 720; x_wconf 89' lang='lat' dir='ltr'>neris</span> <span class='ocrx_word' id='word_1_37' title='bbox 485 684 671 720; x_wconf 82' lang='lat' dir='ltr'>sortem</span> <span class='ocrx_word' id='word_1_38' title='bbox 711 675 955 721; x_wconf 89' lang='lat' dir='ltr'>deliniaui.</span> <span class='ocrx_word' id='word_1_39' title='bbox 984 676 1230 722; x_wconf 88' lang='lat' dir='ltr'>Henricus</span> <span class='ocrx_word' id='word_1_40' title='bbox 1253 678 1553 724; x_wconf 86' lang='lat' dir='ltr'>dinantensis</span> <span class='ocrx_word' id='word_1_41' title='bbox 1597 680 1629 733; x_wconf 76' lang='lat'>2,</span> <span class='ocrx_word' id='word_1_42' title='bbox 1671 680 1749 737; x_wconf 88' lang='lat' dir='ltr'>qui</span> <span class='ocrx_word' id='word_1_43' title='bbox 1790 681 1931 736; x_wconf 93' lang='lat' dir='ltr'>parui</span> 
     </span>
     <span class='ocr_line' id='line_1_7' title="bbox 314 752 1929 816; baseline 0.004 -21"><span class='ocrx_word' id='word_1_44' title='bbox 314 752 647 807; x_wconf 88' lang='lat' dir='ltr'>quotlibetarii</span> <span class='ocrx_word' id='word_1_45' title='bbox 686 752 851 797; x_wconf 88' lang='lat' dir='ltr'>munia</span> <span class='ocrx_word' id='word_1_46' title='bbox 890 753 1101 805; x_wconf 80' lang='lat' dir='ltr'>subibat,</span> <span class='ocrx_word' id='word_1_47' title='bbox 1139 754 1277 816; x_wconf 85' lang='lat' dir='ltr'>iuxta</span> <span class='ocrx_word' id='word_1_48' title='bbox 1316 764 1537 800; x_wconf 89' lang='lat' dir='ltr'>veterem</span> <span class='ocrx_word' id='word_1_49' title='bbox 1577 756 1717 801; x_wconf 89' lang='lat' dir='ltr'>huius</span> <span class='ocrx_word' id='word_1_50' title='bbox 1754 758 1929 802; x_wconf 90' lang='lat' dir='ltr'>acade-</span> 
     </span>
     <span class='ocr_line' id='line_1_8' title="bbox 313 828 1931 886; baseline 0.005 -14"><span class='ocrx_word' id='word_1_51' title='bbox 313 828 442 873; x_wconf 87' lang='lat' dir='ltr'>miae</span> <span class='ocrx_word' id='word_1_52' title='bbox 466 829 883 885; x_wconf 79' lang='lat' dir='ltr'>consuetudinem,</span> <span class='ocrx_word' id='word_1_53' title='bbox 912 831 1175 886; x_wconf 89' lang='lat' dir='ltr'>praeclara</span> <span class='ocrx_word' id='word_1_54' title='bbox 1209 847 1299 876; x_wconf 88' lang='lat' dir='ltr'>sua</span> <span class='ocrx_word' id='word_1_55' title='bbox 1332 833 1557 878; x_wconf 91' lang='lat' dir='ltr'>oratione</span> <span class='ocrx_word' id='word_1_56' title='bbox 1592 834 1931 880; x_wconf 73' lang='lat' dir='ltr'>ciceronianis</span> 
     </span>
     <span class='ocr_line' id='line_1_9' title="bbox 298 905 1931 967; baseline 0.005 -19"><span class='ocrx_word' id='word_1_57' title='bbox 298 905 540 960; x_wconf 74' lang='lat' dir='ltr'>flosculis</span> <span class='ocrx_word' id='word_1_58' title='bbox 561 905 717 961; x_wconf 67' lang='lat' dir='ltr'>probe</span> <span class='ocrx_word' id='word_1_59' title='bbox 740 906 993 951; x_wconf 70' lang='lat' dir='ltr'>instructa</span> <span class='ocrx_word' id='word_1_60' title='bbox 1017 908 1497 954; x_wconf 88' lang='lat' dir='ltr'>adolescentulorum</span> <span class='ocrx_word' id='word_1_61' title='bbox 1523 910 1712 955; x_wconf 88' lang='lat' dir='ltr'>animos</span> <span class='ocrx_word' id='word_1_62' title='bbox 1736 910 1931 967; x_wconf 85' lang='lat' dir='ltr'>(quibus</span> 
     </span>
     <span class='ocr_line' id='line_1_10' title="bbox 311 982 1929 1043; baseline 0.004 -17"><span class='ocrx_word' id='word_1_63' title='bbox 311 983 556 1027; x_wconf 90' lang='lat' dir='ltr'>malorum</span> <span class='ocrx_word' id='word_1_64' title='bbox 595 982 849 1027; x_wconf 90' lang='lat' dir='ltr'>consortia</span> <span class='ocrx_word' id='word_1_65' title='bbox 888 983 1179 1029; x_wconf 89' lang='lat' dir='ltr'>declinanda</span> <span class='ocrx_word' id='word_1_66' title='bbox 1218 1000 1327 1030; x_wconf 89' lang='lat' dir='ltr'>esse</span> <span class='ocrx_word' id='word_1_67' title='bbox 1365 986 1625 1043; x_wconf 85' lang='lat' dir='ltr'>suadebat)</span> <span class='ocrx_word' id='word_1_68' title='bbox 1666 987 1842 1032; x_wconf 87' lang='lat' dir='ltr'>mirum</span> <span class='ocrx_word' id='word_1_69' title='bbox 1882 988 1929 1033; x_wconf 91' lang='lat' dir='ltr'>in</span> 
     </span>
     <span class='ocr_line' id='line_1_11' title="bbox 311 1059 1927 1117; baseline 0.004 -15"><span class='ocrx_word' id='word_1_70' title='bbox 311 1059 507 1103; x_wconf 88' lang='lat' dir='ltr'>modum</span> <span class='ocrx_word' id='word_1_71' title='bbox 532 1059 623 1104; x_wconf 91' lang='lat' dir='ltr'>sibi</span> <span class='ocrx_word' id='word_1_72' title='bbox 647 1059 882 1115; x_wconf 85' lang='lat' dir='ltr'>deuinxit,</span> <span class='ocrx_word' id='word_1_73' title='bbox 911 1060 1024 1106; x_wconf 89' lang='lat' dir='ltr'>licet</span> <span class='ocrx_word' id='word_1_74' title='bbox 1047 1061 1264 1117; x_wconf 88' lang='lat' dir='ltr'>ipsorum</span> <span class='ocrx_word' id='word_1_75' title='bbox 1296 1063 1417 1108; x_wconf 88' lang='lat' dir='ltr'>vitia</span> <span class='ocrx_word' id='word_1_76' title='bbox 1450 1063 1570 1108; x_wconf 89' lang='lat' dir='ltr'>satis</span> <span class='ocrx_word' id='word_1_77' title='bbox 1594 1064 1782 1109; x_wconf 90' lang='lat' dir='ltr'>acriter</span> <span class='ocrx_word' id='word_1_78' title='bbox 1806 1065 1927 1110; x_wconf 88' lang='lat' dir='ltr'>inse-</span> 
     </span>
     <span class='ocr_line' id='line_1_12' title="bbox 312 1136 1585 1195; baseline 0.004 -15"><span class='ocrx_word' id='word_1_79' title='bbox 312 1144 475 1180; x_wconf 88' lang='lat' dir='ltr'>ctatus</span> <span class='ocrx_word' id='word_1_80' title='bbox 499 1146 644 1192; x_wconf 83' lang='lat' dir='ltr'>esset;</span> <span class='ocrx_word' id='word_1_81' title='bbox 672 1136 757 1181; x_wconf 91' lang='lat' dir='ltr'>sed</span> <span class='ocrx_word' id='word_1_82' title='bbox 781 1137 1054 1182; x_wconf 84' lang='lat' dir='ltr'>dexteritas</span> <span class='ocrx_word' id='word_1_83' title='bbox 1078 1138 1273 1184; x_wconf 91' lang='lat' dir='ltr'>laudem</span> <span class='ocrx_word' id='word_1_84' title='bbox 1300 1141 1585 1195; x_wconf 83' lang='lat' dir='ltr'>promeruit.</span> 
     </span>
    </p>

    <p class='ocr_par' dir='ltr' id='par_1_3' title="bbox 307 1212 1927 1723">
     <span class='ocr_line' id='line_1_13' title="bbox 368 1212 1927 1270; baseline 0.004 -14"><span class='ocrx_word' id='word_1_85' title='bbox 368 1212 409 1257; x_wconf 83' lang='lat'>7.</span> <span class='ocrx_word' id='word_1_86' title='bbox 476 1212 620 1269; x_wconf 83' lang='lat' dir='ltr'>Quod</span> <span class='ocrx_word' id='word_1_87' title='bbox 654 1214 716 1258; x_wconf 87' lang='lat' dir='ltr'>ad</span> <span class='ocrx_word' id='word_1_88' title='bbox 749 1213 935 1259; x_wconf 74' lang='lat' dir='ltr'>fratres</span> <span class='ocrx_word' id='word_1_89' title='bbox 969 1214 1161 1270; x_wconf 81' lang='lat' dir='ltr'>attinet,</span> <span class='ocrx_word' id='word_1_90' title='bbox 1188 1230 1359 1260; x_wconf 91' lang='lat' dir='ltr'>omnes</span> <span class='ocrx_word' id='word_1_91' title='bbox 1384 1226 1519 1261; x_wconf 90' lang='lat' dir='ltr'>recte</span> <span class='ocrx_word' id='word_1_92' title='bbox 1550 1218 1719 1262; x_wconf 88' lang='lat' dir='ltr'>valent</span> <span class='ocrx_word' id='word_1_93' title='bbox 1749 1233 1809 1263; x_wconf 86' lang='lat' dir='ltr'>ac</span> <span class='ocrx_word' id='word_1_94' title='bbox 1837 1218 1927 1263; x_wconf 89' lang='lat' dir='ltr'>sibi</span> 
     </span>
     <span class='ocr_line' id='line_1_14' title="bbox 309 1288 1926 1347; baseline 0.004 -14"><span class='ocrx_word' id='word_1_95' title='bbox 309 1288 542 1344; x_wconf 87' lang='lat' dir='ltr'>delegata</span> <span class='ocrx_word' id='word_1_96' title='bbox 567 1290 732 1334; x_wconf 89' lang='lat' dir='ltr'>munia</span> <span class='ocrx_word' id='word_1_97' title='bbox 756 1291 925 1335; x_wconf 90' lang='lat' dir='ltr'>sedulo</span> <span class='ocrx_word' id='word_1_98' title='bbox 960 1307 1020 1336; x_wconf 92' lang='lat' dir='ltr'>ac</span> <span class='ocrx_word' id='word_1_99' title='bbox 1053 1292 1289 1337; x_wconf 80' lang='lat' dir='ltr'>alacriter</span> <span class='ocrx_word' id='word_1_100' title='bbox 1324 1293 1520 1347; x_wconf 85' lang='lat' dir='ltr'>obeunt;</span> <span class='ocrx_word' id='word_1_101' title='bbox 1548 1293 1594 1337; x_wconf 91' lang='lat' dir='ltr'>in</span> <span class='ocrx_word' id='word_1_102' title='bbox 1618 1294 1827 1339; x_wconf 90' lang='lat' dir='ltr'>aliorum</span> <span class='ocrx_word' id='word_1_103' title='bbox 1851 1310 1926 1340; x_wconf 87' lang='lat' dir='ltr'>sa-</span> 
     </span>
     <span class='ocr_line' id='line_1_15' title="bbox 309 1366 1926 1426; baseline 0.004 -16"><span class='ocrx_word' id='word_1_104' title='bbox 309 1366 458 1410; x_wconf 90' lang='lat' dir='ltr'>lutem</span> <span class='ocrx_word' id='word_1_105' title='bbox 483 1367 715 1422; x_wconf 87' lang='lat' dir='ltr'>gnauiter</span> <span class='ocrx_word' id='word_1_106' title='bbox 739 1367 1038 1423; x_wconf 90' lang='lat' dir='ltr'>incumbunt,</span> <span class='ocrx_word' id='word_1_107' title='bbox 1068 1379 1115 1413; x_wconf 94' lang='lat' dir='ltr'>et</span> <span class='ocrx_word' id='word_1_108' title='bbox 1140 1369 1184 1413; x_wconf 89' lang='lat' dir='ltr'>in</span> <span class='ocrx_word' id='word_1_109' title='bbox 1209 1369 1380 1425; x_wconf 88' lang='lat' dir='ltr'>spiritu</span> <span class='ocrx_word' id='word_1_110' title='bbox 1406 1370 1807 1426; x_wconf 84' lang='lat' dir='ltr'>progrediuntur.</span> <span class='ocrx_word' id='word_1_111' title='bbox 1834 1377 1926 1416; x_wconf 76' lang='lat' dir='ltr'>Le-</span> 
     </span>
     <span class='ocr_line' id='line_1_16' title="bbox 308 1443 1926 1500; baseline 0.004 -13"><span class='ocrx_word' id='word_1_112' title='bbox 308 1443 496 1488; x_wconf 89' lang='lat' dir='ltr'>ctiones</span> <span class='ocrx_word' id='word_1_113' title='bbox 529 1443 734 1500; x_wconf 86' lang='lat' dir='ltr'>quisque</span> <span class='ocrx_word' id='word_1_114' title='bbox 768 1460 856 1499; x_wconf 86' lang='lat' dir='ltr'>pro</span> <span class='ocrx_word' id='word_1_115' title='bbox 891 1460 982 1489; x_wconf 86' lang='lat' dir='ltr'>sua</span> <span class='ocrx_word' id='word_1_116' title='bbox 1018 1445 1143 1490; x_wconf 88' lang='lat' dir='ltr'>virili</span> <span class='ocrx_word' id='word_1_117' title='bbox 1178 1462 1287 1490; x_wconf 89' lang='lat' dir='ltr'>cum</span> <span class='ocrx_word' id='word_1_118' title='bbox 1312 1447 1504 1492; x_wconf 71' lang='lat' dir='ltr'>honore</span> <span class='ocrx_word' id='word_1_119' title='bbox 1527 1452 1575 1492; x_wconf 82' lang='lat' dir='ltr'>et</span> <span class='ocrx_word' id='word_1_120' title='bbox 1596 1449 1926 1494; x_wconf 84' lang='lat' dir='ltr'>studiosorum</span> 
     </span>
     <span class='ocr_line' id='line_1_17' title="bbox 308 1520 1925 1581; baseline 0.004 -18"><span class='ocrx_word' id='word_1_121' title='bbox 308 1520 518 1565; x_wconf 86' lang='lat' dir='ltr'>Vtilitate</span> <span class='ocrx_word' id='word_1_122' title='bbox 548 1521 874 1577; x_wconf 70' lang='lat' dir='ltr'>persequitur,</span> <span class='ocrx_word' id='word_1_123' title='bbox 902 1522 1039 1566; x_wconf 82' lang='lat' dir='ltr'>cuius</span> <span class='ocrx_word' id='word_1_124' title='bbox 1064 1522 1198 1567; x_wconf 82' lang='lat' dir='ltr'>fama</span> <span class='ocrx_word' id='word_1_125' title='bbox 1233 1523 1300 1567; x_wconf 89' lang='lat' dir='ltr'>ita</span> <span class='ocrx_word' id='word_1_126' title='bbox 1334 1533 1534 1569; x_wconf 83' lang='lat' dir='ltr'>exteras</span> <span class='ocrx_word' id='word_1_127' title='bbox 1568 1525 1795 1570; x_wconf 82' lang='lat' dir='ltr'>nationes</span> <span class='ocrx_word' id='word_1_128' title='bbox 1819 1542 1925 1581; x_wconf 88' lang='lat' dir='ltr'>per-</span> 
     </span>
     <span class='ocr_line' id='line_1_18' title="bbox 307 1595 1923 1658; baseline 0.004 -18"><span class='ocrx_word' id='word_1_129' title='bbox 307 1595 453 1651; x_wconf 87' lang='lat' dir='ltr'>uasit,</span> <span class='ocrx_word' id='word_1_130' title='bbox 482 1606 532 1640; x_wconf 92' lang='lat' dir='ltr'>ut</span> <span class='ocrx_word' id='word_1_131' title='bbox 557 1596 703 1641; x_wconf 87' lang='lat' dir='ltr'>etiam</span> <span class='ocrx_word' id='word_1_132' title='bbox 728 1597 821 1642; x_wconf 94' lang='lat' dir='ltr'>hoc</span> <span class='ocrx_word' id='word_1_133' title='bbox 845 1608 1069 1654; x_wconf 87' lang='lat' dir='ltr'>tempore</span> <span class='ocrx_word' id='word_1_134' title='bbox 1094 1599 1318 1654; x_wconf 83' lang='lat' dir='ltr'>hyberno</span> <span class='ocrx_word' id='word_1_135' title='bbox 1341 1600 1388 1644; x_wconf 90' lang='lat' dir='ltr'>in</span> <span class='ocrx_word' id='word_1_136' title='bbox 1413 1610 1553 1646; x_wconf 88' lang='lat' dir='ltr'>tanta</span> <span class='ocrx_word' id='word_1_137' title='bbox 1577 1601 1667 1646; x_wconf 92' lang='lat' dir='ltr'>celi</span> <span class='ocrx_word' id='word_1_138' title='bbox 1692 1602 1923 1658; x_wconf 89' lang='lat' dir='ltr'>intempe-</span> 
     </span>
     <span class='ocr_line' id='line_1_19' title="bbox 308 1672 1528 1723; baseline 0.005 -7"><span class='ocrx_word' id='word_1_139' title='bbox 308 1672 380 1717; x_wconf 87' lang='lat' dir='ltr'>rie</span> <span class='ocrx_word' id='word_1_140' title='bbox 403 1688 463 1717; x_wconf 89' lang='lat' dir='ltr'>ac</span> <span class='ocrx_word' id='word_1_141' title='bbox 488 1673 679 1721; x_wconf 77' lang='lat' dir='ltr'>iniuria,</span> <span class='ocrx_word' id='word_1_142' title='bbox 709 1689 804 1718; x_wconf 92' lang='lat' dir='ltr'>non</span> <span class='ocrx_word' id='word_1_143' title='bbox 829 1675 1049 1720; x_wconf 91' lang='lat' dir='ltr'>dubitent</span> <span class='ocrx_word' id='word_1_144' title='bbox 1075 1676 1136 1720; x_wconf 92' lang='lat' dir='ltr'>ad</span> <span class='ocrx_word' id='word_1_145' title='bbox 1160 1692 1248 1721; x_wconf 91' lang='lat' dir='ltr'>nos</span> <span class='ocrx_word' id='word_1_146' title='bbox 1272 1677 1528 1723; x_wconf 88' lang='lat' dir='ltr'>aduolare.</span> 
     </span>
    </p>

    <p class='ocr_par' dir='ltr' id='par_1_4' title="bbox 301 1749 1923 2191">
     <span class='ocr_line' id='line_1_20' title="bbox 395 1749 1923 1811; baseline 0.005 -18"><span class='ocrx_word' id='word_1_147' title='bbox 395 1749 500 1794; x_wconf 90' lang='lat' dir='ltr'>Hec</span> <span class='ocrx_word' id='word_1_148' title='bbox 523 1762 633 1794; x_wconf 91' lang='lat' dir='ltr'>sunt</span> <span class='ocrx_word' id='word_1_149' title='bbox 658 1766 783 1805; x_wconf 81' lang='lat' dir='ltr'>quae</span> <span class='ocrx_word' id='word_1_150' title='bbox 808 1750 1050 1796; x_wconf 88' lang='lat' dir='ltr'>Dominus</span> <span class='ocrx_word' id='word_1_151' title='bbox 1084 1768 1172 1808; x_wconf 89' lang='lat' dir='ltr'>per</span> <span class='ocrx_word' id='word_1_152' title='bbox 1205 1768 1294 1797; x_wconf 88' lang='lat' dir='ltr'>nos</span> <span class='ocrx_word' id='word_1_153' title='bbox 1324 1753 1416 1798; x_wconf 86' lang='lat' dir='ltr'>hoc</span> <span class='ocrx_word' id='word_1_154' title='bbox 1448 1769 1612 1799; x_wconf 89' lang='lat' dir='ltr'>mense</span> <span class='ocrx_word' id='word_1_155' title='bbox 1637 1755 1833 1811; x_wconf 87' lang='lat' dir='ltr'>operari</span> <span class='ocrx_word' id='word_1_156' title='bbox 1858 1756 1923 1800; x_wconf 83' lang='lat' dir='ltr'>di-</span> 
     </span>
     <span class='ocr_line' id='line_1_21' title="bbox 304 1827 1920 1890; baseline 0.004 -21"><span class='ocrx_word' id='word_1_157' title='bbox 304 1834 485 1881; x_wconf 89' lang='lat' dir='ltr'>gnatus</span> <span class='ocrx_word' id='word_1_158' title='bbox 525 1836 614 1881; x_wconf 84' lang='lat' dir='ltr'>est,</span> <span class='ocrx_word' id='word_1_159' title='bbox 653 1827 731 1881; x_wconf 82' lang='lat' dir='ltr'>qui</span> <span class='ocrx_word' id='word_1_160' title='bbox 765 1836 986 1872; x_wconf 86' lang='lat' dir='ltr'>nostram</span> <span class='ocrx_word' id='word_1_161' title='bbox 1021 1829 1301 1874; x_wconf 89' lang='lat' dir='ltr'>socordiam</span> <span class='ocrx_word' id='word_1_162' title='bbox 1339 1829 1634 1875; x_wconf 89' lang='lat' dir='ltr'>extimulare</span> <span class='ocrx_word' id='word_1_163' title='bbox 1673 1831 1920 1890; x_wconf 86' lang='lat' dir='ltr'>dignetur,</span> 
     </span>
     <span class='ocr_line' id='line_1_22' title="bbox 303 1902 1921 1964; baseline 0.006 -19"><span class='ocrx_word' id='word_1_164' title='bbox 303 1902 655 1957; x_wconf 88' lang='lat' dir='ltr'>opitulantibus</span> <span class='ocrx_word' id='word_1_165' title='bbox 680 1903 745 1947; x_wconf 78' lang='lat' dir='ltr'>V.</span> <span class='ocrx_word' id='word_1_166' title='bbox 783 1903 844 1948; x_wconf 87' lang='lat' dir='ltr'>R.</span> <span class='ocrx_word' id='word_1_167' title='bbox 882 1903 954 1956; x_wconf 83' lang='lat' dir='ltr'>P.,</span> <span class='ocrx_word' id='word_1_168' title='bbox 992 1904 1196 1950; x_wconf 82' lang='lat' dir='ltr'>Patrum</span> <span class='ocrx_word' id='word_1_169' title='bbox 1221 1921 1278 1951; x_wconf 89' lang='lat' dir='ltr'>ac</span> <span class='ocrx_word' id='word_1_170' title='bbox 1302 1905 1516 1952; x_wconf 78' lang='lat' dir='ltr'>fratrum</span> <span class='ocrx_word' id='word_1_171' title='bbox 1547 1908 1744 1952; x_wconf 90' lang='lat' dir='ltr'>omniun</span> <span class='ocrx_word' id='word_1_172' title='bbox 1770 1908 1921 1964; x_wconf 87' lang='lat' dir='ltr'>preci-</span> 
     </span>
     <span class='ocr_line' id='line_1_23' title="bbox 303 1979 1920 2034; baseline 0.006 -12"><span class='ocrx_word' id='word_1_173' title='bbox 303 1979 408 2034; x_wconf 89' lang='lat' dir='ltr'>bus,</span> <span class='ocrx_word' id='word_1_174' title='bbox 436 1989 487 2022; x_wconf 89' lang='lat' dir='ltr'>ut</span> <span class='ocrx_word' id='word_1_175' title='bbox 521 1979 635 2023; x_wconf 91' lang='lat' dir='ltr'>dum</span> <span class='ocrx_word' id='word_1_176' title='bbox 674 1980 950 2025; x_wconf 80' lang='lat' dir='ltr'>vberiorem</span> <span class='ocrx_word' id='word_1_177' title='bbox 986 1996 1195 2026; x_wconf 88' lang='lat' dir='ltr'>messem</span> <span class='ocrx_word' id='word_1_178' title='bbox 1230 1982 1276 2027; x_wconf 91' lang='lat' dir='ltr'>in</span> <span class='ocrx_word' id='word_1_179' title='bbox 1312 1983 1494 2028; x_wconf 89' lang='lat' dir='ltr'>horrea</span> <span class='ocrx_word' id='word_1_180' title='bbox 1526 1985 1766 2030; x_wconf 90' lang='lat' dir='ltr'>dominica</span> <span class='ocrx_word' id='word_1_181' title='bbox 1790 1985 1920 2031; x_wconf 90' lang='lat' dir='ltr'>inue-</span> 
     </span>
     <span class='ocr_line' id='line_1_24' title="bbox 301 2055 1917 2110; baseline 0.006 -11"><span class='ocrx_word' id='word_1_182' title='bbox 301 2055 536 2110; x_wconf 84' lang='lat' dir='ltr'>xerimus,</span> <span class='ocrx_word' id='word_1_183' title='bbox 573 2055 639 2100; x_wconf 84' lang='lat' dir='ltr'>V.</span> <span class='ocrx_word' id='word_1_184' title='bbox 678 2056 737 2101; x_wconf 88' lang='lat' dir='ltr'>R.</span> <span class='ocrx_word' id='word_1_185' title='bbox 775 2072 885 2102; x_wconf 92' lang='lat' dir='ltr'>cum</span> <span class='ocrx_word' id='word_1_186' title='bbox 910 2057 1133 2103; x_wconf 85' lang='lat' dir='ltr'>omnibus</span> <span class='ocrx_word' id='word_1_187' title='bbox 1158 2060 1333 2104; x_wconf 89' lang='lat' dir='ltr'>maiori</span> <span class='ocrx_word' id='word_1_188' title='bbox 1358 2061 1511 2105; x_wconf 86' lang='lat' dir='ltr'>letitia</span> <span class='ocrx_word' id='word_1_189' title='bbox 1536 2061 1859 2107; x_wconf 76' lang='lat' dir='ltr'>delz‘buamus</span> <span class='ocrx_word' id='word_1_190' title='bbox 1885 2069 1917 2109; x_wconf 75' lang='lat'>²¹.</span> 
     </span>
     <span class='ocr_line' id='line_1_25' title="bbox 301 2129 1856 2191; baseline 0.006 -16"><span class='ocrx_word' id='word_1_191' title='bbox 301 2129 593 2177; x_wconf 82' lang='lat' dir='ltr'>Scribebam</span> <span class='ocrx_word' id='word_1_192' title='bbox 621 2132 859 2178; x_wconf 87' lang='lat' dir='ltr'>Coloniae</span> <span class='ocrx_word' id='word_1_193' title='bbox 883 2134 1208 2191; x_wconf 81' lang='lat' dir='ltr'>Agrippinae,</span> <span class='ocrx_word' id='word_1_194' title='bbox 1235 2135 1292 2180; x_wconf 76' lang='lat'>29</span> <span class='ocrx_word' id='word_1_195' title='bbox 1314 2137 1607 2183; x_wconf 88' lang='lat' dir='ltr'>Decembris</span> <span class='ocrx_word' id='word_1_196' title='bbox 1631 2154 1760 2183; x_wconf 90' lang='lat' dir='ltr'>anno</span> <span class='ocrx_word' id='word_1_197' title='bbox 1783 2139 1856 2185; x_wconf 79' lang='lat'>58.</span> 
     </span>
    </p>

    <p class='ocr_par' dir='ltr' id='par_1_5' title="bbox 300 2208 1920 2344">
     <span class='ocr_line' id='line_1_26' title="bbox 390 2208 1920 2268; baseline 0.006 -16"><span class='ocrx_word' id='word_1_198' title='bbox 390 2208 446 2253; x_wconf 86' lang='lat' dir='ltr'>T.</span> <span class='ocrx_word' id='word_1_199' title='bbox 484 2209 544 2254; x_wconf 84' lang='lat' dir='ltr'>R.</span> <span class='ocrx_word' id='word_1_200' title='bbox 583 2208 655 2266; x_wconf 77' lang='lat' dir='ltr'>R,</span> <span class='ocrx_word' id='word_1_201' title='bbox 693 2225 755 2254; x_wconf 85' lang='lat' dir='ltr'>ex</span> <span class='ocrx_word' id='word_1_202' title='bbox 792 2211 1025 2257; x_wconf 89' lang='lat' dir='ltr'>mandato</span> <span class='ocrx_word' id='word_1_203' title='bbox 1058 2211 1118 2257; x_wconf 89' lang='lat' dir='ltr'>R.</span> <span class='ocrx_word' id='word_1_204' title='bbox 1156 2212 1208 2257; x_wconf 85' lang='lat' dir='ltr'>P.</span> <span class='ocrx_word' id='word_1_205' title='bbox 1247 2213 1498 2259; x_wconf 90' lang='lat' dir='ltr'>Leonardi</span> <span class='ocrx_word' id='word_1_206' title='bbox 1522 2214 1715 2268; x_wconf 86' lang='lat' dir='ltr'>Kessel‚</span> <span class='ocrx_word' id='word_1_207' title='bbox 1742 2230 1920 2261; x_wconf 87' lang='lat' dir='ltr'>seruus</span> 
     </span>
     <span class='ocr_line' id='line_1_27' title="bbox 300 2284 1000 2344; baseline 0.004 -15"><span class='ocrx_word' id='word_1_208' title='bbox 300 2285 527 2342; x_wconf 88' lang='lat' dir='ltr'>indignus</span> <span class='ocrx_word' id='word_1_209' title='bbox 550 2284 817 2331; x_wconf 84' lang='lat' dir='ltr'>Societatis</span> <span class='ocrx_word' id='word_1_210' title='bbox 840 2286 1000 2344; x_wconf 88' lang='lat' dir='ltr'>Ihesu,</span> 
     </span>
    </p>
   </div>
   <div class='ocr_carea' id='block_1_3' title="bbox 1156 2376 1797 2426">
    <p class='ocr_par' dir='ltr' id='par_1_6' title="bbox 1156 2376 1797 2426">
     <span class='ocr_line' id='line_1_28' title="bbox 1156 2376 1797 2426; baseline 0.006 -4"><span class='ocrx_word' id='word_1_211' title='bbox 1156 2376 1421 2424; x_wconf 82' lang='lat' dir='ltr'>HENRICUS</span> <span class='ocrx_word' id='word_1_212' title='bbox 1454 2379 1734 2425; x_wconf 85' lang='lat' dir='ltr'>DIONYSIUS</span> <span class='ocrx_word' id='word_1_213' title='bbox 1766 2381 1797 2426; x_wconf 80' lang='lat'>³.</span> 
     </span>
    </p>
   </div>
   <div class='ocr_carea' id='block_1_4' title="bbox 301 2467 1899 2601">
    <p class='ocr_par' dir='ltr' id='par_1_7' title="bbox 301 2467 1899 2601">
     <span class='ocr_line' id='line_1_29' title="bbox 387 2467 1899 2531; baseline 0.007 -20"><span class='ocrx_word' id='word_1_214' title='bbox 387 2467 676 2524; x_wconf 68' lang='lat' dir='ltr'>Inscrz&#39;pCz&#39;o.</span> <span class='ocrx_word' id='word_1_215' title='bbox 714 2474 743 2522; x_wconf 86' lang='lat'><strong>†</strong></span> <span class='ocrx_word' id='word_1_216' title='bbox 776 2468 899 2514; x_wconf 88' lang='lat' dir='ltr'>Rdo.</span> <span class='ocrx_word' id='word_1_217' title='bbox 944 2469 990 2514; x_wconf 90' lang='lat' dir='ltr'>in</span> <span class='ocrx_word' id='word_1_218' title='bbox 1030 2468 1230 2515; x_wconf 89' lang='lat' dir='ltr'>Christo</span> <span class='ocrx_word' id='word_1_219' title='bbox 1273 2471 1326 2517; x_wconf 85' lang='lat' dir='ltr'>P.</span> <span class='ocrx_word' id='word_1_220' title='bbox 1368 2472 1434 2518; x_wconf 92' lang='lat' dir='ltr'>M.</span> <span class='ocrx_word' id='word_1_221' title='bbox 1474 2472 1658 2519; x_wconf 90' lang='lat' dir='ltr'>Iacobo</span> <span class='ocrx_word' id='word_1_222' title='bbox 1697 2474 1899 2531; x_wconf 88' lang='lat' dir='ltr'>Laynez</span> 
     </span>
     <span class='ocr_line' id='line_1_30' title="bbox 301 2543 1486 2601; baseline 0.007 -14"><span class='ocrx_word' id='word_1_223' title='bbox 301 2543 587 2599; x_wconf 88' lang='lat' dir='ltr'>praeposito</span> <span class='ocrx_word' id='word_1_224' title='bbox 611 2545 834 2601; x_wconf 89' lang='lat' dir='ltr'>generali</span> <span class='ocrx_word' id='word_1_225' title='bbox 859 2544 1124 2591; x_wconf 86' lang='lat' dir='ltr'>Societatis</span> <span class='ocrx_word' id='word_1_226' title='bbox 1147 2546 1249 2592; x_wconf 89' lang='lat' dir='ltr'>Ihu.</span> <span class='ocrx_word' id='word_1_227' title='bbox 1276 2547 1486 2595; x_wconf 88' lang='lat' dir='ltr'>Romae.</span> 
     </span>
    </p>
   </div>
   <div class='ocr_carea' id='block_1_5' title="bbox 297 2639 560 2647">
    <p class='ocr_par' dir='ltr' id='par_1_8' title="bbox 297 2639 560 2647">
     <span class='ocr_line' id='line_1_31' title="bbox 297 2639 560 2647; baseline 0 0"><span class='ocrx_word' id='word_1_228' title='bbox 297 2639 560 2647; x_wconf 95' lang='lat' dir='ltr'> </span> 
     </span>
    </p>
   </div>
   <div class='ocr_carea' id='block_1_6' title="bbox 343 2685 707 2731">
    <p class='ocr_par' dir='ltr' id='par_1_9' title="bbox 343 2685 707 2731">
     <span class='ocr_line' id='line_1_32' title="bbox 343 2685 707 2731; baseline 0.008 -10"><span class='ocrx_word' id='word_1_229' title='bbox 343 2691 360 2712; x_wconf 68' lang='grc' dir='ltr'><strong><em>ἃ</em></strong></span> <span class='ocrx_word' id='word_1_230' title='bbox 409 2685 707 2731; x_wconf 85' lang='lat' dir='ltr'>perfundamus.</span> 
     </span>
    </p>
   </div>
   <div class='ocr_carea' id='block_1_7' title="bbox 302 2767 575 2776">
    <p class='ocr_par' dir='ltr' id='par_1_10' title="bbox 302 2767 575 2776">
     <span class='ocr_line' id='line_1_33' title="bbox 302 2767 575 2776; baseline 0 0"><span class='ocrx_word' id='word_1_231' title='bbox 302 2767 575 2776; x_wconf 95' lang='lat' dir='ltr'> </span> 
     </span>
    </p>
   </div>
   <div class='ocr_carea' id='block_1_8' title="bbox 341 2814 944 2981">
    <p class='ocr_par' dir='ltr' id='par_1_11' title="bbox 341 2814 944 2981">
     <span class='ocr_line' id='line_1_34' title="bbox 345 2814 817 2862; baseline 0.004 -10"><span class='ocrx_word' id='word_1_232' title='bbox 345 2817 353 2835; x_wconf 95' lang='lat'><strong>¹</strong></span> <span class='ocrx_word' id='word_1_233' title='bbox 408 2814 635 2862; x_wconf 82' lang='lat' dir='ltr'>Gregorius</span> <span class='ocrx_word' id='word_1_234' title='bbox 654 2816 817 2854; x_wconf 86' lang='lat' dir='ltr'>Fabius.</span> 
     </span>
     <span class='ocr_line' id='line_1_35' title="bbox 341 2875 845 2913; baseline 0.004 -2"><span class='ocrx_word' id='word_1_235' title='bbox 341 2875 354 2894; x_wconf 87' lang='lat'><strong>²</strong></span> <span class='ocrx_word' id='word_1_236' title='bbox 404 2875 607 2912; x_wconf 86' lang='lat' dir='ltr'>Henricus</span> <span class='ocrx_word' id='word_1_237' title='bbox 626 2875 845 2913; x_wconf 86' lang='lat' dir='ltr'>Somalius.</span> 
     </span>
     <span class='ocr_line' id='line_1_36' title="bbox 341 2933 944 2981; baseline 0.007 -12"><span class='ocrx_word' id='word_1_238' title='bbox 341 2934 354 2953; x_wconf 81' lang='lat'>³</span> <span class='ocrx_word' id='word_1_239' title='bbox 406 2933 513 2970; x_wconf 85' lang='lat' dir='ltr'>Vide</span> <span class='ocrx_word' id='word_1_240' title='bbox 532 2947 628 2981; x_wconf 85' lang='lat' dir='ltr'>pag.</span> <span class='ocrx_word' id='word_1_241' title='bbox 653 2934 734 2978; x_wconf 80' lang='lat'>813,</span> <span class='ocrx_word' id='word_1_242' title='bbox 757 2942 891 2973; x_wconf 86' lang='lat' dir='ltr'>annot.</span> <span class='ocrx_word' id='word_1_243' title='bbox 914 2937 944 2974; x_wconf 87' lang='grc'>1.</span> 
     </span>
    </p>
   </div>
  </div>
 </body>
</html>
