2051 3516
510 304 833 343 136ae-COLON1A
864 303 907 341 16
929 302 1130 351 JANUARH
1162 303 1251 340 1558
1578 303 1648 339 515

66 402 215 448 etiam
250 402 458 448 excitari
495 410 612 458 puto
646 418 675 446 a
709 401 921 458 collegio
955 408 1143 452 nostro,
1182 400 1227 444 in
1260 416 1355 456 quo
1387 400 1697 457 professores

65 490 176 525 sunt
199 489 405 536 septem:
435 480 499 524 M.
529 479 772 524 Henricus
807 478 1075 534 Dionysius
1108 486 1276 522 noster
1308 487 1381 522 est
1416 478 1695 533 theologus,

66 556 129 601 M.
165 556 465 602 Franciscus
501 556 744 601 Costerus
776 555 1022 612 physicus,
1063 554 1125 598 M.
1164 554 1435 599 Balduinus
1473 555 1697 609 Angelus

66 633 270 689 logicus:
301 633 472 688 reliqui
506 648 627 677 uero
653 632 954 677 rhetoricam
986 640 1034 676 et
1066 631 1447 686 grammaticam
1481 645 1595 675 cnm
1623 630 1697 675 Ca·-

65 724 245 755 cerone
268 710 460 755 docent.
492 709 699 754 Athaec
738 710 920 754 rectius
951 724 1013 753 ex
1049 707 1314 753 lectionum
1349 708 1585 763 catalogo
1620 724 1697 752 co-

65 788 239 845 gnosci
264 796 545 844 potuerunt.

123 866 165 910 3.
232 864 468 921 Discipuli
499 865 690 921 plurimi
716 873 827 909 sunt
851 873 899 909 et
923 880 984 909 ex
1010 863 1161 908 uariis
1187 846 1467 919 prouinciis,
1488 878 1598 907 cum
1620 877 1697 906 ca-

65 943 375 998 tholicorum,
403 952 505 987 tum
540 943 924 998 haereticorum,
955 950 1002 986 et
1027 956 1198 984 omnes
1234 939 1340 984 fere
1372 939 1483 985 boni
1518 949 1565 984 et
1602 955 1699 983 ma-

65 1036 196 1077 gnae
219 1020 321 1076 spei
346 1021 706 1076 adolescenteS,
735 1018 815 1075 qui
839 1019 883 1063 in
911 1018 1064 1063 literis
1092 1017 1280 1073 pariter
1300 1032 1359 1061 ac
1384 1016 1568 1072 pietate
1593 1032 1700 1072 pro-

68 1098 247 1143 ficiunt.
277 1097 530 1154 Quantum
564 1097 607 1141 in
645 1097 800 1142 literis
835 1111 1160 1153 progressum
1194 1094 1396 1145 faciant,
1436 1093 1700 1138 ostendunt

66 1191 237 1220 eorum
273 1174 647 1230 disputationes,
675 1173 1062 1219 declamationes
1089 1181 1136 1217 et
1168 1172 1422 1228 epistolae.
1450 1170 1699 1226 Quantum

67 1254 112 1298 in
147 1253 330 1309 pietate
365 1261 708 1308 promoueant‚
742 1251 887 1296 facile
922 1266 984 1295 ex
1017 1250 1109 1294 hoc
1145 1249 1312 1305 liquet,
1340 1249 1469 1304 quod
1503 1263 1701 1292 sacrum

66 1330 282 1388 quotidie
306 1330 447 1375 flexis
470 1330 678 1386 genibus
704 1329 923 1384 audiunt,
952 1328 1132 1384 templa
1166 1327 1346 1372 deuote
1381 1326 1598 1376 uisitant‚
1627 1341 1701 1369 ro-

69 1408 214 1453 sariis
238 1416 286 1453 et
310 1405 539 1453 Gersone
566 1407 573 1429 ¹
602 1416 823 1463 utuntur,
851 1406 1140 1462 frequenter
1177 1404 1477 1449 confitentur
1501 1413 1549 1448 et
1573 1418 1701 1448 com-

67 1485 335 1543 municant,
363 1494 410 1530 et
434 1494 694 1530 montanos
720 1500 780 1529 ac
811 1483 1153 1529 laurentianos
1178 1482 1237 1526 ad
1265 1482 1440 1526 eadem
1476 1481 1701 1537 frequen-

68 1563 220 1609 tanda
254 1572 572 1609 sacramenta
606 1563 858 1618 inducunt,
892 1574 937 1607 et
962 1560 1093 1618 quod
1129 1560 1274 1605 ualde
1310 1559 1445 1604 multi
1472 1558 1615 1604 exiis
1640 1558 1701 1603 ad

70 1640 374 1687 Societatem
410 1641 650 1697 aspirant.
679 1639 1011 1685 Conuictores
1046 1650 1156 1682 sunt
1194 1637 1404 1694 plurimi,
1433 1636 1623 1681 nobiles
1654 1646 1702 1680 et

31 1731 367 1774 ‘magnorum
413 1718 635 1763 uirorum
680 1717 777 1762 filii.
826 1716 1008 1761 Sumus
1054 1715 1182 1760 domi
1221 1714 1279 1759 30
1323 1721 1358 1759 a.
1406 1714 1482 1759 De
1526 1714 1703 1758 horum

69 1796 289 1841 bonitate
330 1796 482 1840 multa
522 1795 729 1841 dicenda
768 1794 946 1839 forent.
985 1792 1170 1838 Omnes
1211 1791 1448 1848 peculiari
1491 1791 1702 1847 quodam

69 1873 214 1919 modo
259 1889 288 1918 a
332 1873 441 1918 Deo
486 1873 548 1919 ad
593 1888 683 1918 nos
726 1872 904 1917 missos
948 1870 1184 1916 arbitror.
1228 1870 1302 1914 Ne
1342 1884 1468 1914 unus
1508 1868 1701 1925 quidem

68 1966 242 1997 eorum
277 1952 436 1996 malus
470 1960 560 1996 est:
590 1966 684 1995 non
720 1950 866 1996 aliter
901 1950 1072 1994 uiuunt
1107 1957 1154 1993 et
1189 1948 1234 1993 in
1270 1963 1545 2004 prauarum
1580 1946 1702 1991 affe-

68 2029 283 2074 ctionum
306 2027 768 2074 mortificationibus
803 2044 856 2072 se
891 2035 1130 2072 exercent
1155 2041 1302 2081 quam
1337 2025 1376 2070 si
1413 2024 1509 2070 iam
1535 2023 1701 2068 Socie-

70 2108 191 2152 tatz‘s
215 2106 234 2133 b
259 2116 440 2152 essent.

128 2185 172 2230 -l,
239 2184 301 2229 D.
348 2184 602 2236 Andreas,
650 2183 974 2228 concionator
1020 2180 1389 2237 rnenningensis
1437 2178 1511 2235 [2]
1559 2193 1701 2233 quem

70 2260 131 2306 R.
159 2261 211 2306 P.
236 2261 531 2307 Leonardus
566 2261 611 2305 in
647 2260 819 2306 itinere
853 2275 942 2305 suo
977 2275 1183 2304 romano
1219 2258 1442 2302 lucratus
1475 2265 1549 2300 est
1575 2255 1700 2310 Deo,

69 2340 160 2396 qni
180 2353 299 2384 enm
325 2338 582 2384 Coloniam
615 2338 920 2386 subsecutus
955 2340 1044 2393 est,
1072 2336 1162 2394 qni
1182 2336 1263 2380 llic
1287 2334 1479 2391 optflm'
1514 2333 1702 2377 exerci-

70 2417 142 2461 tta
160 2416 304 2473 fecit,
330 2416 412 2461 lzz'c
434 2416 478 2461 in
505 2415 582 2461 die
607 2414 995 2461 circumcisionis
1022 2413 1236 2467 Domini,
1265 2413 1309 2457 in
1336 2412 1463 2456 festo
1496 2409 1703 2454 nominis

70 2493 197 2551 Iesu,
225 2494 270 2538 in
295 2494 533 2550 principio
558 2494 671 2538 noui
696 2493 826 2548 anni,
855 2507 1038 2537 nouum
1070 2507 1121 2536 se
1147 2490 1264 2536 fecit
1289 2489 1578 2544 discipulum
1605 2487 1702 2532 dul-

70 2571 252 2617 cissimi
276 2572 402 2617 Iesu.
430 2571 648 2616 Primum
683 2570 949 2617 Societatis
985 2578 1155 2615 uotum
1182 2578 1283 2613 tum
1309 2567 1450 2611 nobis
1475 2565 1703 2610 omnibus

71 2650 404 2695 nescientibus
449 2650 606 2707 uouit3
655 2649 822 2706 sicque
867 2648 1080 2694 fratrum
1126 2656 1411 2692 nostrorum
1470 2658 1704 2688 numerus

117 2837 134 2857 a
180 2830 298 2877 Seqq.
321 2831 471 2877 aliqua
499 2841 566 2866 vv.
596 2830 650 2866 ab
678 2832 866 2871 anctore,
896 2832 945 2865 ut
970 2827 1159 2869 videtur,
1186 2826 1321 2871 plane
1347 2824 1502 2861 deleta.
1564 2843 1580 2846 -ν
1604 2824 1622 2849 b
1655 2823 1704 2859 de

71 2888 275 2927 Societate
295 2896 443 2927 nostra.

120 3062 130 3080 ¹
182 3059 353 3096 Indicari
374 3058 532 3094 videtur
553 3057 656 3094 liber
680 3057 763 3093 <De
783 3056 1008 3092 imitatione
1030 3053 1218 3095 Christiu„
1242 3052 1388 3099 joanni
1415 3052 1591 3089 Gersoni
1611 3051 1705 3088 olim

73 3120 338 3162 adiudicatus.
