2051 3516
391 281 460 316 408
857 281 1073 318 LITTERAE
1099 281 1451 326 QUADRIMESTRES

338 390 477 419 mare
501 374 674 431 ausim,
703 391 780 420 me
803 384 852 421 et
876 376 1055 421 vidisse
1084 391 1249 432 saepe,
1283 377 1479 432 saepius
1513 376 1661 422 etiam
1695 377 1958 431 audiuisse,

338 450 578 505 quosdam
603 450 778 495 Patres
801 451 846 495 in
873 461 1042 497 nostro
1066 452 1249 497 sacello
1281 451 1490 508 quinque
1515 452 1665 497 horas
1696 451 1960 497 confessio-

339 542 425 571 nes
444 527 547 572 sine
566 526 901 572 intermisione
921 528 1183 585 audiuisse;
1211 537 1258 572 et
1282 529 1371 573 has
1395 528 1588 584 quidem
1614 529 1836 573 virorum
1860 538 1961 573 tan-

339 613 457 652 tum:
486 618 597 648 nam
621 603 844 648 foeminis
867 620 962 649 non
986 604 1145 649 adhuc
1176 613 1311 660 patet
1341 604 1502 649 aditus
1536 605 1598 649 ad
1632 614 1854 649 nostrum
1887 620 1960 650 sa*

338 681 515 725 cellum
540 689 743 736 propter
767 680 1075 726 honestatem
1101 692 1146 726 et
1179 696 1385 736 paruam
1412 681 1586 726 domus
1616 681 1960 737 capacitaten13

339 758 528 814 quibus,
556 757 593 802 si
618 757 771 802 libere
796 757 986 814 ingredi
1012 758 1198 814 liceret,
1226 773 1321 802 non
1346 758 1545 803 dubium
1570 768 1644 803 est
1678 758 1791 814 quin
1814 774 1904 803 nos
1937 774 1963 803 e

340 834 484 878 domo
509 833 579 889 (ut
603 834 672 878 ita
695 834 888 890 loquar)
913 834 1162 890 eiicerent;
1192 843 1331 879 tanta
1355 843 1485 879 esset
1508 834 1787 890 frequentia
1818 839 1864 879 el
1897 835 1968 879 ad

339 925 432 955 nos
464 910 782 956 venientium
821 912 1106 956 multitudo.
1147 910 1455 956 Confitentur
1493 920 1656 956 tamen
1696 911 1743 956 in
1782 912 1964 968 templo

339 988 484 1033 diuae
509 987 702 1032 Mariae
726 1004 755 1032 a
779 987 955 1043 gratiis
979 999 1308 1045 nuncupatae,
1336 988 1463 1044 quod
1487 1004 1583 1033 non
1604 989 1750 1045 longe
1768 989 1847 1043 (ut
1865 1002 1964 1033 cer-

339 1069 386 1109 te
409 1065 555 1110 nouit
577 1065 881 1109 Paterm'tczs
902 1065 1018 1121 tua)
1041 1081 1070 1109 a
1094 1064 1234 1109 nobis
1258 1065 1420 1119 distat;
1448 1074 1496 1110 et
1529 1081 1559 1110 a
1592 1065 1773 1110 nostris
1809 1065 1964 1110 Patri-

341 1142 431 1187 bus
479 1141 653 1186 diuinis
706 1141 992 1186 imbuuntur
1041 1140 1477 1198 admonitionibus,
1529 1141 1966 1197 saluberrimisque

341 1217 637 1274 praeceptis;
671 1232 761 1262 nec
796 1217 839 1262 id
875 1218 977 1263 sine
1012 1219 1162 1262 multo
1198 1226 1244 1262 et
1280 1233 1462 1274 magno
1498 1218 1773 1262 animarum
1809 1218 1963 1263 lucro.

340 1295 527 1340 Multae
552 1295 679 1340 enim
706 1296 871 1340 velato
897 1295 1058 1351 capite
1083 1295 1153 1348 <ut
1178 1295 1450 1351 Apostolus
1474 1295 1609 1340 iubet
1640 1296 1672 1352 ¹)
1710 1296 1858 1341 rebus
1892 1311 1965 1340 sa-

340 1372 438 1417 cris
462 1381 509 1417 et
533 1372 850 1417 concionibus
874 1372 1129 1422 intersunt;
1157 1387 1219 1416 ex
1243 1372 1316 1416 his
1340 1372 1487 1416 etiam
1523 1372 1802 1429 nonnullae,
1839 1387 1965 1428 quac

344 1449 573 1494 mundum
613 1458 661 1494 et
699 1449 863 1493 carnis
897 1448 1158 1493 illecebras
1198 1449 1572 1505 pessundedisse
1606 1449 1850 1505 videntur,
1888 1464 1964 1493 co-

341 1539 515 1583 operto
540 1527 702 1583 capite
727 1526 925 1571 domum
954 1526 1056 1582 [sic]
1086 1535 1266 1571 exeunt
1290 1536 1337 1571 et
1358 1537 1689 1571 reuertuntur.
1713 1526 1856 1582 Quae
1876 1526 1965 1570 etsi

343 1619 432 1659 pro
457 1602 603 1647 nihilo
627 1602 798 1647 haberi
823 1602 1052 1658 debeant,
1079 1618 1205 1659 quae
1231 1602 1358 1648 leuia
1389 1603 1616 1647 nimirum
1641 1603 1749 1657 sint,
1787 1611 1835 1647 et
1867 1603 1966 1647 nul-
2001 1631 2004 1635 -

346 1680 436 1724 lius
460 1680 564 1724 fere
590 1679 839 1733 momenti;
867 1688 1050 1733 tamen,
1079 1680 1191 1724 mihi
1227 1680 1403 1724 credas
1438 1679 1600 1735 velim,
1637 1695 1733 1724 non
1767 1679 1969 1724 minoris

344 1756 646 1802 fortitudinis
671 1771 778 1801 esse
803 1757 897 1801 hac
921 1756 967 1800 in
993 1757 1112 1801 urbe
1139 1757 1302 1801 velato
1327 1756 1489 1813 capite
1515 1757 1744 1801 mulieres
1779 1756 1968 1801 incede-

344 1849 414 1889 re,
441 1849 586 1889 quam
611 1833 649 1878 si
673 1833 947 1878 tortoribus
970 1848 1022 1877 se
1046 1833 1354 1878 dilaniandas
1377 1833 1629 1878 dederent.
1671 1833 1968 1878 Deridentur

344 1925 569 1965 namque.
607 1919 654 1954 et
688 1909 841 1966 digito
876 1918 1108 1965 tanquam
1144 1919 1415 1954 monstrum
1450 1922 1533 1954 aut
1568 1910 1846 1966 prodigium
1885 1910 1967 1955 ali-

345 1987 471 2043 quod
497 2002 525 2030 a
551 1986 748 2042 reliquis
773 1995 1127 2033 monstrantur:
1156 1987 1476 2042 increpantur
1501 1987 1647 2031 etiam
1673 1987 1896 2043 grauiter
1921 1988 1966 2032 ni

345 2065 409 2109 ab
433 2065 629 2120 incepto
655 2064 907 2119 desistant,
936 2080 964 2108 a
990 2053 1108 2107 viris
1132 2072 1179 2107 et
1204 2064 1503 2119 parentibus.
1528 2063 1710 2108 Sedde
1728 2064 1824 2120 lzz's,
1847 2064 1969 2120 qnia,

346 2141 647 2186 Patemn'las
669 2145 761 2185 tna
787 2141 944 2195 plum
979 2141 1122 2184 nouit
1155 2144 1201 2184 et
1234 2141 1514 2197 aliqnando
1544 2146 1798 2196 praesens
1832 2154 1967 2184 coar-

341 2218 461 2275 gztz‘l
484 2220 515 2273 ²,
544 2231 698 2274 (lnam
725 2231 756 2261 a
780 2231 859 2261 me
889 2217 1144 2261 recenseri
1170 2222 1406 2272 possunt,
1444 2217 1574 2262 nihil
1605 2217 1751 2262 aliud
1781 2217 1966 2261 dicam.

406 2294 446 2338 2.
514 2293 840 2337 Reuerendus
877 2293 958 2337 Pr.
997 2302 1162 2337 rector
1193 2302 1295 2338 toto
1331 2294 1421 2337 hoc
1458 2293 1674 2338 aduentu
1709 2293 1753 2338 in
1789 2294 1969 2348 templo

348 2370 489 2414 diuae
514 2369 846 2425 Magdalenae
871 2384 1060 2413 summo
1085 2369 1299 2414 omnium
1325 2370 1580 2425 applausu,
1609 2379 1655 2414 et
1689 2369 1968 2414 auditorum
2034 2394 2039 2400 ·

348 2446 700 2501 consolatione,
730 2454 953 2502 rogatus,
982 2446 1302 2490 concionatus
1326 2456 1414 2490 est.
1442 2446 1692 2502 Quantum
1728 2446 1836 2491 inde
1871 2445 1967 2491 fru-

348 2532 456 2567 ctus
480 2522 738 2567 Donamus
762 2526 982 2578 caperet,
1010 2522 1292 2577 frequentes
1316 2522 1653 2568 confessiones
1685 2531 1732 2567 et
1756 2538 1968 2567 commu-

350 2599 519 2643 niones
544 2614 669 2654 quae
694 2598 867 2643 eodem
892 2598 938 2642 in
963 2599 1146 2654 templo
1171 2608 1273 2643 tum
1299 2599 1533 2655 temporis
1558 2598 1754 2654 fiebant,
1791 2599 1969 2655 perspi-

348 2691 493 2719 cuum
518 2674 742 2719 omnibus
767 2674 1056 2719 reddebant.
1086 2674 1458 2720 Concionantur
1483 2685 1530 2720 et
1554 2675 1636 2720 alii
1660 2675 1755 2720 duo
1781 2675 1971 2731 publice

349 2760 458 2806 post
482 2751 793 2806 vespertinas
817 2766 990 2807 preces
1015 2750 1266 2795 dominicis
1289 2751 1460 2796 diebus
1483 2761 1530 2796 et
1553 2751 1759 2808 festiuis;
1787 2760 1970 2807 quanto

399 2893 408 2911 ¹
463 2891 524 2928 Cf.
546 2892 562 2928 I
584 2891 802 2933 Commii..
825 2891 895 2932 XI,
922 2891 974 2927 13.

398 2951 410 2969 ²
461 2950 593 2986 Annis
617 2951 704 2986 1353
725 2956 763 2986 et
785 2951 874 2985 1334
895 2950 965 2985 [uit
991 2950 1158 2986 Lainius
1186 2950 1357 2986 Genuae
1387 2951 1452 2986 ubi
1480 2951 1641 2997 saepius
1668 2950 1894 2986 contionem
1921 2950 1969 2986 ad

349 3010 542 3056 populum
562 3010 712 3046 habuit.
736 3009 798 3046 Cf.
829 3009 981 3045 Laim'z'
1009 3009 1215 3052 Monam„
1245 3009 1275 3051 I,
1304 3008 1373 3045 236
1399 3021 1499 3056 sqq.;
1530 3009 1773 3049 POLANCUM.
1807 3009 1969 3050 Clzrorz..

350 3067 419 3110 ΠΙ,
439 3068 498 3108 73,
520 3081 603 3114 sqq.
