2051 3516
554 313 876 350 143.—Bn„1„omo
901 314 924 348 5
950 312 1188 348 FEBRUARH
1217 312 1308 348 1558
1628 311 1693 347 551

111 410 173 455 tis
197 411 457 454 dumtaxat
491 409 553 453 ad
587 419 1019 453 sacramentorum
1054 416 1102 451 et
1136 407 1384 464 euangelii
1419 406 1745 451 ministerium

113 487 416 533 erectionem
442 497 638 531 centum
663 495 1018 530 coronatorum
1053 483 1252 540 priuato
1287 483 1532 539 impendio
1556 499 1610 528 se
1634 498 1734 539 pro·

113 573 341 610 moturos,
361 563 530 608 testati
555 572 667 607 sunt
691 562 962 619 praeterito
987 561 1221 605 aduentu.

175 641 243 686 11.
313 640 633 685 Demiramur
668 639 851 685 Christi
885 639 1003 698 Jesu
1037 638 1271 694 gratiam,
1310 653 1406 694 qua
1441 636 1745 682 Societatem

111 733 250 763 suam
291 708 519 774 prosequi
560 717 794 772 dignatur
834 715 895 760 ad
930 715 1209 760 animarum
1244 714 1427 771 passim
1461 714 1744 759 conuersio-

113 809 226 839 nem
257 793 764 849 consolationemque.
800 791 1004 837 Nobiles
1040 791 1268 847 permulti
1302 807 1417 835 mox
1453 807 1541 835 nos
1578 806 1746 835 accer-

113 879 241 924 sunt,
265 870 459 926 quoties
478 870 683 915 morbus
702 869 820 926 ipsis
839 867 1047 924 grauius
1067 867 1284 912 minatur
1303 867 1593 923 periculum.
1616 866 1746 923 Quin

113 958 160 993 et
186 947 411 993 canonici
437 947 481 991 in
507 947 665 992 sinum
702 956 923 991 nostrum
959 944 1294 990 conscientiae
1325 959 1566 989 arcanum
1602 945 1746 1000 depo-

111 1040 231 1070 nere
255 1025 492 1081 gaudent.
522 1023 644 1068 Dns.
674 1023 894 1068 vicarius
928 1021 1180 1078 generalis
1213 1020 1324 1065 Rdi.
1359 1021 1593 1077 episcopi,
1620 1020 1746 1066 Bou-

111 1101 324 1157 tinellus,
351 1101 443 1146 sub
477 1100 649 1145 mortis
684 1100 828 1155 diem,
855 1099 994 1144 nobis
1028 1097 1301 1154 accersitis,
1329 1106 1501 1142 nostro
1535 1097 1745 1142 ministe-

112 1179 186 1223 rio
211 1178 541 1235 poenitentiae
567 1177 708 1221 simul
734 1186 781 1222 et
811 1175 1140 1221 eucharistiae
1175 1183 1495 1219 sacramenta
1529 1174 1749 1230 percepit

111 1271 221 1301 cum
261 1255 511 1300 vberrima
547 1255 815 1299 astantium
849 1252 1206 1307 consolatione,
1242 1261 1290 1296 et
1325 1251 1549 1307 perfecta
1588 1251 1661 1296 sui
1700 1251 1748 1296 in

110 1348 270 1379 meam
311 1332 454 1377 fidem
495 1332 848 1388 resignatione.
893 1330 1117 1376 Pudebat
1156 1345 1233 1374 me
1277 1344 1420 1373 meae
1464 1328 1745 1385 superbiae,

111 1411 225 1456 dum
266 1411 590 1455 obseruarem
625 1410 670 1454 in
707 1408 995 1454 venerando
1035 1423 1167 1460 sene,
1206 1422 1360 1463 prope
1401 1406 1745 1463 octogenario,

110 1496 302 1533 tantam
326 1486 648 1531 humilitatem
676 1498 722 1530 et
747 1484 1092 1531 obedientiam.
1117 1482 1207 1528 Sat
1231 1483 1332 1528 scio
1358 1483 1573 1528 animam
1598 1482 1750 1539 ipsius

112 1574 313 1610 vestrae
338 1579 462 1620 erga
486 1579 597 1608 eum
622 1562 854 1608 charitati
886 1561 1419 1607 commendatissimam
1444 1560 1569 1605 fore.
1598 1559 1749 1605 Certe

111 1643 150 1687 si
175 1642 372 1698 quando
398 1642 549 1686 vllum
570 1652 719 1697 vrget
743 1640 1015 1696 periculum
1041 1654 1157 1683 mox
1181 1639 1243 1683 ad
1270 1636 1539 1683 Societatis
1565 1637 1747 1694 praesi-

112 1719 260 1774 dium,
299 1718 487 1764 consilii
511 1718 779 1774 auxiliique
804 1717 988 1774 gratia,
1016 1725 1252 1773 tanquam
1276 1715 1339 1760 ad
1364 1716 1555 1772 asylum
1584 1730 1748 1760 recur-

111 1797 251 1852 ritur,
280 1812 375 1841 non
401 1795 546 1841 modo
570 1794 781 1851 Biliomi,
809 1794 895 1839 sed
925 1803 972 1838 et
1002 1793 1046 1837 in
1083 1792 1421 1838 celeberrimis
1455 1792 1660 1837 vrbibus
1690 1807 1750 1837 ac

111 1873 328 1920 castellis
362 1872 612 1929 nobilium,
651 1872 689 1916 si
726 1872 920 1928 quando
954 1870 1109 1915 nostri
1145 1870 1287 1926 copia
1322 1869 1413 1915 illis
1450 1870 1608 1926 detur,
1637 1869 1749 1926 quin

110 1962 158 1997 et
181 1950 580 2007 frequentissime
614 1959 700 1995 aut
734 1949 846 1995 hinc
878 1949 975 1993 alio
1005 1948 1331 2004 accersimur,
1364 1957 1412 1993 et
1437 1947 1632 1992 aliunde
1656 1947 1750 1992 huc

110 2029 172 2074 ad
202 2044 292 2074 nos
327 2028 407 2073 alii
442 2028 725 2073 conuolant.
765 2025 1030 2072 Societatis
1061 2026 1213 2071 armis
1247 2025 1564 2082 spiritalibus,
1599 2023 1749 2069 sacri-

111 2105 231 2151 ficiis
255 2105 483 2150 nimirum
510 2114 659 2161 atque
684 2104 992 2149 orationibus
1017 2103 1278 2159 plurimum
1304 2103 1457 2147 fidunt
1481 2101 1674 2152 infirmi,
1702 2112 1752 2147 et

110 2183 256 2240 graui
292 2183 638 2239 impedimento
673 2181 820 2227 alicui
854 2181 1087 2235 intricati,
1116 2197 1141 2226 e
1166 2196 1261 2237 quo
1296 2180 1554 2225 commode
1584 2195 1636 2224 se
1667 2195 1748 2228 ex-

111 2260 279 2317 pedire
318 2269 581 2316 nequeunt.
621 2258 776 2315 Viget
811 2258 1020 2314 denique
1054 2273 1114 2302 ac
1148 2257 1292 2302 floret
1327 2256 1595 2302 Societatis
1629 2256 1749 2315 jesu

110 2352 289 2383 nomen
330 2337 509 2393 vbique
548 2336 592 2381 in
619 2337 712 2381 hac
737 2351 1068 2380 aruernorum
1095 2335 1300 2391 regione
1326 2333 1584 2379 ac'vicinis
1609 2333 1745 2378 locis.

112 2413 265 2460 Certe
299 2414 463 2459 oratio
498 2413 543 2458 in
578 2413 767 2470 synodo
804 2422 1059 2469 pastorum
1095 2411 1421 2456 Claromonte
1456 2422 1564 2468 post
1598 2410 1749 2455 ferias

111 2492 225 2536 Diui
262 2491 432 2536 Lucae
467 2491 645 2535 iterum
680 2506 710 2535 a
745 2505 821 2534 me
855 2489 1041 2543 habita,
1080 2488 1494 2545 quemadmodum
1532 2503 1591 2532 ea
1622 2503 1750 2543 quae

111 2569 328 2614 secundo
354 2568 537 2613 abhinc
560 2584 690 2613 anno
714 2583 743 2612 a
767 2583 844 2612 me
869 2567 1038 2612 habita
1064 2575 1190 2619 erat;
1228 2566 1443 2610 maxime
1480 2580 1601 2609 vero
1638 2580 1749 2624 ora-

111 2647 179 2691 tio
214 2646 297 2691 illa
332 2645 538 2702 insignis
572 2661 600 2689 a
635 2644 923 2701 praeposito
960 2653 1146 2696 nostro,
1183 2643 1312 2687 Dno.
1340 2641 1582 2697 Baptista,
1610 2656 1749 2697 supe-

113 2723 231 2768 riori
273 2739 402 2768 anno
442 2723 739 2777 declamata,
777 2721 909 2766 haud
948 2722 1213 2777 vulgarem
1254 2718 1519 2764 Societatis
1560 2718 1749 2763 famam

113 2800 294 2857 sparsit
333 2799 395 2845 ad
436 2798 620 2844 Christi
664 2798 783 2858 Jesu
823 2798 1077 2843 honorem.
1126 2795 1401 2841 Doctrinae
1446 2795 1751 2840 christianae

112 2876 384 2933 praelectio
424 2875 732 2934 juuentutem
773 2875 835 2919 ad
871 2874 1066 2931 pietatis
1101 2874 1456 2918 incrementum
1494 2872 1586 2917 hoc
1620 2887 1750 2917 anno

113 2955 318 2999 multum
343 2953 608 3010 promouit3
636 2968 782 3009 quam
808 2952 1023 2997 aduentu
1050 2950 1275 3006 proxime
1298 2950 1572 3006 praeterito
1597 2949 1750 2995 Pater

113 3040 281 3076 rector
320 3031 365 3075 in
411 3030 512 3075 suis
557 3029 878 3075 concionibus
923 3027 1230 3073 auditoribus
1274 3027 1548 3073 enarrauit.
1596 3027 1750 3072 Faxit

115 3107 345 3153 Christus
370 3117 422 3152 vt
446 3107 645 3152 minima
671 3122 761 3152 sua
786 3106 1013 3151 Societas
1038 3106 1178 3150 caelo
1202 3114 1436 3162 terraque
1470 3114 1668 3151 crescat
1702 3105 1751 3150 in
