2051 3516
816 284 1032 324 LITTERAE
1058 285 1412 331 QUADRnnEsTREs
1811 284 1881 322 688

308 384 418 439 cim,
445 392 530 428 aut
565 383 644 428 vel
677 398 935 439 summum,
977 383 1029 427 14
1062 397 1323 439 annorum,
1361 382 1534 439 quibus
1569 381 1741 427 melius
1775 390 1849 427 est
1881 381 1928 426 in

309 460 548 505 eiusmodi
572 460 661 516 piis
686 460 832 505 rebus
857 476 1001 517 quam
1027 460 1071 504 in
1104 459 1212 504 aliis
1246 458 1490 516 aliquibus
1514 457 1786 515 occupari),
1813 457 1932 503 faci-

309 537 399 582 lius
423 536 711 582 conceditur
738 542 769 581 ³.
807 535 978 582 Solent
1012 551 1223 592 namque
1257 551 1352 592 quo
1386 535 1539 581 semel
1571 544 1682 580 sunt
1715 534 1931 579 imbutae

307 624 533 659 recentes
556 622 715 659 testae
739 614 941 659 odorem
966 613 1046 657 diu
1070 627 1374 658 conseruare
1410 614 1440 669 ¹,
1479 620 1526 657 et
1561 611 1690 668 quod
1723 610 1931 667 primum

307 690 352 735 in
379 691 549 735 tabula
581 705 697 735 rasa
730 690 1020 746 insculpitur
1054 689 1133 734 diu
1166 704 1477 745 permanere.
1514 687 1718 733 Maioris
1751 687 1931 732 aetatis

308 767 655 824 quamplurimi
678 767 756 813 hic
778 768 927 813 etiam
959 767 1160 823 degunt,
1188 766 1301 812 boni
1326 781 1497 811 omnes
1531 774 1579 810 et
1612 763 1693 822 qui
1727 765 1932 809 multum

308 843 630 889 confessionis
654 853 702 890 et
724 843 1057 890 eucharistiae
1082 853 1399 889 sacramento
1424 843 1733 888 delectantur
1756 840 1791 886 b.

365 920 408 965 3.
475 919 813 966 Externorum
854 930 1019 966 autem
1054 928 1223 965 tantus
1256 928 1330 965 est
1363 934 1613 976 numerUS,
1657 927 1709 963 vt
1747 918 1933 963 classes

309 997 535 1054 quamvis
553 998 797 1055 quaedam
817 997 1149 1054 amplissimae
1165 1005 1292 1054 sunt,
1312 996 1404 1041 illis
1420 995 1671 1052 capiendis
1689 1010 1784 1040 non
1804 993 1934 1040 suffi-

309 1075 456 1121 ciant.
481 1074 558 1120 Ex
582 1091 677 1132 quo
702 1076 828 1122 enim
847 1076 940 1120 huc
959 1074 1353 1131 immigrauimus
1372 1090 1402 1119 a
1420 1084 1626 1130 regente
1645 1084 1814 1118 nostro
1835 1074 1849 1097 ²
1869 1073 1933 1117 in-

309 1153 479 1210 scripti
503 1164 614 1198 sunt
637 1154 840 1199 circiter
862 1153 963 1211 360;
992 1153 1039 1198 in
1074 1152 1249 1209 quibus
1282 1152 1470 1198 nobiles
1504 1151 1641 1197 multi
1675 1161 1802 1207 sunt,
1836 1161 1937 1195 tum

309 1231 552 1288 germani,
580 1240 682 1277 tum
706 1231 841 1288 galli:
865 1240 912 1277 et
935 1230 1163 1288 germani
1187 1230 1380 1286 quidem
1405 1229 1620 1286 optimae
1644 1228 1746 1285 spei
1770 1228 1934 1273 adole-

309 1316 519 1364 scentes3
548 1307 674 1354 inter
692 1309 853 1365 gallos
874 1324 995 1353 vero
1015 1316 1127 1353 sunt
1146 1307 1259 1363 duo,
1283 1322 1404 1364 quos
1424 1322 1453 1352 a
1473 1306 1534 1351 D.
1557 1305 1783 1351 Pictauia
1802 1306 1834 1362 3,
1858 1321 1934 1350 ar-

310 1384 597 1430 chidiacono
622 1385 873 1442 leodiensi,
900 1400 1056 1441 nuper
1079 1384 1374 1441 recepimus,
1400 1385 1528 1429 alter
1550 1382 1676 1428 filius
1695 1392 1769 1428 est
1787 1382 1934 1427 domi-

310 1461 355 1506 ni
380 1461 440 1507 de
463 1462 638 1520 Bossu,
665 1463 792 1508 alter
815 1477 967 1519 nepos
985 1461 1166 1507 domini
1191 1461 1461 1518 Pictauiae;
1490 1469 1698 1518 vterque
1718 1476 1780 1506 ex
1803 1459 1936 1505 nobi-

310 1538 494 1584 lissima
524 1539 772 1596 prosapia.
811 1539 1161 1595 Preceptorem
1187 1538 1370 1584 habent
1394 1538 1555 1583 virum
1580 1538 1759 1583 bonum
1782 1545 1830 1582 et
1855 1537 1934 1582 do-

311 1625 445 1661 ctum
479 1617 556 1661 cui
591 1632 784 1662 summa
818 1617 1082 1663 delectatio
1117 1624 1191 1662 est
1224 1616 1481 1661 nobiscum
1516 1614 1727 1670 versari,
1768 1626 1819 1659 vt
1852 1612 1938 1658 vix
1992 1653 1994 1656 ,

312 1693 464 1750 possit
488 1709 551 1738 ex
573 1694 786 1750 collegio
810 1703 982 1739 nostro
1008 1693 1171 1739 auelli.
1198 1693 1427 1749 Vterque
1447 1707 1570 1749 puer
1588 1691 1845 1737 confessus
1865 1699 1939 1736 est

312 1770 358 1814 in
382 1769 603 1826 profesto
627 1780 940 1827 pentecostes
964 1786 1062 1816 vna
1087 1786 1195 1816 cum
1220 1785 1308 1815 suo
1332 1769 1630 1827 paedagogo
1660 1778 1709 1814 et
1731 1767 1935 1822 famulo,

311 1846 726 1904 quemadmodum
761 1848 910 1893 etiam
945 1863 1112 1893 omnes
1147 1862 1301 1904 prope
1335 1846 1490 1892 nostri
1515 1845 1717 1892 studiosi
1742 1852 1778 1890 ς.
1812 1844 1939 1890 Tres

312 1923 439 1969 enim
465 1934 609 1970 erant
633 1940 696 1970 ex
718 1925 902 1970 nostris
921 1925 1209 1970 sacerdotes
1229 1923 1309 1981 qui
1328 1932 1431 1969 toto
1451 1923 1527 1969 die
1548 1922 1743 1969 veneris
1762 1931 1809 1967 et
1828 1922 1938 1967 sab-

313 2001 414 2046 bati
448 2001 495 2046 in
534 2001 927 2047 confessionibus
965 2002 1210 2047 iuniorum
1249 2000 1505 2046 audiendis
1539 1999 1930 2056 occupabantur.

312 2077 584 2135 Speramus
608 2079 813 2124 multum
837 2079 1031 2125 fructus
1056 2095 1117 2124 ex
1141 2079 1233 2124 hoc
1257 2078 1470 2135 collegio
1495 2086 1868 2134 prouenturum,
1896 2075 1935 2121 si

314 2156 457 2200 modo
482 2171 571 2201 nos
595 2172 799 2213 operam
824 2156 1145 2202 adhibeamus
1172 2169 1224 2201 vt
1255 2156 1421 2202 verbis
1454 2163 1503 2201 et
1536 2154 1773 2211 exemplis
1807 2168 1937 2198 com-

314 2232 513 2278 missam
538 2233 678 2278 nobis
703 2235 882 2290 pubem
907 2233 1234 2278 instituamus.

370 2311 411 2354 4.
476 2310 679 2367 Fragor
702 2310 914 2367 optimus
938 2311 1001 2355 ad
1024 2309 1481 2355 circumiacentium
1506 2308 1763 2354 ciuitatum
1797 2307 1936 2352 scho-

314 2388 385 2432 las
410 2387 618 2433 diffusus
642 2397 732 2444 est,
761 2397 813 2433 vt
836 2388 934 2433 iam
969 2387 1107 2433 nobis
1140 2388 1411 2432 habeamus
1446 2386 1674 2431 fauentes
1709 2384 1938 2441 plurimo-

361 2600 378 2619 a
424 2592 508 2629 Hic
527 2593 645 2628 locus
666 2595 896 2637 corruptus
915 2592 1035 2627 estin
1052 2591 1247 2636 exemplo
1268 2591 1515 2627 coloniensi.
1576 2589 1637 2617 —b
1676 2589 1806 2625 Deest
1821 2590 1866 2625 in
1883 2587 1934 2624 H.

316 2659 434 2694 locus
453 2668 479 2694 a
498 2668 565 2693 vv.
585 2656 752 2693 Maioris
772 2656 931 2693 aetatis.
987 2663 1046 2682 ——C
1094 2655 1234 2691 Locus
1264 2666 1290 2691 a
1321 2666 1359 2691 v.
1395 2657 1573 2700 Vterque
1607 2664 1692 2691 non
1725 2656 1788 2690 est
1805 2654 1849 2689 in
1882 2652 1933 2689 H.

366 2850 374 2868 ¹
429 2847 492 2885 Cf.
514 2848 694 2891 HORAT.,
717 2847 732 2883 Ι
753 2846 881 2893 Epist.
902 2846 936 2890 2,
958 2846 1015 2883 69.

364 2907 377 2926 ‘²
427 2907 471 2944 P.
489 2906 667 2954 Joannes
686 2906 873 2942 Rethius.

363 2967 375 2986 ³
427 2966 658 3003 Gulielmus
677 2967 725 3003 de
745 2966 926 3002 Pictavia
946 2964 1161 3009 (Poitiers).
1190 2964 1244 3000 Hi
1269 2964 1549 3000 adolescentes
1577 2963 1826 2999 vocabantur
1853 2962 1936 2998 An-

317 3027 449 3062 tonius
468 3039 490 3062 a
509 3026 637 3063 Bossu
658 3031 697 3062 et
716 3025 965 3061 wilhelmus
984 3038 1007 3060 a
1027 3023 1207 3067 Vadaus,
1230 3024 1331 3059 alias
1350 3023 1398 3060 de
1424 3023 1619 3059 Pictavia.
1649 3021 1716 3059 Cf.
1750 3022 1937 3063 Hmsssx,

318 3087 392 3122 loc.
415 3086 495 3131 cit.‚
517 3086 597 3128 306,
620 3091 754 3122 annot.
778 3086 811 3121 4.
