2051 3516
560 284 835 324 44.—T13URE
860 287 905 324 24
937 286 1109 324 Aemus
1139 284 1227 323 1357
1602 286 1668 325 189

84 397 144 430 ac
178 381 308 429 omni
343 397 438 440 quo
473 383 721 440 potuimus
755 385 900 429 modo
934 383 1167 439 iuuando,
1204 382 1445 440 plurimas
1479 393 1711 440 egrotan-

83 461 203 507 tium
237 460 592 518 confessiones,
635 461 898 518 presertim
938 470 1119 506 exacto
1159 461 1255 506 iam
1300 469 1449 517 atque
1495 462 1712 517 presenti

83 553 268 595 mense,
306 546 354 583 et
393 537 440 582 in
475 537 785 583 senodochiis
819 547 866 583 et
902 537 1111 594 priuatis
1151 537 1374 583 domibus
1414 536 1709 593 audiuimus;

83 631 269 671 paucas
299 624 466 661 autem
497 630 671 661 eorum
706 616 786 673 qui
820 624 959 661 recta
996 615 1280 660 valetudine
1317 615 1600 671 Vtebantur3
1631 616 1714 660 vix

83 693 211 738 enim
250 692 514 749 sexaginta
559 694 818 739 confessos
858 702 975 749 puto
1015 692 1061 737 in
1100 702 1207 738 tota
1245 692 1339 738 hac
1378 693 1502 738 vrbe
1543 693 1713 749 elapsa

82 769 484 827 quadragesima,
524 770 695 816 vltimo
734 769 974 827 siquidem
1009 770 1113 815 eius
1147 769 1225 815 die
1259 770 1438 815 milites
1477 770 1714 816 discesse-

82 855 211 892 runt.

138 924 180 969 9.
248 923 355 969 Pax
378 923 507 969 inter
531 924 723 981 aliquos
746 923 1044 969 dissidentes
1069 923 1343 980 composita
1367 933 1457 981 est,
1480 924 1714 982 precipue

81 1001 208 1046 inter
232 1001 423 1057 aliquos
448 1001 527 1058 qui
552 1001 772 1058 acceptis
795 1000 907 1046 hinc
928 1000 1045 1047 inde
1071 1001 1376 1059 vulneribus,
1404 1001 1595 1047 duobus
1631 1017 1712 1047 an-

77 1079 150 1124 nis
174 1078 363 1124 frustra
387 1094 475 1135 per
498 1080 678 1124 multos
701 1088 945 1125 tentatum
970 1078 1135 1125 fuerat
1158 1095 1243 1125 eos
1268 1079 1315 1124 in
1339 1079 1611 1125 amicitiam
1636 1095 1711 1126 re-

81 1170 282 1201 uocare.
310 1155 432 1201 Item
467 1156 674 1202 alterius
711 1156 791 1212 qui
826 1165 1032 1213 propter
1067 1165 1278 1213 accepta
1303 1156 1514 1202 vulnera
1538 1156 1713 1203 aduer-

79 1249 163 1278 sus
187 1244 402 1289 quatuor
426 1249 513 1290 per
538 1249 695 1279 annos
726 1234 938 1292 quinque
963 1233 1241 1279 inimicitias
1266 1243 1586 1291 exercuerat,
1613 1234 1714 1280 fru-

81 1320 184 1355 stra
208 1310 428 1367 plurimis
453 1311 662 1357 dominis
685 1320 734 1357 et
757 1311 1032 1368 capitaneis
1056 1310 1127 1368 (vt
1158 1312 1360 1368 uocant)
1385 1311 1494 1358 istic
1518 1312 1564 1357 in
1590 1312 1714 1358 vrbe

79 1396 227 1444 atque
261 1387 393 1445 alibi,
421 1388 535 1434 item
560 1389 638 1434 hic
663 1389 911 1446 religiosis
946 1398 994 1434 et
1028 1388 1200 1434 amicis
1231 1389 1321 1435 has
1355 1389 1632 1436 inimicitias
1666 1400 1713 1436 et

77 1464 190 1510 odia
223 1481 522 1522 componere
556 1467 864 1518 conantibus:
903 1466 1142 1523 siquidem
1177 1467 1257 1524 qui
1292 1477 1561 1524 acceperat
1595 1468 1712 1514 iniu-

77 1543 220 1599 riam,
243 1543 646 1590 obfirmatissimo
670 1545 835 1590 animo
859 1545 921 1590 ad
948 1544 1234 1601 vindictam,
1258 1545 1343 1590 vix
1366 1545 1425 1590 de
1450 1561 1509 1591 ea
1530 1561 1583 1591 re
1604 1562 1712 1592 ver-

77 1620 140 1666 ba
174 1620 347 1667 audire
381 1622 681 1679 patiebatur;
717 1622 874 1667 donec
908 1623 1108 1667 tandem
1144 1622 1366 1668 auditum
1401 1634 1531 1668 esset
1560 1624 1625 1669 ab
1654 1639 1713 1669 eo

76 1713 192 1743 suos
221 1699 441 1745 inimicos
475 1700 690 1756 quodam
715 1700 762 1744 in
788 1701 899 1746 loco
923 1715 1020 1745 non
1046 1701 1199 1757 longe
1235 1716 1265 1745 a
1299 1700 1446 1745 domo
1472 1716 1562 1746 sua
1587 1715 1714 1761 esse,

76 1790 233 1832 quare
266 1776 446 1822 indutis
479 1777 647 1832 armis,
685 1787 877 1835 sumpto
912 1793 1081 1824 secum
1119 1787 1384 1836 tormento,
1417 1779 1715 1836 aggreditur

75 1853 199 1909 illos,
226 1863 450 1900 armatos
484 1854 698 1912 quidem,
725 1855 812 1901 sed
847 1855 963 1901 nihil
998 1856 1099 1902 tale
1134 1856 1462 1913 suspicante&
1498 1866 1712 1902 tormen—

75 1940 177 1976 tum
201 1931 247 1976 in
273 1947 423 1978 vnum
448 1932 659 1989 illorum,
688 1949 833 1990 quem
869 1934 1031 1990 magis
1066 1950 1271 1979 exosum
1307 1934 1540 1991 habebat,
1568 1951 1712 1981 cona-

75 2017 156 2053 tur
179 2024 460 2055 exonerare
486 2016 518 2064 ²,
546 2011 632 2056 sed
655 2010 820 2067 ignem
845 2026 871 2056 e
895 2011 1056 2068 lapide
1082 2021 1320 2057 excutere
1344 2012 1529 2069 nequit,
1557 2028 1711 2069 quare

74 2086 236 2132 educit
260 2086 495 2144 gladium,
523 2087 757 2145 illumque
781 2089 1012 2147 percutit,
1034 2088 1121 2134 sed
1145 2089 1331 2134 nullam
1357 2088 1505 2135 infert
1528 2105 1711 2134 noxam

75 2162 210 2221 (puto
234 2165 362 2210 enim
385 2165 520 2210 illum
544 2165 750 2212 thorace
780 2167 1056 2224 munitum),
1085 2166 1278 2212 interea
1305 2166 1383 2224 qui
1409 2183 1471 2212 ex
1495 2167 1710 2212 aduerso

76 2250 221 2287 erant
258 2241 455 2300 inimici,
497 2243 591 2288 hoc
629 2243 1104 2300 animaduertentes‚
1149 2244 1516 2301 aggrediuntur
1556 2244 1705 2295 illum,

74 2334 299 2376 vnusque
324 2319 532 2375 illorum,
559 2329 809 2367 tormento
845 2321 974 2378 quod
1010 2322 1238 2368 manibus
1268 2323 1503 2379 gestabat
1528 2322 1573 2366 in
1598 2336 1710 2366 eum

73 2405 366 2454 exonerato,
394 2396 552 2454 ipsum
587 2397 633 2442 in
667 2398 927 2444 stomacho
966 2398 1266 2455 vulnerauit,
1294 2398 1486 2444 frustra
1512 2398 1709 2454 quibus-

73 2473 187 2518 dam
210 2473 441 2520 militibus
465 2490 577 2520 eum
602 2474 870 2521 defendere
893 2476 1207 2530 conantibus;
1236 2485 1386 2532 atque
1415 2476 1481 2520 ita
1509 2475 1709 2520 domum

72 2551 393 2598 reduxerunt.
421 2551 539 2610 Vbi,
567 2552 737 2598 adiens
773 2553 924 2607 illurn,
961 2554 1165 2610 eiusque
1201 2554 1407 2599 audiens
1443 2552 1708 2598 confessio-

72 2643 200 2685 nem,
227 2628 393 2674 animo
416 2640 518 2675 tam
542 2630 699 2675 libero
734 2631 798 2676 ab
832 2631 964 2676 omni
988 2632 1381 2688 perturbatione,
1410 2629 1639 2675 inimicos
1662 2630 1709 2675 in

72 2706 339 2752 amicitiam
364 2708 568 2765 recepit,
595 2723 886 2766 pacemque,
913 2709 1122 2754 notariis
1147 2707 1531 2764 excipientibus,
1559 2707 1705 2765 dedit;

74 2792 126 2829 vt
150 2799 271 2830 vere
294 2785 442 2831 fuerit
466 2786 672 2831 mutatio
704 2786 912 2832 dextere
946 2787 1148 2836 excelsi:
1176 2802 1264 2831 nec
1291 2801 1467 2842 parum
1494 2785 1708 2832 admira-

71 2869 148 2906 tus
171 2877 278 2907 sum
304 2862 475 2908 videns
499 2863 747 2909 hominem
773 2864 920 2921 paulo
944 2873 1058 2909 ante
1083 2873 1183 2909 tam
1210 2862 1549 2919 impatientem
1587 2862 1708 2909 iniu-

70 2938 192 2996 riae,
218 2948 320 2985 tam
343 2940 575 2997 cupidum
600 2940 867 2995 vindictae,
895 2950 996 2986 tam
1023 2941 1188 2985 mitem
1214 2940 1463 2996 extemplo
1495 2940 1685 2986 factum

119 3110 136 3130 a
180 3104 273 3141 Hoc
293 3116 330 3141 v.
353 3110 490 3151 supra
511 3116 687 3142 versum
710 3106 806 3142 ead.
830 3116 969 3142 manet
