2051 3516
341 295 384 331 12
808 295 1025 332 Lir'rERAE
1052 295 1404 340 QUADRMESTRES

290 390 482 447 perdita
507 390 702 435 uiuendi
727 390 917 436 ratione
942 399 1197 446 reuocant,
1224 388 1297 434 his
1320 390 1655 435 moerentibus
1689 390 1911 435 consola-

290 465 470 512 tionem
508 466 756 523 adhibent,
800 467 903 512 illos
937 466 1031 512 iam
1070 467 1176 511 fere
1215 466 1536 522 desperantes
1576 466 1635 511 ad
1676 466 1911 522 optimam

289 557 426 598 spem
450 542 664 598 erigunt,
692 543 798 587 aliis
823 558 942 588 uero
967 558 1145 598 aquarn
1171 557 1232 586 ex
1256 541 1390 586 fonte
1410 541 1603 597 publico
1624 551 1908 597 apportant.

291 618 482 674 Quibus
516 634 578 663 ex
611 619 759 664 rebus
784 634 965 674 magna
990 619 1051 664 ab
1087 618 1178 693 illis
1203 618 1224 638 a
1248 618 1356 663 Deo
1382 616 1495 673 Opt.
1518 618 1652 663 Max.
1681 619 1788 662 laus
1812 618 1911 673 glo-

293 695 465 750 riaque
489 695 740 740 tribuitur.

349 771 391 816 8.
459 770 727 815 Contiones
752 786 871 815 uero
896 770 954 815 de
973 770 1199 814 doctrina
1224 769 1491 815 christiana
1516 769 1719 826 singulis
1744 769 1913 815 diebus

290 847 542 892 dominicis
562 857 784 903 tempore
810 846 1147 903 pomeridiano
1173 846 1218 890 in
1244 856 1415 891 nostro
1440 847 1624 902 templo
1648 846 1911 901 habentur,

291 924 354 968 ad
389 939 510 980 quas
536 933 674 969 tanta
699 939 761 968 ex
784 932 888 968 tota
913 924 1034 968 urbe
1068 923 1290 967 uirorum
1326 938 1385 967 ac
1421 923 1679 967 mulierum
1715 923 1914 968 confluit

293 1001 567 1056 multitudo,
596 1010 646 1045 ut
680 1016 763 1044 eos
789 1000 1038 1056 templum,
1067 999 1179 1044 licet
1204 999 1452 1044 mediocre
1487 1000 1564 1056 sit,
1601 1015 1783 1055 capere
1818 1015 1914 1044 non

293 1077 461 1134 possit.
488 1077 658 1133 Itaque
684 1076 909 1120 maximis
933 1091 995 1120 ex
1019 1075 1090 1119 his
1125 1075 1440 1120 concionibus
1475 1075 1750 1120 animorum
1786 1076 1914 1131 capi-

294 1163 374 1199 tur
399 1153 607 1209 fructus,
640 1168 781 1208 quem
817 1162 864 1196 et
904 1151 1134 1196 assiduae
1159 1151 1351 1196 illorum
1378 1151 1731 1208 confessiones,
1770 1162 1816 1196 et
1841 1167 1913 1196 sa—

295 1234 539 1276 crosancti
581 1228 763 1274 Christi
798 1228 1022 1284 corporis
1057 1228 1288 1283 frequens
1323 1228 1717 1285 communicatio,
1755 1244 1912 1283 amor,

294 1315 342 1352 et
365 1306 620 1351 ueneratio
644 1305 786 1350 facile
812 1305 1084 1349 declarant.
1115 1304 1234 1349 Tria
1261 1314 1371 1349 sunt
1400 1305 1702 1349 monasteria
1736 1305 1914 1350 sancti-

294 1383 592 1437 monialium,
621 1397 744 1438 quae
769 1397 797 1425 a
822 1381 972 1425 Patre
997 1390 1192 1426 rectore
1218 1381 1394 1425 mirum
1419 1381 1464 1425 in
1486 1382 1684 1426 modum
1704 1396 1913 1426 summa-

294 1475 386 1516 que
410 1458 720 1503 contentione
747 1466 932 1512 petuntt
959 1466 1009 1501 ut
1033 1458 1095 1501 ad
1119 1471 1172 1501 se
1198 1456 1372 1501 Patres
1398 1457 1593 1501 mittere
1620 1457 1735 1501 uelit
1756 1472 1784 1501 a
1813 1457 1915 1512 qui-

296 1537 389 1581 bus
413 1536 474 1580 ad
498 1550 689 1579 omnem
713 1534 946 1578 uirtutem
972 1549 1030 1578 ac
1054 1533 1429 1578 sanctimoniam
1455 1533 1628 1578 instrui
1653 1534 1854 1590 possint.

355 1612 397 1658 Q.
465 1612 778 1667 Vnaquaque
803 1610 1111 1655 hebdmnada
1136 1625 1347 1666 magnus
1380 1610 1605 1655 uirorum
1640 1611 1916 1655 mulierum-

299 1704 391 1745 que
415 1703 647 1733 numerus
672 1687 714 1731 in
739 1696 909 1731 nostro
934 1687 1116 1742 templo
1140 1687 1199 1730 de
1219 1686 1435 1742 peccatis
1454 1686 1732 1739 confitetur,
1754 1687 1916 1731 iidem-

298 1781 391 1821 que
426 1764 609 1809 Christi
644 1778 822 1819 corpus
854 1771 1064 1816 sumunt,
1092 1762 1219 1806 inter
1244 1779 1364 1818 quos
1389 1762 1524 1807 multi
1549 1763 1752 1815 nobiles,
1780 1763 1916 1808 multi

298 1842 447 1887 etiam
482 1856 694 1897 magnae
729 1839 1010 1884 autoritatis
1045 1839 1152 1883 uiri.
1196 1839 1395 1884 Nullum
1430 1840 1557 1884 enim
1594 1839 1698 1884 fere
1733 1840 1777 1884 in
1812 1849 1918 1884 tota

301 1918 419 1963 urbe
459 1927 531 1962 est
570 1917 799 1972 templum
835 1932 928 1971 quo
967 1932 1019 1960 se
1065 1917 1227 1972 plures
1271 1916 1362 1960 uiri
1407 1916 1594 1961 nobiles
1638 1916 1914 1970 conferant,

300 1995 511 2040 maxime
535 1994 597 2038 ad
621 2002 826 2048 peccata
849 1992 1142 2037 confitenda.
1172 1992 1234 2037 Et
1259 1993 1337 2048 qui
1373 1993 1525 2037 semel
1559 1993 1687 2048 apud
1720 2002 1917 2038 nostros

300 2080 506 2127 peccata
530 2079 640 2114 sunt
670 2069 896 2119 confessi,
936 2085 1030 2112 non
1067 2070 1223 2113 solum
1259 2069 1435 2113 iterum
1470 2084 1529 2113 ac
1563 2069 1758 2124 saepius
1792 2069 1917 2113 idem

300 2148 501 2195 faciunt,
543 2146 627 2190 sed
662 2146 808 2190 etiam
845 2146 1093 2201 obligatos
1127 2160 1178 2189 se
1215 2145 1578 2201 quodammodo
1613 2160 1722 2190 esse
1756 2146 1919 2190 existi-

301 2233 436 2268 mant
459 2223 521 2267 ad
544 2223 738 2267 omnino
764 2222 1102 2266 honestissime
1128 2221 1405 2266 uiuendum.
1434 2222 1580 2267 Vnde
1605 2221 1671 2272 fit.
1699 2232 1751 2267 ut
1770 2223 1916 2267 etiam

301 2316 329 2344 a
354 2299 561 2344 minimis
586 2298 765 2342 erratis
790 2314 934 2353 quam
959 2297 1330 2353 diligentissime
1354 2308 1582 2354 caueant3
1611 2308 1658 2343 et
1681 2298 1765 2343 illa
1790 2314 1938 2355 quae„

302 2386 448 2421 antea
473 2376 832 2431 approbabant,
861 2389 988 2419 nunc
1022 2374 1215 2429 fugiant
1249 2390 1307 2420 ac
1344 2384 1656 2420 execrentur.
1695 2375 1918 2431 Denique

303 2453 511 2497 uirtutes
546 2452 651 2495 illas
686 2466 803 2495 uere
839 2450 1132 2496 christianas
1168 2452 1383 2496 maxima
1409 2467 1530 2497 cura
1554 2452 1812 2508 studioque
1846 2468 1919 2497 se-

303 2538 516 2573 ctantur.
547 2526 771 2571 Christus
806 2526 917 2582 Opt.
950 2527 1081 2572 Max.
1120 2528 1188 2572 eis
1223 2528 1550 2573 constantiam
1585 2528 1786 2583 tribuat,
1824 2544 1919 2585 qua

303 2605 432 2649 uitiis
467 2604 689 2647 omnibus
724 2603 984 2658 superatis,
1012 2603 1150 2649 liberi
1185 2613 1233 2649 et
1265 2604 1478 2660 expediti
1514 2605 1556 2649 in
1594 2605 1776 2649 uirtute
1810 2620 1919 2660 pro-

305 2680 612 2737 grediantur,
1807 2724 1810 2727 Δ

366 2756 433 2802 10.
500 2756 575 2800 De
608 2756 788 2799 nostris
821 2756 944 2800 haec
978 2756 1236 2801 scribenda
1271 2766 1554 2801 occurrunt.
1592 2755 1790 2809 Omnes,
1818 2767 1918 2801 tam

305 2832 589 2877 sacerdotes
629 2847 774 2886 quam
818 2831 1017 2884 fratres,
1067 2833 1267 2887 regulas
1311 2842 1508 2877 nostras
1551 2832 1918 2888 diligentissime

305 2919 521 2963 seruant3
549 2918 596 2953 et
621 2908 826 2963 quanuis
851 2909 921 2953 ita
944 2908 1020 2964 sit,
1048 2918 1213 2953 tamen
1238 2909 1567 2965 poenitentiae
1597 2924 1690 2954 non
1726 2909 1915 2961 desunt,

352 3071 370 3089 ²¹
422 3070 542 3106 Haec
560 3069 591 3105 L>
605 3081 670 3105 vv.
694 3069 878 3105 Polancs
898 3080 1034 3105 numu
1055 3070 1211 3106 addita
1231 3074 1346 3106 suns.
