2051 3516
361 290 432 327 200
829 292 1045 328 LITTERAE
1073 290 1426 335 QUADaniEsTRES

313 385 392 441 qui
416 385 475 430 de
500 385 697 431 casibus
723 386 1055 431 conscientiae
1085 386 1414 441 disputarunt,
1442 383 1663 428 breuiter
1687 384 1932 429 collauda-

311 461 388 516 tis,
417 461 615 506 domum
639 477 708 518 se,
735 462 908 507 iisdem
933 462 1039 507 fere
1064 461 1289 506 omnibus
1323 459 1691 514 comitantibus,
1730 460 1930 516 recepit.

311 537 400 582 Illo
424 553 545 582 vero
570 537 646 582 die
670 537 800 583 forte
826 538 1020 593 oblitus,
1047 538 1092 581 in
1117 537 1269 581 choro
1296 535 1460 591 templi
1485 535 1639 580 nostri
1676 536 1755 580 ubi
1790 552 1934 581 mane

315 629 487 669 preces
511 615 705 658 orarias
729 614 1039 669 adhibuerat,
1067 613 1286 658 saculum
1323 611 1534 667 reliquit,
1572 611 1619 655 in
1653 627 1748 668 quo
1783 612 1934 657 libros

312 690 483 746 quibus
508 691 755 746 utebatur,
782 689 994 735 ferebat.
1022 690 1074 734 In
1100 704 1158 734 eo
1183 689 1335 744 igitur
1360 703 1389 732 a
1413 687 1595 732 nostris
1628 688 1930 733 breuiarium

312 766 458 822 ipsius
497 766 745 810 inuentum
783 775 874 816 est,
917 776 1064 810 vetus
1103 780 1223 809 sane
1263 773 1311 809 et
1354 763 1550 819 humile,
1597 763 1792 819 quicum
1836 779 1933 809 una

311 841 636 898 Contemptus
675 842 837 886 mundi
881 851 1007 889 erat,
1051 842 1241 897 duoque
1282 841 1362 884 alii
1402 840 1676 884 huiusmodi
1722 840 1831 885 libri
1874 841 1933 885 de

309 919 540 975 precandi
568 919 759 963 ratione
783 918 1062 974 conscripti.
1093 918 1201 962 Hoc
1224 917 1397 973 scripsi
1423 917 1652 973 quoniam
1676 917 1816 961 nobis
1836 917 1925 961 sin-

309 996 496 1052 gularis
550 995 807 1040 cuiusdam
864 995 1061 1040 uirtutis
1109 994 1302 1049 signum
1355 994 1512 1037 visum
1563 1002 1651 1037 est.
1705 992 1933 1038 Christus

309 1070 423 1127 Opt.
452 1071 515 1115 M.
543 1086 628 1115 eas
650 1071 713 1115 illi
739 1071 947 1115 uirtutes
971 1071 1172 1125 tribuat,
1201 1069 1373 1126 quibus
1399 1078 1447 1114 et
1481 1069 1685 1125 principi
1719 1069 1783 1114 illi
1820 1069 1928 1115 Deo

308 1147 618 1204 gratissimus
641 1147 716 1200 sit,
745 1156 793 1192 et
816 1148 1029 1191 omnium
1054 1147 1242 1191 animos
1275 1146 1337 1190 ad
1372 1145 1566 1190 uirtutis
1601 1160 1823 1190 amorem
1857 1145 1923 1190 in—

309 1223 538 1268 flammet.
566 1224 610 1268 Is
635 1233 800 1268 autem
825 1239 952 1268 nunc
981 1223 1152 1267 Ebora
1176 1224 1332 1277 abest,
1371 1231 1444 1267 est
1479 1222 1605 1266 enim
1629 1237 1657 1266 a
1681 1237 1818 1277 rege,
1855 1238 1930 1266 so-

309 1315 520 1356 roreque
544 1301 832 1355 accersitus;
863 1301 947 1344 sed
978 1309 1143 1345 tamen
1180 1299 1451 1354 discedens,
1491 1314 1543 1343 se
1576 1299 1671 1343 huc
1704 1314 1929 1344 reuersu-

309 1392 411 1421 rum
437 1377 499 1421 ad
518 1376 624 1421 Cal.
653 1375 888 1421 Octobris
912 1376 1221 1433 significauit.
1250 1376 1390 1420 Haec
1425 1376 1482 1420 de
1517 1375 1787 1431 cardinalis
1820 1376 1924 1420 cxi-

307 1453 413 1497 }m‘cz
437 1453 489 1497 in
514 1467 606 1497 7208
629 1453 932 1497 liberalitate
966 1467 1025 1497 (ze
1059 1453 1427 1497 benenolcntsa.
1464 1451 1507 1496 N
1514 1467 1606 1496 unc
1640 1452 1701 1496 ad
1736 1452 1928 1507 reliqua

311 1529 580 1574 veniamus.

363 1607 405 1650 5.
472 1605 587 1650 Dux
621 1606 930 1661 Bragantiae
955 1608 966 1629 ¹
994 1605 1331 1661 superioribus
1356 1605 1525 1650 diebus
1551 1616 1748 1650 nostras
1780 1605 1920 1650 scho-

310 1683 381 1727 las
404 1682 582 1737 inuisit,
609 1682 927 1738 singulasque
951 1697 1265 1737 percurrens,
1292 1682 1337 1726 in
1373 1682 1616 1726 nonnullis
1651 1682 1922 1739 aliquantu-

306 1759 403 1803 lum
422 1759 619 1814 assedit,
634 1770 680 1803 et
699 1768 1051 1814 praeceptores
1070 1767 1373 1813 exponentes
1392 1758 1593 1814 audiuit;
1616 1768 1765 1814 atque
1785 1773 1926 1814 egre-

305 1834 462 1890 diens,
510 1850 594 1879 eos
638 1835 994 1879 humanissimis
1039 1835 1204 1879 uerbis
1249 1834 1565 1891 collaudauit3
1613 1835 1927 1891 magistrum

303 1913 458 1956 ettam
479 1913 683 1967 primae
708 1912 887 1956 classis
922 1912 1133 1968 rogauit
1155 1913 1303 1956 cuias
1326 1916 1472 1968 esset,
1500 1912 1587 1956 ubi
1618 1911 1926 1957 Societatem

304 1993 436 2033 esset
459 1989 746 2045 ingressus,
773 1993 891 2045 quot
924 1989 1031 2033 sanz
1064 1993 1233 2033 essent
1266 1989 1328 2033 ab
1362 1989 1473 2033 eins
1507 1989 1751 2045 ingressu
1777 1989 1919 2044 anm,

304 2065 510 2121 aliaque
529 2065 778 2109 nonnulla
796 2066 1009 2121 generis
1032 2066 1261 2110 eiusdem
1271 2065 1624 2122 familiariter
1642 2065 1923 2109 admodum

303 2144 351 2184 et
377 2141 787 2195 perhumaniter.
827 2141 1016 2185 Deinde
1051 2142 1095 2186 in
1131 2157 1240 2186 eam
1275 2157 1326 2186 se
1362 2142 1585 2187 scholam
1620 2141 1840 2194 contulit,
1878 2141 1924 2186 in

303 2231 399 2272 qua
438 2217 770 2261 conscientiae
805 2232 951 2262 casus
984 2219 1376 2273 exponebantur3
1420 2228 1531 2263 erat
1570 2218 1699 2263 enim
1737 2226 1837 2262 tum
1876 2217 1924 2262 in

302 2292 526 2337 manibus
565 2293 805 2348 quaedam
842 2294 899 2338 de
934 2294 1247 2338 matrimonio
1287 2295 1525 2351 quaestio,
1564 2310 1711 2350 quam
1744 2293 1824 2339 ille
1859 2294 1922 2339 ad

301 2367 443 2412 finem
489 2383 643 2424 vsque
687 2369 1010 2414 attentissime
1056 2370 1275 2426 audiens,
1319 2381 1558 2416 accurate
1603 2386 1684 2416 res
1728 2370 1918 2427 (inquit)

301 2455 414 2489 acta
438 2459 498 2489 ac
521 2453 739 2489 tractata
763 2454 851 2501 est,
875 2461 970 2501 qua
994 2461 1089 2501 ego
1115 2447 1205 2491 hoc
1229 2456 1451 2503 tempore
1476 2447 1716 2503 aptiorem
1735 2447 1918 2491 nullam

300 2520 472 2565 audire
507 2529 748 2578 poteram,
777 2522 1033 2579 magisque
1068 2523 1179 2567 mihi
1214 2524 1565 2579 necessariam,
1606 2523 1836 2579 quoniam
1869 2522 1918 2567 in

299 2597 500 2653 negotio
535 2597 747 2653 quodam
782 2599 999 2643 eiusdem
1033 2600 1230 2655 generis
1264 2615 1457 2656 versor,
1485 2609 1532 2645 et
1567 2611 1703 2645 certe
1728 2609 1779 2644 ut
1802 2599 1914 2648 mihi

301 2673 488 2730 videor,
531 2675 650 2718 satis
690 2690 955 2730 persuasus
995 2675 1209 2721 discedo
1252 2677 1341 2721 His
1380 2677 1532 2733 igitur
1570 2677 1916 2722 humanissime

299 2749 457 2805 dictis,
486 2765 510 2794 e
542 2751 710 2795 schola
745 2751 929 2808 exiens,
957 2753 1129 2797 eadem
1163 2768 1273 2797 cum
1310 2753 1570 2798 comitibus
1604 2753 1915 2809 colloqueba-

297 2835 392 2881 tur,
416 2826 566 2870 multa
590 2826 648 2870 de
673 2836 842 2872 nostro
866 2827 912 2872 in
937 2828 1206 2873 erudienda
1230 2829 1483 2874 iuuentute
1507 2829 1670 2874 studio
1694 2844 1754 2874 ac
1778 2829 1913 2874 labo·

299 2917 368 2957 re,
396 2903 548 2946 multa
573 2903 631 2947 de
655 2904 898 2959 gymnasii
932 2904 1098 2949 fructu
1132 2905 1441 2962 utilitateque
1463 2906 1599 2951 dixit.
1628 2906 1787 2964 Deum
1818 2921 1918 2951 om·

344 3068 354 3085 ¹
405 3066 668 3109 Theodosius,
690 3067 730 3103 V
750 3068 829 3104 dux
843 3068 1096 3116 Brigantiae.
