2051 3516
341 325 411 362 656
813 327 1031 364 LITTERAE
1058 328 1414 373 QUADmMESTREs

383 420 675 477 Inscriptio.
702 426 727 474 †
751 421 1218 468 Obseruandissimo
1243 439 1302 468 ae
1325 423 1452 468 Rdo.
1480 424 1525 468 in
1551 424 1641 469 X.0
1675 425 1811 470 Patri
1834 426 1917 485 Ja-

295 497 421 541 cobo
446 497 665 553 Laynez,
694 498 882 543 vicario
906 499 1130 555 generali
1155 498 1420 545 Societatis
1442 501 1575 560 JeSU.
1603 500 1811 547 Romae.

383 574 502 618 Alia
520 588 696 620 mauu.
717 575 950 626 Francia,
973 575 1195 632 Spagna,
1218 576 1524 633 Portugallo,
1547 577 1781 632 Fiandra,
1803 579 1916 625 Ale-

298 665 498 707 magna.

1060 881 1158 931 166

737 998 787 1042 P.
826 998 1135 1056 JOANNES
1173 999 1473 1046 RETHIUS

837 1115 1013 1141 COLONIA
1044 1105 1085 1141 14
1111 1116 1205 1152 MAJI
1234 1106 1324 1142 1558
1350 1108 1373 1143 ¹.

292 1197 322 1234 1.
347 1197 583 1235 Gemuam'a
603 1202 689 1235 tota
710 1201 871 1236 misera
891 1200 1137 1236 admodum
1157 1201 1446 1239 esa-Omnia
1474 1203 1528 1240 ab
1555 1204 1784 1240 haereticis
1811 1205 1917 1250 iufe-

365 1258 642 1294 stantun—2.
667 1259 719 1294 [u
747 1259 901 1296 devota
928 1260 1190 1297 venerabilis
1215 1264 1487 1298 sacramenti
1511 1263 1801 1300 translatione
1825 1266 1918 1310 qui-

364 1317 471 1354 dam
491 1319 561 1354 vir
577 1318 626 1354 oh
645 1329 776 1355 suam
795 1320 1123 1356 irrevereulimu
1143 1331 1170 1356 a
1191 1323 1454 1366 magistratu
1474 1325 1657 1367 punitus
1676 1325 1839 1360 est.*3.
1868 1325 1919 1361 Ut

370 1378 542 1414 Colonia
552 1365 696 1423 fidem
715 1383 964 1424 susceptam
983 1384 1155 1425 semper
1171 1384 1359 1422 tueatur,
1377 1385 1472 1418 tum
1487 1382 1738 1419 studiorum
1754 1384 1919 1420 instau-

367 1439 490 1478 ratio,
519 1441 614 1473 tum
641 1439 807 1483 optima
825 1438 1074 1484 juventutis
1104 1441 1150 1475 iu
1182 1443 1326 1476 nostro
1354 1441 1527 1486 collegio
1555 1443 1769 1479 institutio
1786 1443 1917 1489 juva-

366 1496 574 1532 bunt.—4.
604 1497 803 1543 Undique
820 1497 880 1533 ad
897 1498 975 1534 lzoc
994 1499 1222 1544 collegium
1232 1499 1420 1545 juvenes
1444 1501 1688 1546 confluam&
1714 1513 1735 1538 e
1759 1502 1917 1548 quibus

365 1559 449 1592 tres
469 1557 628 1601 egregii
643 1556 937 1593 adolescentes
954 1568 999 1593 se
1016 1558 1138 1593 uobis
1157 1558 1458 1596 tradiderunt.-
1474 1561 1556 1596 aliz'
1573 1562 1704 1597 etiam
1721 1562 1766 1597 iu
1783 1562 1917 1598 Socie-

365 1617 499 1651 tatem
527 1615 718 1652 admissi
741 1616 946 1653 sunu-5.
980 1616 1046 1652 De
1077 1618 1319 1661 consulum,
1352 1618 1633 1664 suffraganei
1661 1623 1701 1656 et
1729 1623 1918 1665 pastoris

362 1676 592 1719 paroeciae
621 1675 1017 1712 benevolentz'a.—6.
1036 1676 1103 1713 De
1128 1677 1286 1713 scholis
1313 1682 1352 1714 et
1376 1679 1736 1716 scholasticorum
1764 1683 1917 1717 exerci-

364 1734 616 1770 tationibus.
639 1734 706 1770 De
735 1735 962 1781 aliquibus
989 1737 1241 1773 scholarum
1252 1737 1509 1782 fautoribus
1535 1742 1654 1775 extra
1679 1739 1912 1776 Coloniam.

357 1836 394 1880 1.
461 1840 486 1888 †
510 1834 635 1881 IHS.
664 1837 770 1881 Pax
806 1836 1007 1893 Christi,
1046 1848 1139 1883 ete.
1163 1839 1396 1895 Tempus,
1430 1855 1516 1884 seu
1536 1841 1814 1886 obedientia
1835 1857 1915 1898 po-

294 1912 388 1957 tius
413 1928 441 1957 a
465 1913 605 1958 nobis
624 1914 792 1969 exigit,
816 1923 867 1958 ut
891 1915 928 1958 si
954 1915 1065 1970 quid
1091 1931 1258 1960 mense
1282 1916 1442 1972 Aprili
1467 1932 1555 1972 per
1579 1917 1672 1962 Dei
1697 1919 1914 1973 gratiam

294 1989 369 2033 hic
400 1989 589 2034 factum
621 1990 697 2046 sit,
725 1990 785 2035 R.
813 1989 871 2035 T.
899 1992 1068 2047 paucis
1092 1992 1441 2048 significemus.
1469 1993 1732 2039 Faciemus
1755 2011 1844 2040 nos
1869 1995 1915 2040 id

295 2066 504 2122 quidem;
532 2082 706 2111 uerum
730 2082 826 2111 non
851 2068 1262 2123 quemadmodum
1289 2070 1527 2124 uolumus,
1556 2071 1639 2116 sed
1666 2081 1716 2116 ut
1746 2087 1916 2127 possu-

294 2159 415 2188 mus.
449 2142 758 2199 Cuperemus
792 2144 969 2189 etenim
1002 2145 1239 2191 maiorem
1274 2147 1319 2190 in
1354 2148 1494 2192 nobis
1527 2148 1679 2193 fuisse
1714 2148 1917 2205 diligen-

294 2220 427 2271 tiam,
466 2231 512 2265 et
546 2221 689 2276 plura
722 2231 869 2277 atque
909 2221 1180 2278 insigniora
1220 2223 1449 2269 confecta
1483 2240 1608 2269 esse.
1646 2224 1745 2270 Sed
1779 2226 1915 2271 Deus

295 2298 374 2353 qui
409 2313 504 2341 non
539 2307 639 2342 tam
673 2307 896 2342 nostram
930 2298 1301 2355 negligentiam,
1339 2315 1485 2356 quam
1519 2316 1660 2346 suam
1694 2300 1913 2347 Societa-

294 2384 393 2420 tem
420 2374 655 2431 respexit,
682 2375 908 2430 quamuis
941 2391 1029 2420 nos
1055 2376 1168 2420 mali
1194 2393 1378 2431 sumuS,
1408 2379 1607 2434 operari
1642 2389 1804 2424 tamen
1835 2380 1914 2425 hie

294 2452 473 2508 aliquid
510 2452 675 2497 uoluit.
714 2450 987 2497 Germania
1021 2453 1257 2510 siquidem
1293 2464 1399 2499 tota
1431 2455 1614 2500 misera
1648 2456 1913 2501 admodum

294 2539 383 2580 est,
417 2540 463 2573 et
498 2528 579 2573 uix
614 2529 862 2586 integrum
896 2529 1078 2585 aliquid
1113 2531 1276 2575 habet.
1315 2530 1495 2577 Omnia
1529 2544 1732 2589 propter
1768 2534 1913 2578 bono-

294 2621 401 2650 rum
442 2615 693 2661 pastorum
732 2605 948 2661 inopiam
992 2616 1040 2651 et
1082 2616 1255 2651 nostra
1294 2618 1502 2663 peccata
1545 2610 1608 2653 ab
1653 2609 1914 2655 haereticis

295 2692 379 2727 aut
404 2694 646 2738 occupata
670 2692 797 2737 sunt,
825 2692 910 2727 aut
933 2683 988 2727 iis
1012 2684 1108 2728 iam
1133 2684 1222 2738 ipsi
1246 2684 1445 2729 insidias
1478 2696 1690 2731 struunt,
1723 2686 1912 2731 Verum

294 2760 355 2803 ad
389 2759 531 2803 istam
567 2759 816 2804 ciuitatem
850 2759 1089 2804 haetenus
1122 2760 1306 2805 aditum
1341 2776 1434 2806 non
1470 2762 1762 2815 habuerunt,
1801 2763 1913 2808 licet

295 2835 409 2880 nihil
434 2851 638 2891 prorsus
663 2836 957 2880 intentatum
983 2836 1283 2893 reliquerint.

343 3010 351 3028 ¹
404 3007 466 3044 Ex
485 3009 736 3054 autographo
755 3008 795 3043 in
814 3008 948 3044 codice
971 3007 1109 3044 Germ.
1131 3007 1225 3051 142,
1245 3007 1268 3043 3
1285 3007 1342 3051 ff..
1364 3021 1429 3044 nn.
1450 3007 1571 3053 28-30;
1599 3009 1707 3055 prius
1732 3009 1802 3045 520
1825 3023 1910 3056 sqq.

293 3068 448 3114 Aliqua
468 3067 593 3103 verba
612 3067 660 3102 ab
680 3067 765 3113 ipso
785 3072 948 3103 auctore
975 3067 1081 3103 inter
1106 3067 1361 3103 scribendum
1388 3067 1523 3103 deleta
1550 3075 1619 3105 aut
1645 3069 1778 3105 addita
1805 3074 1909 3114 sunt,

293 3139 397 3174 quae
417 3139 494 3162 non
515 3126 642 3162 visum
663 3132 722 3162 est
741 3138 889 3172 operae
909 3126 1080 3172 pretium
1101 3131 1308 3167 annotare,
