2051 3516
389 302 611 341 APPENDIX
639 301 875 341 I.—PRAGA
904 299 946 337 17
968 298 1172 348 *IANUARII
1199 297 1241 344 (P)
1274 297 1364 335 1558
1577 295 1647 332 929

71 399 288 458 gratiam
322 399 680 456 capessendam
719 414 780 445 ex
814 405 1246 443 sacramentorum
1281 393 1495 440 fontibus
1529 393 1695 438 stimu-

71 478 251 523 lantur.
280 477 467 523 Multae
490 476 812 523 mulierculae
835 485 881 520 et
905 474 1039 519 ciues
1072 474 1134 519 ad
1164 471 1501 518 confessiones
1536 469 1696 526 magis

72 554 369 600 animantur.
397 553 628 599 Nonnulli
652 554 698 599 in
723 550 1001 599 confitendo
1036 550 1239 596 consilia
1273 565 1302 594 a
1332 548 1514 594 nostris
1547 547 1695 603 inqui-

73 641 186 677 runt
211 631 270 676 de
294 646 417 677 uera
440 631 741 677 christianae
765 629 874 676 fidei
905 629 1116 677 ratione.
1150 626 1392 684 Quamuis
1425 625 1586 682 pauci,
1613 624 1696 669 ali-

73 708 152 766 qui
176 719 342 754 tamen
367 709 430 754 ab
454 709 688 755 hussitica
712 719 850 755 secta
879 708 1173 762 desciscunt;
1211 705 1349 751 multi
1373 703 1635 750 subtristes
1668 717 1697 746 a

71 786 212 831 nobis
252 786 504 844 recedunt,
547 787 721 842 quibus
759 787 822 832 ob
855 786 1055 843 linguae
1089 783 1430 829 difficultatem
1468 778 1698 826 satisfieri

72 863 257 920 nequit.
285 863 621 909 Illustrissimo
646 863 852 920 principi
876 862 1194 909 Ferdinando
1218 859 1533 915 caeterisque
1556 858 1697 903 baro-

71 941 228 997 nibus,
256 941 520 998 collegium
545 951 769 987 nostrum
804 940 1134 997 uisitantibus‚
1162 947 1367 996 peracto
1402 937 1499 982 iam
1536 936 1583 982 in
1618 951 1696 981 no-

71 1028 176 1063 stro
202 1019 385 1075 templo
410 1034 555 1064 sacro
581 1019 760 1064 missae
794 1017 975 1073 officio,
1013 1027 1061 1063 et
1094 1015 1408 1073 perlustratis
1443 1014 1696 1068 cubiculiS,

72 1095 361 1140 dormitorio
395 1104 544 1152 atque
578 1105 682 1141 toto
716 1094 944 1151 collegio,
987 1094 1124 1139 breui
1164 1093 1424 1138 nonnullos
1463 1091 1699 1137 bohemos

73 1180 277 1217 nostrae
302 1170 568 1218 Societatis
592 1173 753 1218 Roma
777 1181 1015 1217 uenturos
1039 1186 1149 1217 esse
1173 1171 1399 1216 diximus.

129 1248 172 1294 8.
239 1249 465 1307 Legatus
500 1249 743 1307 pontificis
777 1251 789 1274 ¹
826 1249 905 1305 qui
945 1249 1111 1294 omnia
1144 1247 1520 1294 beneuolentiae
1557 1246 1699 1303 signa

70 1327 256 1372 nostris
281 1338 540 1383 monstrat,
569 1344 667 1374 una
691 1343 802 1373 cum
826 1336 930 1373 tota
952 1326 1158 1380 familia,
1195 1326 1241 1371 in
1276 1326 1368 1371 hoc
1400 1325 1552 1370 natali
1587 1339 1698 1369 con—

71 1403 232 1449 fessus
257 1415 331 1449 est
354 1406 553 1451 nostris.
581 1405 806 1462 Legatus
830 1404 980 1449 etiam
1005 1404 1141 1460 regis
1164 1402 1415 1456 Poloniae,
1443 1401 1522 1459 qui
1547 1401 1699 1458 quoti-

71 1480 147 1525 die
172 1481 235 1526 ab
259 1496 319 1526 eo
343 1490 568 1538 tempore
592 1497 688 1539 quo
713 1481 931 1538 Pragam
956 1481 1106 1538 uenit,
1144 1495 1239 1537 quo
1273 1495 1462 1532 amore,
1500 1494 1596 1536 quo
1631 1481 1698 1524 al-

70 1557 203 1603 fectu
233 1558 362 1604 hanc
394 1559 646 1604 minimam
685 1558 987 1606 Societatem
1027 1566 1374 1615 prosequatur,
1416 1556 1699 1613 neutiquam

72 1635 266 1681 celauit.
296 1635 393 1681 Vir
412 1636 647 1693 eruditus,
670 1636 852 1682 maturi
871 1635 1040 1693 iuditii,
1067 1651 1164 1681 non
1181 1635 1443 1680 mediocris
1462 1635 1535 1690 (ut
1553 1649 1699 1690 appa—

71 1712 166 1769 ret)
207 1712 338 1769 apud
377 1729 549 1770 regem
587 1713 872 1760 autoritatis
906 1723 955 1759 et
992 1713 1293 1760 christianae
1332 1727 1392 1758 ac
1430 1727 1552 1757 uere
1589 1710 1700 1756 fidei

70 1790 455 1847 amantissimus,
483 1791 562 1848 qui
587 1791 768 1837 nostris
793 1791 985 1837 duobus
1008 1791 1071 1836 ad
1095 1806 1148 1836 se
1178 1789 1413 1846 inuitatis,
1440 1788 1700 1846 plurimam

71 1867 430 1913 solicitudinem
470 1868 714 1914 aduersus
747 1884 888 1915 suam
921 1868 1196 1924 Poloniam,
1234 1877 1283 1913 et
1316 1867 1585 1912 maximum
1619 1881 1698 1911 no-

71 1954 206 1989 strae
239 1944 506 1991 Societatis
539 1946 726 2004 aliquot
758 1947 1104 2004 operariorum
1139 1946 1436 1991 desiderium
1471 1944 1697 2000 ostendit;

71 2037 221 2077 super
245 2037 341 2079 qua
365 2023 471 2080 ipsa
498 2040 551 2069 re
576 2024 707 2070 serio
730 2039 783 2070 se
806 2039 914 2070 cum
947 2023 1001 2069 P.
1040 2023 1260 2081 CanisiO,
1297 2038 1439 2080 quern
1474 2021 1615 2067 breui
1638 2021 1701 2066 ad

71 2114 159 2143 nos
188 2099 465 2145 affuturum
499 2101 752 2158 sperabat,
788 2101 1071 2158 transigere
1105 2101 1248 2147 uelle.
1290 2099 1501 2158 Januam
1536 2108 1701 2144 tamen

73 2175 372 2234 Cracouiae‚
395 2194 521 2235 quae
545 2179 756 2224 celebris
774 2188 849 2224 est
868 2179 1005 2224 istius
1026 2178 1164 2235 regni
1187 2177 1499 2233 uniuersitas,
1521 2176 1700 2221 nostris

71 2264 298 2310 apertam
323 2255 574 2301 indicabat
597 2257 629 2301 ².

128 2331 171 2377 O.
239 2332 317 2377 Ac
341 2334 565 2389 quamuis
599 2333 876 2380 faciliorem
902 2350 961 2380 ac
994 2334 1150 2379 minus
1184 2333 1498 2390 scopulosum
1532 2333 1698 2388 paula-

69 2409 154 2454 tim
180 2410 450 2456 sentiamus
474 2426 693 2468 cursum,
721 2421 886 2459 tamen
912 2422 959 2458 et
978 2412 1178 2469 flagella
1198 2412 1439 2468 quaedam
1460 2410 1701 2455 Dominus

76 2485 354 2543 relinquere
378 2488 630 2546 dignatur,
657 2490 832 2546 quibus
855 2506 1117 2536 seruorum
1142 2505 1346 2535 suorum
1372 2487 1698 2534 constantiam

71 2573 323 2611 exerceat.
373 2565 709 2612 Difficultates
748 2569 989 2624 quasdam
1035 2579 1081 2613 et
1125 2567 1380 2612 molestias
1423 2565 1700 2611 concitarat

71 2641 341 2696 oybinense
366 2644 723 2690 monasterium
748 2655 796 2692 et
814 2646 1096 2692 zitauiensis
1115 2656 1335 2702 senatus3
1358 2661 1619 2703 speramus
1639 2646 1700 2690 ad

71 2715 164 2762 Dei
199 2719 413 2774 gloriam
448 2721 613 2766 omnia
644 2722 819 2778 sopita.
845 2723 995 2779 Atqui
1020 2724 1331 2780 zitauienses‚
1359 2725 1439 2781 qui
1464 2724 1592 2782 uino,
1619 2724 1700 2769 ho-

70 2794 231 2851 spitio,
259 2798 789 2858 congratulationibUS,
828 2801 958 2847 omni
989 2802 1178 2847 honore
1205 2811 1453 2848 rectorem
1477 2812 1699 2848 nostrum

71 2882 387 2927 praesentem
410 2875 675 2934 excipiunt,
703 2879 1042 2925 concionatori
1067 2895 1157 2924 suo
1182 2879 1498 2926 iniunxerant
1532 2890 1584 2925 ut
1621 2897 1701 2937 pu-

120 3056 130 3074 ¹
182 3055 389 3094 Antonius
407 3057 677 3105 Augustinus.
700 3061 807 3099 Vide
827 3076 920 3110 pag.
943 3064 1112 3102 639-640.

122 3115 134 3132 ’Δ
187 3113 293 3152 Vide
314 3129 406 3163 pag.
428 3116 511 3153 528.

180 3196 346 3225 LITTERAE
367 3198 662 3232 QUADRIMESTRES.
685 3207 771 3232 TOM.
796 3205 831 3232 V.
1565 3213 1600 3239 59
