2051 3516
379 294 449 331 668
846 292 1032 328 erraizA
1042 302 1066 327 E
1093 291 1446 335 QUADRIMESTRES

333 391 458 436 alias
484 389 551 434 V.
590 389 648 433 R.
687 388 925 433 intellexit
959 398 1005 431 et
1039 401 1166 448 nunc
1200 400 1392 441 quoque
1426 400 1487 429 ex
1521 391 1663 439 parte
1697 381 1952 437 intelliget.

341 467 762 525 Quadrimestres
785 465 920 509 enim
944 462 1245 508 scribendae
1267 465 1388 506 sunt
1410 461 1588 506 literae
1610 466 1648 504 a.

381 546 424 591 5.
468 543 676 588 Scholas
695 542 934 587 habemus
953 541 971 569 b
987 555 1090 585 sex:
1113 539 1382 596 physicam,
1405 538 1482 583 cui
1502 545 1700 594 praeest
1717 536 1780 580 M.
1804 536 1955 580 Fran-

334 622 495 667 ciscus
519 619 778 675 Costerus3
806 618 1036 675 logicam,
1064 632 1211 673 quam
1236 615 1366 672 regit
1389 615 1455 660 M.
1492 613 1761 658 Balduinus
1795 611 1959 668 Ange·

336 700 424 753 lus3
453 697 753 743 rhetoricam
778 706 825 742 et
850 695 1111 752 po'e'ticam,
1141 694 1185 738 in
1211 709 1307 749 qua
1330 691 1590 748 profitetur
1612 698 1628 717 C
1657 690 1722 734 M.
1750 689 1961 734 Ioannes

337 775 611 827 Berkelius;
659 782 706 818 et
751 774 874 818 duas
917 770 1276 828 grammaticas
1326 769 1373 813 in
1416 783 1626 826 quarum
1676 782 1772 811 una
1817 766 1962 810 docet

338 853 402 897 M.
443 850 725 906 Gregorius
759 849 944 895 Fabius
978 858 1025 893 et
1058 847 1104 892 in
1138 848 1298 891 altera
1332 846 1453 890 Dus.
1493 844 1722 889 Andreas
1758 844 1788 898 ¹,
1832 841 1957 899 quid

338 943 533 986 quoque
557 927 896 972 concionatur.
924 924 1052 969 Nam
1087 923 1149 967 M.
1190 922 1420 967 Andreas
1454 919 1717 966 Boccatius
1752 919 1814 964 ad
1848 933 1963 963 suos
2016 915 2026 976 ἰ

340 1008 384 1051 in
411 1005 623 1050 Frisiam
649 1004 826 1048 missus
850 1011 939 1058 est;
974 1001 1130 1057 breui,
1167 1015 1329 1055 spero,
1366 997 1621 1043 incolumis
1655 1011 1765 1041 cum
1800 995 1964 1040 fructu

341 1084 402 1130 ad
437 1099 526 1128 nos
562 1090 862 1127 reuertetur.
889 1080 952 1124 M.
977 1078 1224 1123 Henricus
1249 1075 1515 1132 Dionysius
1550 1075 1596 1119 in
1620 1074 1965 1129 theologorum
2026 1086 2028 1115 ρ

341 1161 512 1206 schola
538 1158 837 1214 Magistrum
862 1155 1232 1201 Sententiarum
1259 1162 1307 1198 et
1330 1152 1538 1197 Dauidis
1572 1151 1790 1208 psalmos
1824 1149 1966 1194 inter-

343 1246 586 1295 pretatur3
615 1236 659 1280 in
696 1235 907 1291 collegio
943 1248 1062 1277 uero
1098 1231 1377 1287 euangelia,
1404 1229 1639 1286 epistolas
1672 1238 1718 1272 et
1742 1233 1757 1254 e
1781 1225 1965 1271 Canisii

344 1314 696 1361 catechismum
731 1327 913 1368 magno
947 1326 1057 1355 cum
1091 1309 1255 1354 fructu
1290 1307 1506 1364 exponit.
1549 1306 1808 1362 Frequens
1841 1303 1968 1348 enim

346 1392 606 1448 vtrobique
629 1391 778 1436 habet
802 1388 1117 1434 auditorium.
1150 1386 1203 1431 Ρ.
1231 1384 1498 1430 Leonardo
1521 1382 1531 1409 f
1552 1392 1707 1428 totum
1733 1397 1855 1426 onus
1890 1380 1970 1424 do-

347 1486 454 1515 mus
469 1468 718 1518 incumbit,
735 1467 862 1523 quod
879 1481 975 1510 non
991 1465 1099 1509 leue
1116 1472 1202 1508 est.
1219 1462 1469 1518 Siquidem
1488 1457 1971 1517 praeterquamquod

349 1562 549 1593 mensae
584 1554 631 1590 et
667 1559 934 1600 corporum
969 1557 1141 1587 curam
1176 1540 1323 1597 gerit,
1360 1538 1551 1584 animas
1584 1536 1731 1582 etiam
1757 1534 1971 1580 omnium

349 1624 439 1669 sibi
464 1622 754 1668 commissas
778 1620 943 1671 habet,
971 1628 1018 1664 et
1052 1633 1226 1663 earum
1260 1617 1469 1661 salutem
1503 1614 1766 1670 diligenter
1800 1627 1985 1668 procu·

352 1710 446 1757 rat3
473 1708 521 1745 et
545 1697 830 1755 septimanis
853 1695 1057 1753 singulis
1082 1695 1188 1751 plus
1213 1693 1368 1738 minus
1390 1691 1449 1737 60
1466 1689 1803 1737 confessiones
1821 1688 1971 1743 audit,

349 1787 397 1823 et
432 1776 647 1822 omnium
681 1789 804 1831 pene
838 1772 1173 1819 confessiones
1206 1770 1470 1827 generales
1505 1767 1707 1819 audiuit;
1744 1774 1814 1811 tot
1848 1764 1975 1810 enim

350 1855 478 1900 domi
502 1868 669 1898 sumus
694 1852 764 1907 (ut
789 1866 884 1896 non
916 1850 1074 1895 dicam
1109 1848 1239 1904 quod
1274 1845 1466 1892 externi
1500 1860 1595 1890 non
1629 1859 1749 1888 raro
1784 1856 1975 1898 quoque

351 1930 579 1977 audiendi
603 1928 751 1985 sunt),
773 1937 861 1983 tot,
884 1927 1098 1983 inquam,
1121 1924 1250 1970 domi
1270 1932 1381 1968 sunt
1400 1922 1742 1968 adolescentes
1761 1918 1975 1964 selectis-

353 2008 477 2066 simi,
505 2017 553 2053 et
577 2006 721 2052 ualde
745 2004 1051 2051 accommodi
1077 2003 1138 2048 ad
1172 2001 1479 2047 liberandam
1513 2001 1577 2045 ab
1610 1997 1977 2044 haereticorum

354 2085 601 2143 prauitate
632 2082 974 2129 Germaniam.
1012 2081 1150 2125 Multi
1186 2071 1313 2124 enin]
1348 2079 1475 2123 inter
1508 2092 1594 2122 eos
1627 2084 1739 2121 sunt
1772 2073 1976 2126 nobileS‚

356 2162 489 2208 multi
514 2176 723 2218 quorum
747 2167 981 2216 parentes
1005 2158 1132 2202 inter
1156 2171 1271 2201 suos
1296 2170 1511 2211 magnae
1541 2151 1824 2198 autoritatis
1849 2158 1977 2203 sunt,

356 2239 493 2285 multi
526 2246 812 2283 senatorum
845 2233 1199 2280 coloniensium
1234 2232 1332 2277 filii.
1370 2231 1555 2276 Omnes
1588 2229 1743 2285 probe
1774 2236 1980 2272 naturae

356 2317 551 2362 dotibus
574 2313 819 2367 exornati,
847 2326 1017 2357 omnes
1041 2310 1318 2366 diligentes,
1345 2323 1515 2353 omnes
1548 2306 1729 2352 artium
1760 2314 1807 2350 et
1831 2303 1979 2360 pieta-

356 2394 417 2440 tis
442 2390 798 2438 studiosissimi.
826 2389 997 2446 Quare
1021 2397 1068 2433 et
1093 2386 1308 2443 quotidie
1331 2385 1460 2431 domi
1491 2385 1582 2430 sub
1615 2397 1823 2428 coenam
1857 2381 1982 2425 inter

358 2487 411 2516 se
455 2470 719 2526 disputant,
772 2478 818 2512 et
862 2467 998 2523 leges
1042 2465 1279 2521 quasdam
1324 2463 1414 2508 sibi
1458 2462 1574 2519 ipsis
1618 2458 1980 2516 praescribunt.

360 2547 545 2593 Omnes
569 2544 815 2601 catholici,
843 2558 1029 2599 omnes,
1060 2541 1282 2598 quamuis
1306 2550 1419 2585 ante
1453 2539 1580 2583 male
1614 2535 1834 2590 instituti,
1871 2534 1982 2578 hae-

362 2624 631 2669 reticorum
656 2622 838 2677 hostes,
866 2635 1072 2677 quorum
1098 2618 1472 2664 conuersionem
1498 2616 1575 2660 uel
1608 2614 1783 2659 saltem
1818 2611 1982 2668 expul-

411 2787 427 2807 a
472 2780 596 2825 Quae
612 2775 896 2824 praecedunt,
912 2786 937 2810 (z
957 2785 1024 2810 vv.
1047 2772 1162 2817 Quod
1178 2783 1320 2807 uerum
1337 2780 1423 2806 non
1441 2772 1545 2805 sunt
1564 2769 1608 2804 in
1624 2766 1812 2802 HAxsEN.
1859 2763 1923 2790 —b
1947 2767 1986 2797 vt

365 2840 458 2875 dixi.
505 2846 566 2865 —c
589 2837 684 2874 Hoc
698 2848 736 2872 v.
756 2834 1129 2881 expletztrlacuna
1146 2830 1392 2876 apographi
1405 2828 1676 2872 coloniensis,
1693 2825 1882 2868 HANSEN,
1902 2822 1983 2858 303.

366 2898 429 2925 —d
463 2898 502 2934 hi
526 2897 627 2942 [sid.
683 2901 745 2922 —e
769 2894 813 2931 P.
869 2892 925 2919 —-f
963 2892 1004 2930 V.
1026 2895 1177 2936 supra,
1199 2892 1347 2926 annot.
1371 2895 1398 2924 C.

414 3042 423 3060 ¹
477 3039 611 3075 Dnus.
638 3038 831 3074 Andreas
850 3034 1058 3082 Aquensis
1084 3031 1259 3077 intelligi
1286 3030 1457 3069 videtur.
1487 3028 1536 3064 de
1563 3040 1640 3074 quo
1668 3026 1758 3062 vide
1789 3023 1987 3071 superius,

370 3112 462 3146 pag.
483 3097 655 3134 515-516.
