2051 3516
386 318 455 353 018
850 314 1067 350 LITTERAE
1094 313 1447 358 QUADRIMESTRES

342 423 492 468 sente,
519 411 716 457 tandem
741 410 873 454 illum
899 408 1188 464 recepimus.
1217 406 1315 452 Sed
1350 406 1556 463 amplius
1580 406 1657 451 vir
1680 406 1759 452 ille
1783 406 1955 452 sollici-

342 498 450 533 tare
475 487 650 544 coepit,
672 495 723 531 ut
747 494 947 542 praeter
966 485 1092 530 hunc
1115 484 1239 529 duos
1262 483 1424 528 adhuc
1447 482 1568 528 alios
1592 497 1707 528 suos
1730 481 1852 528 filios
1876 483 1956 528 ad-

344 565 667 620 mitteremus,
705 578 825 621 quos
860 562 938 607 ille
973 561 1331 618 quamprimum
1366 561 1563 609 domum
1597 559 1839 615 rediisset,
1866 560 1959 604 huc

343 643 603 688 missurum
639 657 690 686 se
723 640 792 686 ait
826 654 922 684 una
956 654 1065 684 cum
1101 637 1312 694 quodam
1347 653 1436 682 suo
1471 636 1672 693 famulo,
1699 636 1777 692 qui
1812 636 1959 681 etiam

344 719 601 766 conuictor
635 726 780 763 esset.
818 716 1021 773 Negare
1054 714 1119 760 illi
1151 715 1244 760 hoc
1276 729 1395 759 sane
1430 729 1524 759 non
1559 713 1820 770 potuimus,
1853 713 1960 757 uiro

345 795 637 853 praesertim
671 794 772 850 tali,
806 809 949 850 quern
983 792 1280 838 miraculose
1316 797 1333 818 ³
1355 791 1491 836 Deus
1525 791 1569 836 in
1595 799 1732 836 tanta
1755 790 1960 836 haereti-

346 889 515 919 corum
540 882 744 918 caterua
764 871 813 928 (a
838 870 1011 928 quibus
1034 879 1286 915 extremas
1309 870 1496 926 patitur
1520 867 1832 925 ignominias)
1852 882 1961 912 con—

347 960 533 1007 seruat,
561 959 609 996 et
632 950 677 995 in
703 965 798 1006 quo
822 948 1126 1004 singularem
1150 947 1384 1004 pristinae
1419 945 1672 1003 religionis
1696 945 1854 990 zelum
1879 957 1959 988 1sz-

347 1030 579 1073 tammus
601 1026 636 1071 ¹³.
663 1025 883 1082 Roganti
918 1024 1034 1070 mihi
1068 1023 1232 1080 filium,
1269 1023 1376 1080 quis
1410 1032 1496 1068 aut
1530 1022 1687 1079 qualis
1720 1022 1765 1067 in
1799 1021 1963 1078 patria

349 1120 438 1149 sua
461 1112 604 1160 pater
628 1102 778 1160 ipsius
803 1110 1069 1146 uocaretur
1099 1110 1185 1146 aut
1208 1110 1355 1155 esset,
1379 1099 1646 1157 respondit,
1667 1097 1875 1156 papista.
1902 1097 1966 1142 Et

349 1190 416 1238 tu,
444 1182 619 1227 iterum
646 1196 788 1237 rogo,
815 1178 921 1236 quis
945 1179 1018 1224 es?
1041 1178 1226 1224 Iterum
1257 1178 1340 1235 ait,
1369 1193 1463 1235 ego
1488 1192 1680 1234 quoque
1703 1192 1809 1223 sum
1835 1175 1964 1233 papi-

351 1269 443 1305 sta.
470 1257 748 1304 Uidebatur
771 1273 893 1313 puer
918 1271 1155 1302 annorum
1193 1256 1247 1300 14
1279 1255 1324 1300 in
1359 1255 1451 1300 hoc
1484 1253 1678 1299 nomine
1701 1253 1963 1310 triumpha-

353 1352 421 1393 re,
449 1335 586 1381 cuius
610 1336 788 1380 multos
821 1334 967 1380 etiam
1001 1333 1271 1379 catholicos
1305 1331 1467 1389 pudet.
1497 1331 1641 1377 Hunc
1675 1331 1833 1376 uirum
1869 1341 1967 1376 tam

352 1413 633 1470 opulentum
668 1427 777 1456 esse
811 1411 960 1468 aiunt,
990 1419 1039 1455 ut
1073 1410 1153 1455 uni
1188 1409 1284 1455 filio
1318 1409 1524 1466 triginta
1552 1408 1684 1454 milia
1707 1416 1967 1454 coronato-

355 1504 460 1534 rum
503 1499 588 1534 aut
631 1488 901 1533 talerorum
940 1502 1029 1544 pro
1068 1486 1362 1543 patrimonio
1407 1487 1578 1542 legare
1618 1485 1784 1542 possit.
1827 1485 1971 1530 Hunc

355 1581 610 1623 speramus
634 1574 897 1622 praeterea
931 1579 1077 1621 posse
1110 1579 1190 1609 res
1223 1562 1485 1609 Societatis
1514 1572 1716 1608 nostrae
1740 1562 1901 1608 multis
1925 1562 1970 1607 in

356 1643 475 1689 locis
508 1643 768 1701 plurimum
802 1658 1113 1699 promouere,
1140 1651 1287 1698 atquc
1316 1641 1409 1687 hoc
1443 1640 1680 1697 imprimis
1703 1640 1847 1686 modo
1874 1655 1970 1684 ma-

357 1721 486 1767 xime
510 1735 693 1778 cupere
717 1731 762 1765 et
787 1720 1084 1765 desiderare.

420 1798 482 1843 10.
547 1796 901 1842 Habemus‘hic
925 1795 1290 1841 serenissimum
1310 1795 1576 1853 principem
1603 1796 1633 1852 1,
1656 1802 1811 1840 totum
1831 1794 1974 1850 plane

358 1884 596 1931 nostrum,
624 1874 702 1931 qui
726 1874 787 1919 ad
812 1883 1008 1919 nostros
1033 1873 1159 1918 misit
1183 1887 1322 1917 suum
1348 1872 1667 1928 sacellanum,
1694 1879 1745 1916 ut
1769 1878 1976 1927 rogaret

360 1952 657 1997 uellemusne
680 1951 930 2006 suscipere
955 1966 1157 2007 puerum
1182 1950 1425 2007 quendam
1450 1948 1702 1994 cuiusdam
1725 1947 1797 1993 sui
1828 1962 1974 1991 vena-

361 2029 498 2085 toriS,
527 2027 791 2073 admodum
816 2043 936 2073 sane
962 2042 1185 2084 puerum:
1214 2027 1447 2072 recusari
1467 2026 1561 2071 hoc
1582 2039 1711 2070 suae
1732 2024 1973 2069 serenita-

360 2107 400 2151 tz·
438 2112 454 2133 ⁰
495 2105 704 2151 minime>
730 2105 901 2162 potuit.
944 2104 1194 2161 Receptus
1234 2119 1356 2160 ergo
1400 2103 1489 2148 fuit
1533 2103 1577 2148 in
1622 2100 1974 2155 conuictorem,

363 2183 587 2240 quamuis
611 2181 977 2227 serenissimus
1000 2181 1227 2238 princeps
1251 2190 1423 2237 postea
1446 2179 1506 2224 R.
1534 2179 1587 2224 P.
1620 2177 1880 2224 Victoriae
1914 2176 1977 2222 di-

365 2259 509 2316 xerit,
536 2274 588 2304 se
613 2259 744 2304 illum
774 2259 914 2304 nobis
948 2258 1157 2303 donasse
1188 2258 1276 2314 qni
1306 2256 1515 2302 haberet
1546 2269 1725 2301 curam
1760 2253 1980 2298 alicuius

364 2337 542 2382 Patris
571 2336 605 2393 ‘¹;
633 2336 719 2381 tali
743 2336 869 2382 enim
895 2337 1159 2393 opera'nos
1184 2335 1403 2391 indigere
1427 2334 1647 2390 putabat,
1684 2347 1743 2377 ac
1776 2330 1978 2388 proinde

366 2415 411 2460 in
436 2414 529 2459 hoc
553 2429 604 2459 se
629 2413 768 2459 nobis
792 2429 895 2459 rem
921 2421 1119 2469 gratam
1144 2411 1314 2457 facere
1339 2411 1589 2457 credebat.

428 2492 494 2537 11.
562 2490 774 2547 Quando
798 2490 892 2536 iam
919 2490 1211 2536 aduentaret
1246 2504 1393 2535 sacra
1417 2502 1658 2534 caesarea
1682 2485 1917 2531 maiestas
1946 2486 1977 2537 ²,

368 2569 440 2615 bis
464 2568 663 2614 missum
686 2568 778 2614 fuit
801 2568 971 2614 eodem
995 2567 1070 2613 die
1094 2567 1155 2612 ad
1179 2567 1240 2612 D.
1267 2565 1537 2612 Henricum
1562 2564 1594 2621 ³,
1621 2563 1817 2609 iubente
1835 2562 1979 2618 impe-

414 2748 433 2767 ²
483 2760 563 2784 non
593 2747 679 2783 sine
711 2758 859 2793 magno
890 2745 1096 2782 miraculo.
1151 2744 1215 2771 —b
1243 2742 1560 2780 obseruauimus.
1617 2747 1678 2768 -c
1709 2739 1895 2786 negari...
1929 2738 1980 2774 ei.

370 2807 435 2834 -d
468 2812 508 2843 vt
527 2806 640 2843 nobis
659 2805 889 2843 inseruiret.

420 2983 429 3001 ¹
482 2979 797 3023 Ferdinandum,
818 2976 1073 3024 imperatoris
1092 2974 1230 3018 filium,
1251 2973 1449 3020 intellige.

419 3040 432 3059 ²
482 3038 763 3076 Ferdinandus
782 3038 1010 3083 imperator.

419 3098 431 3118 ⁸
482 3097 527 3134 P.
550 3097 752 3133 Henricus
771 3095 1022 3132 Blissemius.
1045 3093 1108 3131 Cf.
1130 3093 1284 3130 Laz'm'i
1301 3091 1510 3133 Monam„
1531 3089 1606 3135 IV,
1626 3089 1684 3126 90.
