2051 3516
536 271 841 309 122.—Hisfflt1
869 272 915 309 29
941 272 1186 309 DECEMssms
1217 274 1305 309 1557
1621 273 1688 309 461

108 367 377 412 diosorum.
416 366 496 411 Ab
531 367 621 411 hoc
664 383 792 411 anno
828 366 1010 412 artium
1044 367 1259 412 facultas
1294 368 1389 413 coli
1424 378 1602 424 coepta
1641 378 1731 413 est.

109 443 356 500 Quoniam
395 453 562 488 autem
602 444 745 499 pauci
791 443 898 501 ejus
941 443 1194 489 auditores
1234 444 1565 501 reperiuntur,
1608 461 1636 490 a
1680 445 1733 490 P.

107 519 380 565 Francisco
405 524 658 576 prouisum
684 531 773 577 est,
801 531 853 566 ut
877 536 939 565 ex
963 520 1071 565 aliis
1096 521 1319 576 collegiis
1354 521 1542 566 fratres
1567 518 1735 567 accer-

106 607 282 643 santur
306 598 418 643 huic
443 598 728 654 disciplinae
763 614 967 654 operam
1001 599 1250 643 nauaturi:
1280 615 1489 654 quorum
1525 615 1735 644 conuen-

107 684 209 719 tum
236 675 413 720 cotidie
438 685 779 732 expectamus,
804 685 855 721 ut
878 685 980 720 tam
1003 675 1096 720 hoc
1120 675 1334 720 studium
1361 691 1507 732 quam
1534 687 1737 722 caetera

74 787 77 789 Α
106 752 203 797 alia
228 752 584 808 prouehantur.
613 751 665 797 In
700 768 893 797 summa
917 752 1140 797 futurum
1165 768 1427 808 speramus
1452 762 1502 797 ut
1527 752 1651 798 haec
1676 753 1736 799 ci-

106 830 249 883 uitas,
288 844 415 886 quae
448 828 587 875 nobis
627 830 891 885 plurimum
926 829 1169 874 beneuola
1204 840 1250 874 et
1285 829 1448 874 amica
1484 839 1575 885 est,
1615 830 1734 875 anti-

106 921 228 963 quos
257 921 423 951 mores
457 916 608 952 exuat
632 916 681 952 et
705 906 959 952 Christum
984 906 1153 951 induat
1188 922 1245 951 ac
1281 906 1458 963 sapiat.
1482 906 1631 963 Vale,
1654 907 1736 951 ad-

104 983 303 1028 modum
328 984 603 1029 reverende
627 983 795 1035 Pater,
823 994 972 1040 atque
1006 999 1096 1028 ora
1131 984 1313 1029 crebro
1339 993 1391 1028 ut
1416 984 1485 1029 tui
1510 984 1735 1029 charissi-

104 1060 169 1105 mi
204 1059 284 1105 filii
319 1061 452 1117 digni
486 1060 701 1106 Domino
728 1061 935 1106 ministri
961 1060 1291 1106 inueniantur.
1321 1060 1507 1106 Datum
1532 1060 1735 1105 Placen-

192 1213 484 1270 Inscm'ptz'o.
511 1218 536 1267 †
558 1214 654 1260 Ihs.
682 1214 747 1259 Al
767 1230 883 1271 muy
907 1214 1032 1259 Rdo.
1062 1214 1140 1258 Re
1166 1229 1272 1259 nro.
1300 1230 1359 1258 en
1381 1212 1554 1269 Chro,
1583 1213 1626 1258 el
1651 1213 1704 1258 P.
1721 1220 1737 1239 e

102 1291 168 1336 M.
195 1291 399 1347 Lasnez‚
427 1291 679 1348 preposito
714 1293 921 1348 general
946 1292 1004 1336 de
1028 1292 1074 1336 la
1101 1290 1380 1347 Compafii'a
1405 1291 1463 1336 de
1487 1290 1648 1350 Jesus‚
1677 1306 1735 1335 en

104 1367 284 1413 Roma.

193 1444 372 1503 Sz‘gz'llz'
393 1446 691 1503 vestigium.

872 1663 967 1713 122

405 1728 418 1747 s
466 1769 518 1814 P.
575 1768 975 1829 JOANNES
1025 1770 1372 1816 PAULUS

586 1873 749 1900 HISPALI
773 1863 820 1900 29
846 1874 1081 1900 DECEMBms
1110 1864 1199 1900 1557
1228 1866 1251 1900 ¹.

100 1942 130 1978 1.
161 1941 228 1977 De
245 1941 374 1977 domo
395 1941 600 1978 Societati
616 1944 722 1987 apta
742 1941 1028 1988 acquirenda,
1050 1942 1177 1988 cujus
1194 1943 1257 1978 rei
1272 1947 1370 1987 spes
1391 1942 1535 1988 major
1548 1941 1738 1988 affulget

169 2002 394 2037 occasione
419 2001 643 2038 haereseos
663 2000 847 2047 Hispali
871 2001 1164 2038 damma—2.
1196 2001 1262 2038 De
1281 2002 1551 2038 christianae
1580 2001 1736 2039 doctri-

171 2071 256 2097 nae
270 2061 558 2106 explicatione
576 2065 615 2097 et
633 2060 853 2106 defructu
869 2061 1235 2098 adhortationmn
1254 2060 1407 2097 Patris
1422 2062 1729 2107 provincialis.

162 2145 199 2190 1.
266 2154 294 2201 †
327 2144 431 2205 Jhs.
458 2144 559 2190 Mui
590 2144 716 2190 Rdo.
755 2161 814 2191 en
849 2145 999 2191 Chro.
1039 2145 1217 2191 Padre.
1256 2145 1363 2191 Pax
1398 2145 1600 2203 Christi,
1636 2143 1730 2193 etc.

99 2222 231 2268 Para
256 2222 521 2268 satisfazer
555 2238 584 2268 a
619 2224 665 2268 la
695 2223 986 2269 obediencia
1011 2224 1069 2269 de
1094 2223 1315 2269 escreuir
1339 2240 1368 2269 a
1393 2223 1460 2269 V.
1487 2223 1540 2270 P.
1569 2224 1616 2268 lo
1641 2239 1735 2280 que

98 2310 303 2345 nuestro
323 2299 485 2346 Sefior
503 2316 532 2345 a
552 2300 681 2345 dado
701 2316 731 2346 a
751 2301 904 2346 obrar
923 2317 953 2346 a
973 2301 1020 2347 la
1046 2300 1322 2357 Compafn'a
1346 2317 1406 2347 en
1430 2311 1563 2347 estos
1586 2302 1614 2346 4
1637 2317 1733 2347 me·

97 2393 193 2434 ses,
217 2377 434 2434 primero
455 2377 559 2423 dire'
579 2378 624 2422 lo
646 2393 739 2435 que
758 2393 941 2434 acerca
960 2378 1019 2423 de
1039 2379 1223 2424 buscar
1240 2394 1359 2424 casa
1377 2394 1500 2435 para
1517 2387 1622 2424 este
1638 2379 1733 2424 col-

98 2454 229 2511 legio
260 2470 289 2499 a
324 2453 467 2500 todos
499 2454 710 2500 admira.
748 2454 945 2512 Porque
969 2471 1113 2501 como
1143 2459 1244 2501 assi
1269 2456 1341 2501 los
1361 2456 1421 2501 de
1444 2471 1564 2501 casa
1587 2471 1733 2502 como

98 2532 171 2576 los
195 2531 254 2576 de
278 2531 439 2587 fuera,
466 2531 478 2576 i
504 2547 563 2576 en
587 2532 771 2589 special
806 2533 851 2577 el
884 2532 960 2582 Re
994 2532 1278 2589 Prouincial
1312 2534 1343 2589 2,
1382 2533 1496 2578 aian
1529 2533 1732 2591 diligen·

97 2618 310 2654 temente
334 2607 601 2666 trabajado
626 2625 685 2654 en
710 2625 804 2665 que
829 2610 875 2654 la
899 2609 1193 2667 Compafn'a‚
1222 2626 1315 2667 que
1339 2610 1484 2656 hasta
1514 2625 1639 2656 aora
1673 2626 1733 2656 en

96 2684 282 2731 Seuilla
306 2686 436 2731 anda
461 2702 552 2742 por
575 2701 721 2731 casas
751 2702 958 2743 agenas⁷
994 2687 1041 2732 ia
1075 2688 1264 2733 tuuiese
1299 2688 1485 2744 alguna
1518 2703 1639 2734 casa
1673 2704 1733 2734 en

97 2778 189 2819 que
215 2763 413 2820 pudiese
438 2766 545 2808 mas
569 2764 998 2810 commodamente
1023 2765 1230 2810 atender
1249 2780 1278 2809 a
1303 2765 1348 2810 la
1367 2775 1543 2811 entera
1564 2767 1732 2812 obser-

146 2915 153 2933 ¹
208 2912 269 2949 Ex
287 2913 476 2959 originali
492 2913 532 2949 in
551 2913 687 2949 codice
704 2913 831 2959 Hz'sp.
858 2913 924 2957 95,
943 2912 982 2949 ff.
1000 2912 1169 2954 Res-232
1187 2913 1297 2960 prius
1311 2912 1394 2952 ¹223.
1412 2913 1485 2950 Est
1501 2916 1732 2962 exemplum

97 2973 267 3009 latinum
286 2973 336 3009 ab
356 2973 499 3010 eodem
518 2973 788 3019 subscriptum
808 2973 848 3009 in
868 2972 908 3009 ff.
927 2972 1010 3015 234,
1031 2971 1112 3008 235.

144 3034 155 3052 ²
207 3032 545 3069 Bartholomaeus
564 3031 831 3069 Bustamante
858 3032 1034 3079 praefuit
1060 3031 1292 3078 provinciae
1319 3033 1503 3070 baeticae
1531 3047 1595 3071 an.
1625 3034 1730 3071 1555-

67 3125 70 3127 *
98 3092 199 3129 1562.
