2051 3516
372 303 442 339 824
839 304 1056 342 LITTERAE
1081 305 1435 351 QUADRnnESTREs

1093 453 1187 504 201

743 558 1107 606 CAROLUS
1153 558 1536 607 SAGERIUS

834 658 1000 685 mausus
1026 649 1049 684 ¹.)
1074 660 1269 685 OCTOBRIS
1298 649 1388 686 1558
1416 652 1438 685 ¹.

447 725 474 757 l.
500 724 563 761 De
582 725 733 761 Patris
755 725 966 771 Bellefille
983 726 1179 763 assiduis
1199 727 1522 764 laboribus-2.
1549 728 1822 774 Defmtrmn

917 788 1165 822 nostrorum
1184 786 1357 823 studiis.

388 863 425 906 1.
494 862 653 921 Jesns.
683 862 861 908 Gratia
886 863 999 908 Dni.
1028 864 1180 908 nostri
1204 863 1324 922 Jesu
1349 865 1461 921 Xpi.
1487 876 1727 922 perpetua
1751 882 1840 911 nos
1864 866 1944 911 do-

325 948 407 984 net
436 938 680 985 libertate.
715 939 909 996 [letltz's
944 940 1111 986 >verbis
1143 941 1391 986 deliberat
1424 947 1597 987 ulrum
1625 943 1815 988 scribat
1838 958 1944 988 nec-

326 1016 423 1072 ne]
453 1016 616 1072 Atque
640 1016 853 1073 primum
877 1026 930 1062 vt
955 1033 984 1062 a
1008 1017 1159 1063 Patre
1186 1028 1354 1064 nostro
1385 1020 1447 1075 (in
1486 1035 1579 1076 quo
1604 1020 1673 1065 rei
1699 1021 1839 1066 huius
1864 1020 1945 1066 ini-

324 1092 443 1138 tium
484 1102 633 1150 atque
671 1094 855 1139 exitum
897 1110 1141 1151 quaerere
1180 1096 1354 1151 debeo)
1396 1096 1641 1153 incipiam,
1678 1097 1715 1142 si
1750 1098 1943 1154 singula

324 1170 429 1216 eius
462 1186 556 1227 quo
592 1171 756 1216 animo
791 1187 850 1217 ea
884 1182 1120 1218 exerceat
1154 1188 1359 1218 munera
1395 1174 1712 1231 singulosque
1747 1176 1945 1220 labores

326 1249 502 1294 vellem
528 1249 755 1306 persequi
779 1248 954 1306 (neque
988 1250 1114 1294 enim
1148 1250 1250 1295 eius
1285 1251 1712 1297 commendatione
1737 1253 1941 1302 maiore,

325 1341 467 1382 quem
492 1326 612 1370 satis
636 1342 724 1382 per
758 1341 808 1372 se
843 1327 1243 1372 commendatum
1268 1343 1327 1372 ac
1353 1329 1616 1384 probatum
1648 1330 1767 1387 scio,
1795 1330 1943 1375 addu-

324 1413 430 1448 ctus
470 1403 597 1459 dico)
640 1419 741 1448 rem
783 1404 825 1448 in
868 1403 1102 1449 infinitum
1146 1404 1372 1460 profecto
1411 1406 1750 1463 producerem:
1788 1422 1944 1463 eoque

325 1481 485 1537 magis
518 1480 631 1526 mihi
671 1490 846 1526 exacte
886 1481 1049 1525 omnia
1088 1482 1342 1537 explicare
1381 1492 1511 1527 esset
1549 1482 1807 1540 difficilius,
1851 1500 1944 1540 quo

326 1558 439 1603 mihi
474 1558 709 1614 incogniti
746 1558 904 1615 magis
945 1558 1185 1604 fructuosi
1226 1560 1415 1616 quidem
1450 1561 1520 1605 sui
1557 1561 1770 1617 labores:
1810 1562 1944 1606 solus

327 1635 502 1692 quippe
527 1636 590 1680 ab
613 1644 723 1680 ortu
759 1636 880 1681 lucis
916 1636 976 1681 ad
1013 1636 1228 1681 eiusdem
1265 1652 1496 1682 occasum
1522 1637 1594 1693 (vt
1621 1638 1702 1683 vix
1726 1638 1769 1683 ei
1795 1639 1942 1695 respi-

328 1728 443 1758 rare
468 1713 628 1764 liceat,
657 1713 976 1769 sumendiqne
1001 1713 1189 1768 prandii
1224 1713 1337 1758 nihil
1362 1724 1445 1758 aut
1470 1729 1643 1770 parum
1667 1715 1749 1760 otii
1775 1731 1942 1772 super-

323 1790 401 1847 sit)
427 1790 816 1835 confessionibus
841 1790 1095 1835 audiendis
1121 1806 1230 1835 cum
1260 1792 1507 1836 vberrimo
1544 1793 1939 1849 amplissimoque

324 1867 489 1912 fructu
530 1882 589 1911 ac
629 1866 731 1912 sine
773 1866 871 1911 vlla
912 1867 1268 1923 propemodum
1310 1868 1671 1914 intermissione
1709 1870 1792 1915 dat
1831 1886 1941 1927 ope-

327 1960 447 1990 ram.
474 1944 519 1988 A
544 1944 717 2000 quibus
743 1945 824 1989 vbi
849 1945 1019 2000 pedem
1049 1946 1227 1999 retulit,
1255 1955 1563 2002 egrotantes,
1591 1963 1711 2002 quos
1735 1948 1938 2000 soletur,

327 2021 508 2077 visitat,
551 2021 678 2078 quod
720 2031 857 2066 certe
903 2037 1012 2067 cum
1057 2022 1152 2066 alio
1197 2032 1361 2068 tamen
1407 2023 1617 2068 fratrum
1658 2034 1941 2070 nostrorum

322 2099 450 2144 haud
476 2099 658 2155 exiguo
682 2114 791 2144 cum
816 2098 980 2143 fructu
1005 2099 1075 2154 (vt
1101 2100 1157 2143 de
1187 2115 1280 2143 vno
1306 2109 1497 2144 tantum
1523 2111 1785 2156 egrotante
1811 2117 1940 2147 com-

322 2185 514 2231 pertum
540 2176 718 2231 habeo)
743 2174 924 2220 fecisse
960 2175 1188 2231 Cognoui,
1217 2176 1294 2220 cui
1324 2177 1386 2221 ab
1421 2177 1645 2222 omnibus
1679 2178 1871 2233 quidem
1897 2178 1939 2221 in

324 2252 606 2298 infirmitate
641 2252 877 2297 derelicto
917 2268 974 2297 ac
1016 2267 1190 2307 panem
1227 2264 1435 2308 petente,
1474 2254 1554 2309 qui
1587 2254 1629 2298 ei
1665 2254 1939 2310 frangeret,

323 2329 498 2374 aderat
534 2345 676 2374 nemo
702 2330 731 2373 2.
762 2328 972 2374 Curauit
1010 2344 1129 2373 vero
1164 2345 1308 2385 quam
1347 2331 1562 2375 maxime
1595 2331 1751 2386 potuit
1784 2331 1943 2376 frater

322 2407 400 2452 ille
424 2416 609 2459 noster,
651 2417 699 2452 vt
735 2406 942 2463 primum
978 2406 1302 2451 confessionis
1328 2416 1427 2452 tum
1453 2409 1749 2453 eucharistie
1775 2424 1940 2454 sacra-

323 2484 498 2528 mentis
523 2483 923 2528 confirmaretur:
951 2498 1077 2539 quae
1111 2498 1220 2527 cum
1256 2484 1399 2528 auide
1435 2494 1482 2529 et
1516 2485 1690 2541 cupide
1721 2502 1749 2530 a
1781 2485 1943 2530 multis

320 2559 420 2616 jam
454 2560 625 2605 diebus
659 2560 947 2605 desiderans
980 2561 1283 2616 sumpsisset,
1321 2577 1414 2605 non
1449 2562 1516 2606 ita
1553 2563 1704 2606 multo
1740 2572 1847 2618 post
1881 2563 1941 2607 ad

322 2638 503 2687 coelos,
531 2638 575 2682 ni
602 2637 763 2687 fallor,
792 2637 1104 2693 demigrauit.

411 2713 506 2760 Sed
533 2716 595 2760 ad
624 2715 820 2760 Patrem
853 2724 1072 2760 nostrum
1100 2716 1262 2762 redeo,
1292 2732 1432 2771 quem
1463 2717 1653 2761 vnicum
1678 2717 1751 2761 hic
1778 2733 1932 2762 sacer·

322 2791 483 2836 dotem
511 2791 762 2836 habemus.
792 2791 887 2848 Qui
923 2805 1018 2836 non
1054 2791 1197 2835 modo
1223 2791 1429 2836 interdiu
1466 2792 1718 2838 audiendis
1750 2793 1940 2838 confes-

371 2924 377 2941 ¹
434 2922 493 2958 Ex
512 2923 765 2968 autographo
786 2922 825 2957 in
844 2922 979 2958 codice
1002 2921 1094 2958 Gal.
1116 2922 1184 2964 553¹,
1205 2922 1227 2957 2
1246 2921 1301 2962 ff..
1324 2935 1389 2958 nn.
1413 2922 1471 2965 60,
1501 2923 1558 2968 613
1588 2924 1698 2970 prius
1723 2924 1793 2959 380
1821 2925 1935 2968 (2:57).

325 2981 491 3017 Exstant
521 2981 595 3017 tria
623 2982 857 3028 apographa
886 2981 924 3016 in
945 2980 985 3017 ff.
1006 2980 1065 3024 36,
1085 2980 1130 3017 37
1149 2986 1188 3017 et
1206 2981 1263 3017 38.
1286 2981 1601 3028 Autographum
1623 2983 1715 3018 anni
1736 2983 1940 3019 notatione

320 3046 449 3076 caret.
474 3040 518 3076 ln
538 3041 781 3087 apographis
801 3041 1007 3087 appositus
1026 3046 1086 3077 est
1105 3052 1234 3076 annus
1256 3040 1360 3076 1558.

369 3100 381 3117 ²
433 3099 495 3136 Cf.
518 3099 696 3139 THREN„
718 3098 791 3140 IV.
814 3101 847 3135 4.
