2051 3516
321 322 391 357 550
788 322 1005 358 LITTERAE
1033 323 1124 367 QUA
1133 333 1387 359 15›1<1MESTRES

273 416 381 459 dem
398 430 525 460 nunc
542 424 677 460 recte
694 431 745 460 se
762 416 958 461 habent.
978 416 1237 473 Magister.
1258 415 1508 462 Oliuerius
1525 419 1537 441 ¹
1556 417 1731 462 febrim
1747 433 1892 474 quar-

273 501 441 535 tanam
475 491 572 535 iam
607 507 758 547 supra
782 507 869 536 sex
893 508 1088 537 menses
1113 491 1311 548 patitur,
1339 508 1429 537 nec
1453 508 1710 549 speramus
1735 493 1891 538 morbi

274 567 544 612 remedium
570 578 683 612 ante
710 583 915 612 vernum
940 579 1145 625 tempus.
1174 568 1332 613 Nemo
1362 579 1584 613 nostrum
1620 569 1779 613 extitit
1813 570 1899 625 qui.

272 643 431 688 morbi
456 643 685 688 nuncium
710 659 806 688 non
832 644 1024 699 viderit,
1053 644 1256 699 aliisque
1287 653 1468 689 metum
1493 661 1588 689 non
1614 644 1889 690 incusserit.

271 720 524 776 Quantum
551 735 672 765 vero
698 721 759 765 ad
784 721 1058 766 animorum
1092 720 1421 765 conditionem
1456 721 1646 775 attinet,
1673 722 1891 765 Vniuersi

270 796 528 841 fraternae
571 797 829 841 charitatis
863 813 922 843 ac
956 797 1091 853 pacis
1124 797 1390 842 inuiolabili
1425 798 1662 842 societate
1696 798 1892 842 coniun-

270 873 351 927 cti,
390 873 583 917 humilis
622 873 931 918 obedientiae
970 873 1190 918 studioso
1231 874 1466 929 obsequio
1500 874 1737 918 talentum
1772 890 1892 919 suae

271 949 379 993 fidei
407 949 745 994 concreditum
780 965 887 994 cum
926 950 1176 995 vberrimo
1201 945 1407 994 foenore
1437 949 1649 994 Domino
1684 950 1893 995 reddere

271 1026 500 1070 laborant
525 1026 719 1070 obnixe.

331 1101 397 1146 lO.
464 1101 515 1146 Si
540 1101 735 1158 collegii
761 1102 983 1158 erigendi
1009 1101 1307 1158 dotandique
1332 1117 1466 1157 spem
1490 1117 1585 1146 non
1610 1102 1753 1147 modo
1778 1119 1890 1147 con·

268 1186 478 1233 ceptam,
503 1194 676 1223 verum
701 1187 749 1223 et
774 1194 926 1235 prope
950 1187 1147 1223 enatam
1172 1188 1465 1234 spectemus,
1489 1188 1563 1224 est
1586 1180 1713 1235 quod
1739 1180 1890 1225 abun-

267 1255 326 1300 de
350 1255 753 1311 benignissimum
790 1254 973 1300 Christi
1008 1255 1233 1300 faumem
1261 1271 1349 1310 per
1378 1255 1437 1299 D.
1463 1256 1678 1312 episcopi
1714 1255 1892 1301 benefi-

267 1332 478 1377 centiam
520 1332 706 1388 coeptis
746 1332 927 1377 nostris
971 1333 1273 1388 aspirantem
1317 1334 1642 1389 gratulemur.
1688 1333 1889 1378 Postea-

267 1424 412 1464 quam
444 1409 601 1453 solum
637 1410 847 1465 collegio
883 1409 1159 1454 extruendo
1194 1408 1491 1454 destinatum
1528 1410 1759 1466 impensis
1794 1410 1890 1466 epi-

266 1486 401 1542 scopi
428 1486 751 1542 redemptum,
780 1487 824 1530 in
851 1496 1071 1531 nostram
1097 1495 1392 1542 potestatem
1417 1487 1579 1540 cessit,
1607 1488 1886 1533 cumulatis-

267 1562 371 1607 simi
412 1562 626 1619 lapidum
664 1563 886 1607 iaciendo
927 1562 1247 1607 fundamento
1288 1564 1458 1607 acerui
1499 1563 1721 1619 congesti
1761 1575 1886 1621 sunt3

266 1639 377 1694 quin
418 1640 566 1684 etiam
604 1640 946 1695 quamplurimi
990 1640 1174 1695 lapides
1214 1641 1341 1684 mole
1382 1640 1624 1696 ingentes,
1666 1656 1725 1685 ac
1764 1656 1890 1685 saxa

264 1716 473 1760 molaria
499 1716 782 1772 permagnis
804 1716 1060 1772 impendiis
1085 1716 1299 1771 quotidie
1324 1717 1637 1761 aduehuntur
1671 1726 1881 1762 structu-

266 1807 353 1836 rae
379 1791 585 1837 aedificii
612 1792 945 1848 perpolienda.
975 1790 1024 1836 Si
1062 1792 1265 1837 Patrum
1299 1802 1582 1838 nostrorum
1611 1793 1794 1839 reditus
1819 1794 1886 1838 fo-

265 1878 340 1914 ret
378 1869 634 1922 maturior,
671 1878 860 1914 tantum
901 1870 1154 1926 negotium
1188 1870 1470 1915 inchoatum
1505 1880 1888 1926 promoueretur

264 1961 410 2001 quam
451 1945 710 2001 ocyssime:
755 1961 876 2001 quos
921 1946 1110 2001 quidem
1156 1946 1424 1991 incolumes
1470 1947 1696 2003 proximo
1736 1947 1887 2003 Mayo

263 2022 440 2066 anhelo
475 2021 648 2077 spiritu
683 2022 1062 2077 praestolamur.
1094 2022 1243 2067 Rdus.
1281 2022 1402 2068 Dns.
1431 2023 1690 2079 episcopus
1725 2039 1885 2080 aequo

264 2098 425 2143 animo
460 2097 565 2143 tulit
599 2098 818 2154 ipsorum
859 2098 984 2143 adeo
1025 2099 1307 2144 diuturnam
1347 2100 1639 2155 absentiam,
1677 2116 1892 2156 quorum-

263 2183 428 2219 tamen
454 2174 583 2218 haud
608 2174 843 2219 mediocri
877 2175 1100 2231 tangitur
1134 2175 1395 2221 desiderio,
1424 2176 1583 2221 Morbi
1609 2176 1888 2221 discrimine

262 2250 509 2296 laborauit
533 2250 950 2306 periculosissimo
972 2266 1081 2295 cum
1103 2252 1286 2308 exigua
1307 2252 1589 2313 prolixioris
1614 2252 1747 2297 vitae
1771 2251 1887 2297 fidu-

262 2327 353 2375 cia:
376 2327 455 2383 qui
474 2327 672 2371 tandem
691 2326 753 2371 ad
774 2326 1027 2383 pristinam
1052 2329 1382 2373 valetudinem
1403 2329 1668 2374 conualuit.
1693 2328 1770 2373 Ex
1789 2328 1886 2373 fra-

260 2404 350 2448 tris
374 2404 486 2448 Dni.
514 2404 573 2449 de
598 2404 868 2450 Nantoillet
892 2414 1050 2449 morte
1071 2406 1199 2450 haud
1221 2408 1380 2451 leuem
1402 2406 1760 2462 aegritudinem
1787 2407 1886 2451 ani—

262 2481 325 2526 mi
350 2482 672 2538 corporisque
698 2491 1014 2537 conceperat,
1042 2497 1185 2538 quam
1212 2484 1447 2539 paulatim
1473 2484 1659 2528 remisit
1684 2499 1744 2529 ac
1769 2483 1885 2528 miti-

262 2558 419 2613 gauit.
449 2557 759 2613 Expectatur
793 2573 822 2602 a
856 2558 996 2603 nobis
1029 2559 1256 2614 proximo
1284 2574 1419 2613 vere,
1446 2560 1526 2604 diu
1557 2559 1887 2604 desideratus„

261 2634 558 2689 Nuperrime
581 2649 670 2690 per
694 2634 865 2680 literas
895 2635 1137 2691 insignem
1162 2650 1287 2691 erga
1311 2635 1614 2681 Societatem
1649 2636 1891 2681 affectum,

261 2710 568 2766 exhibentes,
611 2709 724 2755 mihi
764 2711 985 2767 iniunxit,
1035 2721 1087 2756 vt
1130 2711 1404 2767 proximam
1451 2712 1923 2770 quadragesimam'

260 2787 388 2841 apud
433 2803 722 2842 ryomenses
766 2788 1121 2844 transigerem,
1170 2789 1326 2833 verbo
1378 2789 1469 2834 Dei
1524 2789 1880 2846 praedicando;

260 2863 399 2908 cuius
423 2865 724 2910 auctoritate
759 2865 938 2909 ciuium
973 2864 1077 2910 eius
1112 2865 1248 2910 vrbis
1282 2866 1502 2921 petitioni
1537 2867 1885 2922 obtemperare

259 2940 414 2985 debeo
439 2956 500 2986 ac
524 2941 653 2986 volo.
681 2941 792 2986 Non
816 2942 991 2986 desunt
1021 2942 1066 2986 in
1101 2957 1160 2986 ea
1196 2943 1318 2987 vrbe
1343 2942 1422 2998 qui
1447 2943 1639 2999 collegii
1664 2941 1884 2988 Societa-

309 3109 316 3126 ¹
372 3107 416 3143 P.
440 3106 645 3143 Oliverius
664 3108 731 3143 Du
750 3107 913 3145 Hamel.
