2051 3516
612 296 931 333 59.—LAURET0
956 295 1003 332 29
1028 296 1099 332 MA
1105 306 1138 342 J1
1168 297 1256 332 1557
1629 298 1699 335 239

115 390 350 448 sionibUS,
376 391 547 435 tum-in
578 391 1005 437 exhortationibus
1039 391 1086 436 in
1120 390 1344 436 exercitu
1378 392 1629 447 gallorum
1664 395 1744 450 qui

114 467 208 512 hac
232 467 322 512 fuit
356 468 532 512 ductus
569 467 595 520 ¹,
639 468 776 524 isque
801 474 819 494 ³
843 467 1093 524 copiosior
1124 468 1170 512 in
1205 468 1617 514 nobilibus'uisus
1651 480 1741 516 est.

116 543 244 588 Nam
285 545 422 589 multi
461 545 628 601 gratia
667 545 914 590 salutandi
954 544 1221 602 Virginem
1255 545 1303 590 in
1342 546 1434 590 hoc
1474 556 1689 603 augusto
1726 548 1745 574 b

113 623 315 678 templo,
342 621 656 678 animumque
679 621 871 668 colendi
896 621 1171 667 Lauretum
1192 631 1450 668 uenerunt.
1473 623 1576 668 Nos
1595 624 1743 670 etiarn

112 697 391 749 adiuerunt.
419 697 645 743 Tandem
671 708 986 744 recesserunt
1005 698 1176 743 affecti
1195 714 1379 755 magna
1398 708 1501 744 tum
1520 701 1743 746 consola-

112 775 261 831 tione,
288 784 391 820 tum
411 775 714 821 institutione
733 785 937 833 propter
956 776 1261 831 singularem
1279 776 1576 822 charitatem
1596 793 1742 835 quam

111 868 236 908 erga
261 867 432 897 omnes
455 853 745 899 sacerdotes
770 853 925 898 nostri
945 854 1231 910 utebantur,
1254 862 1301 898 et
1320 863 1525 910 propter
1544 855 1744 911 spiritus

112 928 364 982 ardorem,
391 929 675 985 linguarum
702 930 1014 986 uarietatem,
1037 929 1212 985 quibus
1237 931 1393 975 nostri
1418 931 1641 988 apprime
1666 947 1742 976 or-

112 1005 213 1050 nati
238 1005 483 1051 uidentur.

167 1082 210 1128 3.
280 1082 419 1128 Multi
443 1083 666 1129 homines
690 1093 788 1129 tum
815 1083 1010 1141 eruditi,
1039 1094 1141 1129 tum
1166 1085 1329 1141 ignari
1364 1095 1412 1130 et
1453 1086 1600 1131 rudes
1626 1087 1742 1132 diui-

111 1174 172 1204 ne
198 1159 320 1216 legis
345 1160 408 1205 ab
439 1160 782 1216 oppinionibus
817 1170 865 1206 et
899 1161 1171 1218 erroribus,
1210 1162 1385 1218 quibus
1420 1163 1567 1208 ualde
1601 1173 1745 1209 erant

110 1235 297 1294 imbuti,
326 1252 481 1293 opera
505 1247 553 1282 et
579 1237 807 1283 benefitio
831 1247 1114 1283 nostrorum
1139 1248 1252 1284 sunt
1277 1240 1518 1285 reuocati.
1545 1240 1742 1287 Verum

110 1314 206 1358 hoc
229 1314 534 1370 potissimum
561 1314 796 1360 eflectum
822 1325 897 1361 est
921 1315 1034 1360 dum
1058 1316 1310 1361 exercitus
1333 1317 1642 1369 ductaretur,
1681 1334 1743 1363 ex

110 1406 207 1447 quo
251 1391 550 1448 praecipuus
594 1392 788 1437 fructus
822 1391 1093 1449 'profectus
1138 1403 1225 1439 est.
1284 1393 1480 1439 Futura
1532 1396 1741 1441 mutatio

44 1464 47 1465 ⁷
109 1483 283 1512 eorum
306 1469 447 1513 nobis
471 1469 731 1514 declarata
751 1478 825 1514 est
845 1485 906 1514 ex
927 1485 1049 1515 uera
1069 1471 1314 1516 scelerum
1334 1471 1663 1518 detestatione
1683 1488 1743 1518 ac

108 1560 293 1602 magno
320 1545 468 1590 animi
493 1546 681 1598 dolore,
708 1555 755 1591 et
780 1546 944 1592 multis
969 1547 1234 1604 gemitibus
1257 1557 1305 1593 et
1330 1549 1598 1605 lachrimis,
1635 1559 1740 1595 tum

108 1637 232 1666 uoce
257 1621 579 1678 penitentium
605 1622 684 1679 qui
710 1623 1071 1679 pollicebantur
1096 1624 1141 1669 in
1172 1634 1425 1680 posterum
1461 1641 1513 1670 se
1548 1627 1612 1671 ad
1645 1626 1739 1682 pri—

108 1699 286 1744 stinam
311 1699 507 1744 heresin
532 1715 629 1744 non
654 1700 902 1745 redituros
928 1715 1051 1746 esse.

165 1776 208 1821 4.
277 1775 423 1832 Quod
458 1776 520 1821 ad
555 1777 923 1822 confessionum
957 1777 1118 1822 forum
1154 1789 1364 1835 spectat,
1401 1780 1530 1824 haud
1570 1781 1740 1836 paucis

107 1853 426 1898 conscribere
450 1868 648 1910 possem
682 1854 849 1899 clades
884 1855 1150 1912 lapsusque
1185 1856 1463 1902 animarum
1500 1873 1626 1913 quae
1663 1858 1741 1902 diu

108 1930 272 1975 multis
296 1931 569 1976 sceleribus
592 1941 641 1976 et
664 1931 864 1987 flagitiis
889 1932 1240 1985 contaminate,
1263 1934 1460 1979 tandem
1484 1935 1526 1979 in
1548 1935 1641 1980 hoc
1665 1951 1739 1979 sa-

106 2007 194 2053 cro
217 2018 393 2053 sancto
419 2011 602 2065 templo
633 2010 846 2066 expiate,
884 2025 973 2055 suo
1009 2012 1357 2056 conseruatori
1393 2011 1594 2057 Christo
1630 2024 1740 2057 sunt

108 2086 446 2131 reconciliate.
478 2086 673 2132 Etenim
698 2088 834 2132 multi
862 2088 1079 2133 homines
1099 2089 1371 2134 extiterunt
1390 2091 1469 2146 qui
1489 2106 1738 2146 nunquam

107 2172 333 2208 sanctam
368 2163 631 2208 adiuerunt
664 2164 1042 2216 confessionem:
1080 2182 1329 2223 nunquam
1365 2168 1737 2224 praecationem

105 2240 210 2285 siue
244 2240 558 2296 dominicam,
596 2241 701 2285 siue
735 2243 1017 2298 angelicam
1054 2244 1517 2299 pronuntiauerant,
1556 2245 1737 2290 Deum-

107 2333 200 2373 que
226 2318 415 2374 precati
439 2318 654 2363 fuerant.
684 2318 798 2363 Plus
823 2319 1000 2375 dicam,
1025 2321 1241 2365 nonnulli
1267 2321 1543 2367 inciderunt
1567 2323 1609 2366 in
1638 2338 1736 2367 ma-

106 2410 198 2439 nus
221 2405 524 2449 nostrorum,
554 2395 634 2451 qui
658 2405 760 2440 tam
787 2412 962 2451 parum
987 2397 1078 2441 uiri
1104 2397 1358 2443 christiani
1395 2397 1674 2455 habereſtrit]
1701 2405 1735 2451 ε,

106 2483 156 2516 ut
180 2487 340 2529 neque
365 2483 541 2529 aperte
566 2489 724 2529 neque
749 2474 961 2518 obscure
987 2475 1171 2520 scirent
1203 2475 1309 2531 quis
1328 2476 1572 2521 extitisset
1597 2474 1736 2520 Chri-

108 2558 210 2594 stus
235 2549 493 2605 Dominus,
523 2550 753 2606 quidnam
779 2551 974 2607 signum
1000 2561 1170 2597 sancte
1196 2554 1358 2598 crucis
1383 2554 1470 2598 sibi
1492 2554 1656 2598 uellet:
1686 2564 1737 2599 ut

106 2626 232 2671 inter
259 2627 503 2671 barbaros
528 2636 576 2672 et
601 2637 792 2683 gentes,
822 2644 917 2672 non
942 2640 1106 2673 autem
1131 2629 1260 2675 inter
1284 2630 1581 2675 christianos
1606 2640 1653 2675 et
1686 2629 1736 2675 fi-

107 2704 242 2749 deles
267 2714 411 2748 natos
435 2714 483 2748 et
508 2703 748 2749 educatos
771 2720 880 2750 esse
900 2721 1151 2751 censeres.
1175 2706 1276 2751 Res
1296 2721 1414 2751 sane
1433 2706 1733 2763 miseranda,

105 2796 163 2826 ac
188 2781 315 2826 inter
338 2796 427 2825 nos
458 2781 756 2826 christianos
791 2782 987 2827 minime
1022 2783 1320 2828 tolleranda.
1358 2783 1551 2828 Horum
1584 2784 1737 2841 igitur

151 2914 168 2933 ³
223 2907 366 2954 hisque
386 2918 466 2944 ms.
521 2907 588 2934 —b
633 2914 849 2945 austoms.
906 2916 967 2936 —c
1012 2909 1400 2946 Abscz'ssaclmrta.

152 3039 162 3058 ¹
214 3037 430 3076 Gallorum
450 3041 652 3077 exercitus
675 3042 726 3077 ad
752 3041 974 3077 subsidium
1001 3041 1197 3088 pontificis
1229 3048 1399 3079 venerat
1430 3048 1569 3079 contra
1602 3044 1735 3091 copias

103 3097 306 3144 hispanas.
330 3097 393 3136 Cf.
415 3098 674 3142 SAccHINUM,
696 3100 811 3138 Hist.
836 3101 926 3138 Soc.
942 3101 1067 3148 sesa.
1090 3105 1191 3147 part.
1212 3101 1261 3147 II,
1283 3102 1351 3139 lib.
1373 3102 1402 3147 I,
1425 3115 1462 3139 n.
1483 3102 1542 3139 97.
