2051 3516
374 258 444 292 540
839 258 1054 294 LirrssRAE
1083 258 1174 302 QUVA
1183 268 1437 294 DRIMEs'rREs

326 351 389 396 D.
416 351 592 396 Petrus
619 351 820 396 Canalis
844 362 1099 398 strenuum
1125 351 1309 397 Christi
1335 353 1570 397 athletam
1597 369 1648 398 se
1667 354 1835 409 gessit.
1860 353 1948 400 Sa-

324 442 413 472 cra
438 429 713 472 communio
740 428 899 485 magis
924 430 1178 485 magisque
1203 438 1251 474 et
1274 429 1463 474 Biliomi
1496 439 1542 474 et
1576 430 1690 474 alibi
1724 430 1946 487 frequen-

324 513 475 549 tatur.
502 503 744 560 Supremo
769 504 844 549 die
868 505 1110 550 dominico
1135 521 1286 561 supra
1317 505 1552 550 ducentos
1577 506 1637 550 ad
1672 507 1830 551 altare
1865 523 1946 551 no-

324 590 480 626 strum
517 582 845 626 eucharistiae
875 583 1104 627 conuiuio
1135 582 1341 627 salutari
1367 583 1579 628 recreati
1605 583 1760 628 fuere.
1789 583 1946 627 Feriis

325 658 540 702 omnium
573 667 857 702 sanctorum
891 668 1037 715 atque
1072 658 1347 704 dominicae
1382 659 1654 704 natiuitatis
1689 659 1946 703 confertis-

324 735 449 780 sima
472 735 721 779 hominum
746 735 891 780 turba
925 735 1254 780 eucharistiae
1289 735 1590 780 ambrosiam
1623 735 1765 779 simul
1800 745 1945 791 atque

324 820 513 867 nectar,
554 821 605 856 vt
637 811 750 855 mihi
776 821 877 856 tum
901 812 1092 857 absenti
1118 810 1210 855 fide
1234 811 1444 856 fratrum
1470 812 1679 856 relatum
1703 822 1792 862 est.
1821 827 1944 856 sum-

323 888 431 944 psit.
460 887 582 944 Quis
606 888 823 933 laetitiae
848 889 1128 945 lachrymas
1153 888 1408 933 continere
1438 899 1600 945 queat,
1638 885 1830 944 quoties
1864 904 1945 932 nu-

323 980 573 1009 merosum
610 964 738 1008 illum
773 965 1097 1009 conuiuarum
1133 974 1327 1009 coetum
1367 965 1596 1009 coelestis
1635 980 1833 1009 mensae
1867 965 1946 1010 de·

323 1041 444 1086 liciis
468 1040 563 1085 frui
589 1041 845 1097 conspicit?
871 1040 1021 1086 Certe
1046 1040 1314 1085 funduntur
1344 1041 1646 1096 lachrymae,
1681 1050 1946 1097 erumpunt

322 1118 550 1174 suspiria,
588 1127 705 1162 vota
741 1133 1011 1174 precesque
1045 1117 1327 1162 offeruntur
1361 1133 1389 1161 a
1420 1117 1508 1173 piis
1532 1117 1577 1162 in
1602 1117 1695 1162 hoc
1718 1117 1946 1162 conuiuio

322 1209 434 1239 cum
459 1194 621 1239 humili
649 1194 929 1239 reuerentia
955 1210 1012 1238 ac
1038 1193 1168 1238 filiali
1194 1194 1337 1250 plane
1362 1194 1553 1238 timore.

380 1270 422 1316 6.
487 1270 599 1330 Jam
619 1270 817 1314 scholae
838 1283 1055 1317 nostrae.
1084 1270 1196 1325 quin
1216 1270 1375 1325 potius
1395 1270 1683 1315 academiae
1703 1269 1941 1314 florentis·

321 1348 500 1404 simae,
537 1347 758 1391 ordinem
793 1356 940 1404 atque
966 1346 1254 1391 exercitium
1279 1346 1634 1402 describamus,
1662 1361 1787 1402 quae
1813 1361 1942 1390 nouo

323 1423 539 1480 quotidie
578 1422 803 1478 augescit
842 1423 1167 1478 incremento,
1211 1439 1321 1467 cum
1360 1422 1574 1467 maximo
1615 1423 1942 1467 studiosorum

322 1499 565 1556 profectu.
595 1498 695 1544 Sex
720 1499 1029 1555 professores
1048 1499 1241 1543 classici
1267 1500 1418 1555 probe
1443 1514 1531 1543 suo
1550 1498 1822 1556 funguntur
1845 1515 1943 1544 mu-

319 1593 440 1622 nere
464 1577 510 1621 in
535 1576 801 1621 erudienda
825 1574 1081 1632 juuentute
1107 1585 1207 1620 tum
1234 1576 1278 1620 in
1312 1576 1529 1621 moribus
1558 1586 1658 1621 tum
1693 1575 1737 1620 in
1773 1575 1942 1632 literis,
2008 1637 2011 1641 .

321 1654 464 1709 idque
499 1652 743 1698 indefesso
778 1669 983 1708 prorsus
1018 1654 1206 1697 labore.
1244 1653 1354 1708 Ego
1391 1669 1509 1697 vero
1546 1653 1943 1709 prouectioribus

321 1730 611 1786 psalterium
632 1730 907 1774 dauidicum
934 1746 1115 1774 enarro
1141 1730 1312 1774 diebus
1336 1729 1573 1785 profanis.
1602 1729 1741 1775 Ordo
1773 1730 1810 1774 is
1845 1745 1944 1774 ser-

320 1818 466 1851 uatur
501 1807 581 1863 qui
615 1806 818 1862 imperio
844 1807 1110 1863 praepositi
1135 1807 1389 1862 Baptistae
1413 1807 1706 1852 constitutus
1731 1817 1819 1863 est,
1843 1816 1943 1852 tum

321 1884 366 1928 in
406 1884 797 1939 praelectionum
832 1883 1097 1937 functione,
1141 1895 1241 1928 tum
1281 1884 1324 1929 in
1367 1899 1556 1929 morum
1598 1885 1942 1940 castigatione.

319 1960 509 2005 Diebus
533 1961 736 2016 singulis
761 1976 959 2005 sacrum
990 1960 1202 2015 auditur,
1238 1961 1483 2006 mensibus
1518 1961 1721 2017 singulis
1756 1961 1943 2006 confes-

319 2038 468 2082 sionis
502 2048 869 2082 sacramentum
905 2053 933 2081 a
967 2037 1213 2093 discipulis
1249 2037 1429 2082 nostris
1463 2037 1823 2094 frequentatur.
1857 2038 1943 2082 Mi-

321 2115 546 2159 raculum
572 2124 644 2159 est
663 2115 953 2169 stupendum
979 2115 1162 2159 exteris
1192 2115 1519 2159 millenarium
1551 2130 1703 2171 prope
1738 2115 1942 2171 discipu-

320 2192 480 2235 lorum
505 2206 765 2236 numerum
791 2191 1172 2247 circumquaque
1198 2192 1343 2236 altari
1369 2192 1697 2236 imminentem
1716 2207 1938 2236 cernere.

319 2268 539 2313 Decreto
583 2284 777 2324 quoque
821 2268 1061 2313 sancitum
1109 2278 1202 2316 est.
1257 2281 1305 2312 vt
1360 2269 1573 2313 vniuersi
1624 2269 1943 2314 concionibus

317 2345 545 2389 intersint
575 2345 704 2389 haud
734 2345 1003 2389 oscitanter
1036 2360 1124 2389 nec
1159 2346 1506 2390 somnolenter.
1547 2344 1808 2390 Correctio
1844 2360 1941 2390 mo-

319 2437 427 2465 rum
463 2422 761 2466 obseruatur
787 2437 932 2477 quam
958 2421 1339 2477 religiosissime.
1369 2422 1621 2466 Exercitia
1645 2422 1942 2466 scholastica

318 2514 378 2542 ac
391 2498 764 2543 dissertationes
780 2498 1004 2553 publicae
1021 2509 1168 2553 atque
1185 2498 1408 2554 priuatae
1424 2498 1621 2544 habitae
1638 2509 1747 2543 sunt
1763 2499 1950 2552 haben:

318 2584 495 2631 turque
520 2574 660 2619 statis
686 2574 870 2630 diebus,
894 2574 1126 2631 primario
1153 2574 1437 2629 professore
1462 2574 1706 2631 praeside.
1733 2574 1941 2619 Decimo

317 2651 525 2706 septimo
551 2651 764 2707 Augusti
790 2651 835 2695 in
860 2652 974 2695 aula
999 2651 1349 2696 canonicorum
1373 2651 1572 2696 habitae
1597 2662 1706 2695 sunt
1727 2651 1937 2707 disputa-

320 2727 476 2772 tiones
495 2729 722 2772 solennes
742 2728 1068 2784 theologicae,
1093 2728 1413 2783 depromptae
1433 2743 1496 2772 ex
1509 2715 1941 2772 obseruationibus

317 2804 363 2848 in
388 2804 700 2860 euangelium
720 2804 867 2860 (quod
890 2805 953 2849 ad
977 2805 1216 2849 decimum
1239 2819 1392 2860 vsque
1411 2814 1560 2860 caput
1584 2814 1684 2848 tum
1704 2803 1940 2860 temporis

320 2890 612 2936 prosecutus
647 2881 801 2937 eram)
837 2881 898 2925 D.
935 2881 1103 2925 Lucae
1137 2880 1400 2929 adnotatis,
1438 2881 1635 2925 habitae
1669 2890 1779 2925 sunt
1815 2880 1851 2935 ἃ,
1879 2880 1941 2924 ad

364 3045 383 3063 ²¹
436 3046 504 3081 Sic
524 3057 618 3084 ms..
643 3047 766 3082 nulla
789 3057 832 3082 re
850 3046 1002 3082 deleta.
