2051 3516
526 284 901 321 IDO.—Fi-oi<13x’r1.x
931 284 978 320 ‘lo
1009 285 1171 320 MAR‘ru
1203 286 1292 320 1558
1607 284 1677 320 587

94 379 267 424 tisimis
290 379 446 435 epulis
479 389 527 424 et
561 379 840 435 sybariticis
865 379 1058 435 delitiis,
1087 379 1260 435 quibus
1294 379 1375 424 alii
1410 395 1468 424 eo
1499 388 1724 435 tempore

92 456 208 501 dant
242 471 463 512 operam,
502 456 649 512 longe
683 456 1079 512 anteponendam
1114 456 1483 502 existimabant.
1524 455 1612 501 Est
1646 457 1724 502 hic

90 541 358 589 praeterea
392 532 589 589 quidam
624 533 929 590 paralyticus
955 532 1052 589 qui,
1080 548 1236 577 annos
1261 533 1356 578 iam
1380 533 1589 589 amplius
1613 548 1720 578 sex-

90 608 244 654 decim
270 624 329 653 eo
355 602 529 654 morbo
554 609 798 665 detentus,
822 610 950 654 intra
975 609 1273 654 domesticos
1292 626 1344 655 se
1365 610 1582 666 parietes
1607 625 1721 655 con-

89 685 225 731 tinet.
253 684 347 730 Cui
371 695 562 731 tantum
589 686 629 730 is
654 687 855 731 morbus
880 686 1034 731 affert
1058 686 1299 741 dolorem,
1323 697 1374 731 ut
1399 687 1482 731 uix
1507 703 1721 743 unquam

89 778 119 807 a
162 762 347 818 gemitu
389 778 441 808 se
481 763 634 819 possit
679 764 950 808 continere.
994 763 1073 807 Ad
1113 779 1225 808 eum
1265 765 1391 809 solet
1432 773 1720 809 nostrorum

89 838 255 885 Prum.
278 839 455 895 aliquis
478 839 682 896 singulis
707 840 956 885 mensibus
980 840 1241 885 accedere:
1269 850 1317 885 et
1340 851 1451 896 post
1474 840 1723 885 solemnes

89 916 269 961 missae
303 917 615 962 ceremonias
649 927 1028 963 sacrosanctum
1052 917 1166 973 Xpi.
1194 932 1375 973 corpus
1400 918 1464 962 illi
1495 918 1720 974 suppedi-

87 1004 213 1038 tare.
242 993 356 1050 Qua
380 1009 442 1038 ex
468 1010 521 1039 re
545 1004 736 1039 tantam
764 994 1069 1050 illesuscipit
1108 994 1520 1044 consolationem,
1549 1005 1600 1040 ut
1625 1011 1721 1040 non

88 1071 232 1115 modo
266 1071 482 1127 gemitus
517 1071 616 1128 (qui
647 1082 758 1116 sunt
793 1071 857 1116 illi
892 1071 1283 1127 familiarissimi)
1316 1071 1440 1116 ullos
1465 1087 1559 1116 non
1586 1072 1720 1128 edat,

86 1163 261 1192 uerum
298 1148 446 1193 etiam
481 1148 571 1193 sibi
606 1148 734 1194 inter
769 1150 1065 1206 angelorum
1089 1148 1269 1193 choros
1300 1149 1497 1193 uersari
1532 1149 1720 1194 tamdiu

88 1224 332 1279 uideatur,
371 1225 603 1281 quamdiu
638 1241 667 1270 a
702 1235 874 1270 nostro
907 1226 987 1270 illo
1025 1227 1134 1270 Pre.
1175 1241 1374 1270 sacrum
1410 1226 1713 1271 celebratur:

85 1317 335 1357 nunquam
361 1303 489 1347 enim
515 1313 663 1347 antea
689 1318 740 1348 se
767 1319 870 1347 rem
895 1303 1111 1347 diuinam
1136 1318 1224 1358 per
1244 1318 1400 1348 annos
1418 1302 1526 1347 fere
1546 1303 1719 1348 decem

85 1378 335 1423 audiuisse
355 1388 584 1424 testatur.

148 1454 214 1500 13.
283 1454 493 1500 Fratres
522 1457 679 1501 nostri
715 1472 887 1501 omnes
922 1457 1012 1501 sub
1047 1455 1235 1501 initium
1271 1455 1412 1501 huius
1447 1457 1577 1506 anni,
1612 1457 1717 1513 ipso

83 1532 158 1576 die
184 1532 578 1578 circumcisionis
603 1534 818 1589 Domini,
847 1543 964 1578 uota
989 1549 1079 1578 sua
1105 1533 1322 1578 maxima
1348 1549 1457 1578 cum
1482 1534 1712 1578 alacrita-

83 1618 129 1654 te
154 1620 202 1654 et
225 1609 429 1655 feruore
453 1620 764 1656 renouarunt
800 1611 843 1655 in
879 1612 1061 1667 templo
1096 1620 1268 1655 nostro
1303 1626 1476 1655 coram
1503 1611 1718 1655 Domino

84 1685 259 1743 IESV,
288 1703 432 1744 quem
457 1688 623 1732 statim
651 1698 702 1733 ut
728 1698 959 1733 uotorum
993 1687 1260 1733 formulam
1297 1689 1355 1733 de
1390 1698 1594 1733 nostrae
1630 1687 1717 1733 So-

84 1763 283 1809 cietatis
303 1780 441 1810 more
461 1766 869 1821 pronunciarunt,
893 1782 956 1811 ex
974 1765 1084 1810 Rdi.
1109 1765 1233 1810 Pris.
1259 1765 1470 1810 rectoris
1490 1767 1720 1811 manibus

81 1852 420 1899 susceperunt.
462 1842 685 1900 Cumque
720 1854 884 1888 essent
918 1843 1153 1888 admoniti
1189 1853 1239 1888 ut
1278 1843 1505 1899 quicquid
1540 1853 1718 1889 contra

82 1929 284 1965 nostrae
308 1919 575 1966 Societatis
611 1922 813 1977 regulas
848 1932 995 1978 atque
1031 1922 1253 1967 instituta
1289 1936 1348 1966 eo
1383 1936 1513 1966 anno
1544 1936 1716 1977 perpe-

63 2007 315 2055 trassent,
354 2014 525 2043 coram
561 1999 785 2044 omnibus
822 1998 1061 2044 fratribus
1096 1999 1427 2056 Patribusque
1462 1999 1507 2043 in
1544 2008 1716 2043 nostro

79 2076 354 2120 coenaculo
389 2077 658 2132 aperirent;
697 2089 796 2121 tum
837 2077 984 2122 etiam
1026 2077 1209 2133 aliquid
1249 2077 1341 2122 sibi
1380 2076 1716 2132 poenitentiae

81 2151 151 2208 (ut
175 2162 380 2197 nostrae
415 2155 623 2210 regulae
659 2154 928 2210 postulant)
955 2171 1044 2211 pro
1069 2154 1259 2199 delictis
1285 2153 1471 2209 iniungi
1497 2155 1714 2210 postula-

81 2239 205 2273 rent:
233 2238 335 2274 tam
360 2230 600 2276 alacriter
632 2240 746 2276 sunt
779 2232 1010 2287 aggressi
1043 2240 1109 2288 ut,
1138 2231 1227 2276 nisi
1252 2230 1405 2276 Rdus.
1434 2230 1516 2275 Pr.
1545 2240 1716 2275 rector

78 2306 426 2362 prohibuisset,
455 2308 533 2352 uel
573 2308 936 2353 secretissimas
972 2324 1195 2365 quasque
1229 2308 1377 2353 animi
1412 2308 1485 2352 sui
1521 2307 1711 2363 cogita-

78 2383 235 2428 tiones
271 2385 467 2440 aperire
502 2395 771 2431 tentarent.
799 2386 918 2431 Post
952 2401 1161 2431 coenam
1197 2402 1336 2441 uero,
1364 2402 1459 2430 non
1495 2395 1596 2430 tam
1631 2401 1714 2430 ex-

78 2460 266 2516 quisitis
301 2461 456 2517 epulis
491 2478 638 2519 quam
673 2463 977 2519 spiritalibus
1011 2463 1207 2519 gaudiis
1242 2463 1517 2519 opiparam,
1555 2461 1710 2507 Rdus.

78 2537 158 2582 Pr.
187 2547 355 2584 rector
379 2539 596 2584 omnium
621 2539 868 2585 desideria
891 2541 1039 2597 (quae
1073 2541 1274 2596 scriptis
1308 2539 1555 2585 schedulis
1586 2538 1712 2596 quis-

78 2629 171 2670 que
210 2615 569 2672 insinuauerat)
604 2618 769 2672 palam
802 2618 1031 2674 perlegit.
1069 2617 1215 2674 Quod
1251 2628 1440 2662 tantam
1480 2616 1712 2672 profecto

76 2692 217 2737 nobis
242 2693 466 2739 omnibus
506 2694 669 2739 attulit
708 2695 1042 2751 alacritatem,
1071 2705 1123 2740 ut
1147 2695 1254 2740 iure
1293 2695 1478 2751 optimo
1517 2693 1712 2739 diceres

75 2785 164 2814 nos
188 2770 397 2816 nominis
431 2768 602 2828 JESV
627 2772 970 2817 celebritatem
991 2772 1138 2829 (quae
1163 2771 1303 2817 nobis
1328 2781 1402 2816 est
1426 2771 1711 2829 peculiaris)

77 2848 318 2892 recolere.
346 2847 470 2893 Illud
494 2849 643 2893 etiam
667 2848 881 2894 fratrum
913 2859 1201 2894 nostrorum
1236 2848 1489 2894 feruorem
1516 2865 1575 2894 ac
1599 2864 1710 2905 pro-

76 2923 268 2970 ficiendi
308 2925 607 2971 desiderium
642 2926 789 2971 facile
824 2927 1149 2981 demonstrat,
1187 2927 1316 2982 quod
1351 2942 1463 2972 cum
1496 2928 1588 2972 sub
1622 2927 1706 2971 ini-

75 3001 195 3046 tium
219 3002 362 3046 huius
386 3003 806 3059 quadragesimae
832 3004 969 3048 PreS.
997 3004 1155 3048 nostri
1180 3004 1521 3060 instituissent,
1544 3016 1594 3050 ut
1615 3004 1709 3049 sin-

75 3078 204 3134 gulis
229 3079 400 3124 diebus
428 3080 620 3125 veneris
645 3080 743 3125 bini
767 3081 957 3137 seipsos
991 3080 1200 3137 flagellis
1235 3081 1281 3126 in
1316 3082 1500 3138 templo
1535 3083 1708 3128 caede-
