<?xml version="1.0" encoding="UTF-8"?>
<!DOCTYPE html PUBLIC "-//W3C//DTD XHTML 1.0 Transitional//EN"
    "http://www.w3.org/TR/xhtml1/DTD/xhtml1-transitional.dtd">
<html xmlns="http://www.w3.org/1999/xhtml" xml:lang="en" lang="en">
 <head>
  <title>
</title>
<meta http-equiv="Content-Type" content="text/html;charset=utf-8" />
  <meta name='ocr-system' content='tesseract 3.04.00' />
  <meta name='ocr-capabilities' content='ocr_page ocr_carea ocr_par ocr_line ocrx_word'/>
</head>
<body>
  <div class='ocr_page' id='page_1' title='image "./litteraequadrime17lain_0818.png"; bbox 0 0 2051 3516; ppageno 0'>
   <div class='ocr_carea' id='block_1_1' title="bbox 313 263 1382 308">
    <p class='ocr_par' dir='ltr' id='par_1_1' title="bbox 313 263 1382 308">
     <span class='ocr_line' id='line_1_1' title="bbox 313 263 1382 308; baseline -0.001 -7"><span class='ocrx_word' id='word_1_1' title='bbox 313 265 383 301; x_wconf 50' lang='lat'>7⁸2</span> <span class='ocrx_word' id='word_1_2' title='bbox 782 264 998 299; x_wconf 70' lang='lat' dir='ltr'>LITTERAE</span> <span class='ocrx_word' id='word_1_3' title='bbox 1026 263 1382 308; x_wconf 60' lang='lat' dir='ltr'>QUAoRmffiffl-Rsss</span> 
     </span>
    </p>
   </div>
   <div class='ocr_carea' id='block_1_2' title="bbox 264 358 1895 2696">
    <p class='ocr_par' dir='ltr' id='par_1_2' title="bbox 264 358 1895 1098">
     <span class='ocr_line' id='line_1_2' title="bbox 267 358 1891 416; baseline 0.002 -12"><span class='ocrx_word' id='word_1_4' title='bbox 267 362 329 405; x_wconf 88' lang='lat' dir='ltr'>ab</span> <span class='ocrx_word' id='word_1_5' title='bbox 373 358 478 403; x_wconf 89' lang='lat' dir='ltr'>aliis</span> <span class='ocrx_word' id='word_1_6' title='bbox 523 368 757 414; x_wconf 89' lang='lat' dir='ltr'>quantum</span> <span class='ocrx_word' id='word_1_7' title='bbox 797 358 907 403; x_wconf 89' lang='lat' dir='ltr'>fieri</span> <span class='ocrx_word' id='word_1_8' title='bbox 948 359 1100 414; x_wconf 87' lang='lat' dir='ltr'>potuit</span> <span class='ocrx_word' id='word_1_9' title='bbox 1139 374 1227 414; x_wconf 91' lang='lat' dir='ltr'>per</span> <span class='ocrx_word' id='word_1_10' title='bbox 1265 359 1602 416; x_wconf 79' lang='lat' dir='ltr'><strong>interpretem.</strong></span> <span class='ocrx_word' id='word_1_11' title='bbox 1645 359 1807 407; x_wconf 86' lang='lat' dir='ltr'>Grato</span> <span class='ocrx_word' id='word_1_12' title='bbox 1846 363 1891 407; x_wconf 84' lang='lat' dir='ltr'>id</span> 
     </span>
     <span class='ocr_line' id='line_1_3' title="bbox 266 434 1895 494; baseline 0.001 -14"><span class='ocrx_word' id='word_1_13' title='bbox 266 436 389 480; x_wconf 84' lang='lat' dir='ltr'>adeo</span> <span class='ocrx_word' id='word_1_14' title='bbox 414 443 487 479; x_wconf 92' lang='lat' dir='ltr'>est</span> <span class='ocrx_word' id='word_1_15' title='bbox 511 443 767 490; x_wconf 87' lang='lat' dir='ltr'>acceptum</span> <span class='ocrx_word' id='word_1_16' title='bbox 798 434 962 480; x_wconf 89' lang='lat' dir='ltr'>animo</span> <span class='ocrx_word' id='word_1_17' title='bbox 987 450 1016 479; x_wconf 90' lang='lat' dir='ltr'>a</span> <span class='ocrx_word' id='word_1_18' title='bbox 1047 435 1301 480; x_wconf 86' lang='lat' dir='ltr'>rusticana</span> <span class='ocrx_word' id='word_1_19' title='bbox 1325 445 1373 481; x_wconf 91' lang='lat' dir='ltr'>et</span> <span class='ocrx_word' id='word_1_20' title='bbox 1396 436 1600 492; x_wconf 80' lang='lat' dir='ltr'>simplici</span> <span class='ocrx_word' id='word_1_21' title='bbox 1625 436 1707 482; x_wconf 90' lang='lat' dir='ltr'>illa</span> <span class='ocrx_word' id='word_1_22' title='bbox 1725 448 1895 494; x_wconf 74' lang='lat' dir='ltr'>gente,</span> 
     </span>
     <span class='ocr_line' id='line_1_4' title="bbox 268 510 1890 570; baseline 0.002 -15"><span class='ocrx_word' id='word_1_23' title='bbox 268 520 317 555; x_wconf 87' lang='lat' dir='ltr'>ut</span> <span class='ocrx_word' id='word_1_24' title='bbox 340 526 463 566; x_wconf 90' lang='lat' dir='ltr'>pene</span> <span class='ocrx_word' id='word_1_25' title='bbox 494 525 736 567; x_wconf 78' lang='lat' dir='ltr'><strong>nusquam</strong></span> <span class='ocrx_word' id='word_1_26' title='bbox 760 511 822 555; x_wconf 90' lang='lat' dir='ltr'>ad</span> <span class='ocrx_word' id='word_1_27' title='bbox 844 510 1030 556; x_wconf 91' lang='lat' dir='ltr'>iudices</span> <span class='ocrx_word' id='word_1_28' title='bbox 1064 526 1310 567; x_wconf 81' lang='lat' dir='ltr'>pagorum</span> <span class='ocrx_word' id='word_1_29' title='bbox 1340 511 1491 557; x_wconf 85' lang='lat' dir='ltr'>fuerit</span> <span class='ocrx_word' id='word_1_30' title='bbox 1527 521 1741 570; x_wconf 87' lang='lat' dir='ltr'>uentum,</span> <span class='ocrx_word' id='word_1_31' title='bbox 1779 514 1890 569; x_wconf 86' lang='lat' dir='ltr'>quin</span> 
     </span>
     <span class='ocr_line' id='line_1_5' title="bbox 266 585 1895 645; baseline 0.002 -15"><span class='ocrx_word' id='word_1_32' title='bbox 266 585 560 631; x_wconf 76' lang='lat' dir='ltr'>amicissime</span> <span class='ocrx_word' id='word_1_33' title='bbox 583 585 646 630; x_wconf 92' lang='lat' dir='ltr'>ad</span> <span class='ocrx_word' id='word_1_34' title='bbox 670 601 867 631; x_wconf 92' lang='lat' dir='ltr'>mensas</span> <span class='ocrx_word' id='word_1_35' title='bbox 891 586 1176 644; x_wconf 90' lang='lat' dir='ltr'>inuitarent,</span> <span class='ocrx_word' id='word_1_36' title='bbox 1213 586 1388 632; x_wconf 81' lang='lat' dir='ltr'><strong>dantes</strong></span> <span class='ocrx_word' id='word_1_37' title='bbox 1423 587 1617 633; x_wconf 87' lang='lat' dir='ltr'>interim</span> <span class='ocrx_word' id='word_1_38' title='bbox 1652 588 1895 645; x_wconf 81' lang='lat' dir='ltr'>quaedam</span> 
     </span>
     <span class='ocr_line' id='line_1_6' title="bbox 264 662 1892 719; baseline 0.002 -13"><span class='ocrx_word' id='word_1_39' title='bbox 264 678 360 707; x_wconf 93' lang='lat' dir='ltr'>non</span> <span class='ocrx_word' id='word_1_40' title='bbox 385 663 581 707; x_wconf 90' lang='lat' dir='ltr'>occulta</span> <span class='ocrx_word' id='word_1_41' title='bbox 604 662 765 719; x_wconf 87' lang='lat' dir='ltr'>signa,</span> <span class='ocrx_word' id='word_1_42' title='bbox 792 678 938 719; x_wconf 90' lang='lat' dir='ltr'>quam</span> <span class='ocrx_word' id='word_1_43' title='bbox 974 679 1069 708; x_wconf 92' lang='lat' dir='ltr'>non</span> <span class='ocrx_word' id='word_1_44' title='bbox 1105 663 1373 708; x_wconf 74' lang='lat' dir='ltr'>difficulter</span> <span class='ocrx_word' id='word_1_45' title='bbox 1405 664 1468 709; x_wconf 91' lang='lat' dir='ltr'>ad</span> <span class='ocrx_word' id='word_1_46' title='bbox 1503 665 1727 710; x_wconf 88' lang='lat' dir='ltr'>ueritatis</span> <span class='ocrx_word' id='word_1_47' title='bbox 1760 665 1892 710; x_wconf 91' lang='lat' dir='ltr'>uiam</span> 
     </span>
     <span class='ocr_line' id='line_1_7' title="bbox 265 737 1893 795; baseline 0.001 -13"><span class='ocrx_word' id='word_1_48' title='bbox 265 737 433 783; x_wconf 82' lang='lat' dir='ltr'>reduci</span> <span class='ocrx_word' id='word_1_49' title='bbox 456 749 672 795; x_wconf 84' lang='lat' dir='ltr'>possent,</span> <span class='ocrx_word' id='word_1_50' title='bbox 699 738 935 795; x_wconf 87' lang='lat' dir='ltr'>siquidem</span> <span class='ocrx_word' id='word_1_51' title='bbox 960 738 1121 784; x_wconf 84' lang='lat' dir='ltr'>adsint</span> <span class='ocrx_word' id='word_1_52' title='bbox 1144 754 1174 784; x_wconf 91' lang='lat' dir='ltr'>a</span> <span class='ocrx_word' id='word_1_53' title='bbox 1207 739 1384 795; x_wconf 90' lang='lat' dir='ltr'>quibus</span> <span class='ocrx_word' id='word_1_54' title='bbox 1413 739 1624 785; x_wconf 88' lang='lat' dir='ltr'>fideliter</span> <span class='ocrx_word' id='word_1_55' title='bbox 1646 740 1893 786; x_wconf 91' lang='lat' dir='ltr'>iuuentur.</span> 
     </span>
     <span class='ocr_line' id='line_1_8' title="bbox 265 814 1893 873; baseline 0.002 -15"><span class='ocrx_word' id='word_1_56' title='bbox 265 814 369 859; x_wconf 91' lang='lat' dir='ltr'>Nec</span> <span class='ocrx_word' id='word_1_57' title='bbox 392 814 544 859; x_wconf 86' lang='lat' dir='ltr'>inuite</span> <span class='ocrx_word' id='word_1_58' title='bbox 566 829 654 859; x_wconf 90' lang='lat' dir='ltr'>nos</span> <span class='ocrx_word' id='word_1_59' title='bbox 679 815 874 860; x_wconf 91' lang='lat' dir='ltr'>audiret</span> <span class='ocrx_word' id='word_1_60' title='bbox 898 815 1173 860; x_wconf 90' lang='lat' dir='ltr'>huiusmodi</span> <span class='ocrx_word' id='word_1_61' title='bbox 1197 817 1420 873; x_wconf 85' lang='lat' dir='ltr'>populus,</span> <span class='ocrx_word' id='word_1_62' title='bbox 1459 816 1538 873; x_wconf 91' lang='lat' dir='ltr'>qui</span> <span class='ocrx_word' id='word_1_63' title='bbox 1575 832 1670 862; x_wconf 92' lang='lat' dir='ltr'>non</span> <span class='ocrx_word' id='word_1_64' title='bbox 1705 826 1893 863; x_wconf 91' lang='lat' dir='ltr'>tantam</span> 
     </span>
     <span class='ocr_line' id='line_1_9' title="bbox 267 889 1891 950; baseline 0.002 -15"><span class='ocrx_word' id='word_1_65' title='bbox 267 906 388 946; x_wconf 87' lang='lat' dir='ltr'>prae</span> <span class='ocrx_word' id='word_1_66' title='bbox 412 905 464 935; x_wconf 91' lang='lat' dir='ltr'>se</span> <span class='ocrx_word' id='word_1_67' title='bbox 487 889 585 936; x_wconf 86' lang='lat' dir='ltr'>fert</span> <span class='ocrx_word' id='word_1_68' title='bbox 609 891 1004 947; x_wconf 87' lang='lat' dir='ltr'>obstinationem,</span> <span class='ocrx_word' id='word_1_69' title='bbox 1043 891 1133 936; x_wconf 90' lang='lat' dir='ltr'>nisi</span> <span class='ocrx_word' id='word_1_70' title='bbox 1167 892 1510 948; x_wconf 88' lang='lat' dir='ltr'>operariorum</span> <span class='ocrx_word' id='word_1_71' title='bbox 1545 893 1623 938; x_wconf 91' lang='lat' dir='ltr'>uel</span> <span class='ocrx_word' id='word_1_72' title='bbox 1658 892 1891 950; x_wconf 90' lang='lat' dir='ltr'>interpre-</span> 
     </span>
     <span class='ocr_line' id='line_1_10' title="bbox 269 967 1891 1024; baseline 0.002 -13"><span class='ocrx_word' id='word_1_73' title='bbox 269 979 369 1011; x_wconf 83' lang='lat' dir='ltr'>tum</span> <span class='ocrx_word' id='word_1_74' title='bbox 403 967 625 1023; x_wconf 86' lang='lat' dir='ltr'>penuria,</span> <span class='ocrx_word' id='word_1_75' title='bbox 657 967 750 1013; x_wconf 92' lang='lat' dir='ltr'>hoc</span> <span class='ocrx_word' id='word_1_76' title='bbox 773 967 969 1024; x_wconf 90' lang='lat' dir='ltr'>pietatis</span> <span class='ocrx_word' id='word_1_77' title='bbox 992 983 1149 1024; x_wconf 86' lang='lat' dir='ltr'>genus</span> <span class='ocrx_word' id='word_1_78' title='bbox 1173 983 1261 1013; x_wconf 92' lang='lat' dir='ltr'>nos</span> <span class='ocrx_word' id='word_1_79' title='bbox 1286 968 1383 1013; x_wconf 90' lang='lat' dir='ltr'>iam</span> <span class='ocrx_word' id='word_1_80' title='bbox 1409 968 1737 1014; x_wconf 89' lang='lat' dir='ltr'>intermittere</span> <span class='ocrx_word' id='word_1_81' title='bbox 1761 984 1891 1015; x_wconf 90' lang='lat' dir='ltr'>com-</span> 
     </span>
     <span class='ocr_line' id='line_1_11' title="bbox 269 1043 486 1098; baseline -0.005 -10"><span class='ocrx_word' id='word_1_82' title='bbox 269 1043 486 1098; x_wconf 88' lang='lat' dir='ltr'>pulisset.</span> 
     </span>
    </p>

    <p class='ocr_par' dir='ltr' id='par_1_3' title="bbox 264 1118 1894 1866">
     <span class='ocr_line' id='line_1_12' title="bbox 326 1118 1890 1178; baseline 0.001 -14"><span class='ocrx_word' id='word_1_83' title='bbox 326 1118 366 1164; x_wconf 82' lang='lat'>2.</span> <span class='ocrx_word' id='word_1_84' title='bbox 433 1119 586 1164; x_wconf 90' lang='lat' dir='ltr'>Pater</span> <span class='ocrx_word' id='word_1_85' title='bbox 608 1120 775 1165; x_wconf 92' lang='lat' dir='ltr'>Lucas</span> <span class='ocrx_word' id='word_1_86' title='bbox 800 1120 880 1176; x_wconf 91' lang='lat' dir='ltr'>qui</span> <span class='ocrx_word' id='word_1_87' title='bbox 915 1121 961 1165; x_wconf 91' lang='lat' dir='ltr'>in</span> <span class='ocrx_word' id='word_1_88' title='bbox 996 1119 1157 1177; x_wconf 88' lang='lat' dir='ltr'>Oybin</span> <span class='ocrx_word' id='word_1_89' title='bbox 1193 1121 1297 1178; x_wconf 87' lang='lat' dir='ltr'>agit</span> <span class='ocrx_word' id='word_1_90' title='bbox 1337 1123 1369 1177; x_wconf 85' lang='lat'>¹,</span> <span class='ocrx_word' id='word_1_91' title='bbox 1407 1121 1600 1177; x_wconf 85' lang='lat' dir='ltr'>magnis</span> <span class='ocrx_word' id='word_1_92' title='bbox 1634 1121 1890 1167; x_wconf 89' lang='lat' dir='ltr'>desideriis</span> 
     </span>
     <span class='ocr_line' id='line_1_13' title="bbox 268 1195 1887 1256; baseline 0.002 -16"><span class='ocrx_word' id='word_1_93' title='bbox 268 1195 413 1240; x_wconf 90' lang='lat' dir='ltr'>uicini</span> <span class='ocrx_word' id='word_1_94' title='bbox 438 1195 569 1252; x_wconf 85' lang='lat' dir='ltr'>pagi,</span> <span class='ocrx_word' id='word_1_95' title='bbox 593 1196 655 1241; x_wconf 92' lang='lat' dir='ltr'>ad</span> <span class='ocrx_word' id='word_1_96' title='bbox 679 1197 967 1252; x_wconf 89' lang='lat' dir='ltr'>parochiam</span> <span class='ocrx_word' id='word_1_97' title='bbox 991 1213 1080 1243; x_wconf 89' lang='lat' dir='ltr'>suo</span> <span class='ocrx_word' id='word_1_98' title='bbox 1105 1207 1308 1254; x_wconf 91' lang='lat' dir='ltr'>pastore</span> <span class='ocrx_word' id='word_1_99' title='bbox 1327 1197 1595 1254; x_wconf 86' lang='lat' dir='ltr'>desertam,</span> <span class='ocrx_word' id='word_1_100' title='bbox 1623 1198 1887 1256; x_wconf 81' lang='lat' dir='ltr'>expetitu1·;</span> 
     </span>
     <span class='ocr_line' id='line_1_14' title="bbox 268 1273 1889 1331; baseline 0.002 -14"><span class='ocrx_word' id='word_1_101' title='bbox 268 1287 395 1329; x_wconf 85' lang='lat' dir='ltr'>quae</span> <span class='ocrx_word' id='word_1_102' title='bbox 419 1287 558 1330; x_wconf 87' lang='lat' dir='ltr'>cura,</span> <span class='ocrx_word' id='word_1_103' title='bbox 585 1273 696 1319; x_wconf 89' lang='lat' dir='ltr'>licet</span> <span class='ocrx_word' id='word_1_104' title='bbox 732 1274 894 1319; x_wconf 88' lang='lat' dir='ltr'>aliena</span> <span class='ocrx_word' id='word_1_105' title='bbox 927 1274 989 1319; x_wconf 89' lang='lat' dir='ltr'>sit</span> <span class='ocrx_word' id='word_1_106' title='bbox 1022 1289 1052 1319; x_wconf 93' lang='lat' dir='ltr'>a</span> <span class='ocrx_word' id='word_1_107' title='bbox 1086 1283 1256 1320; x_wconf 89' lang='lat' dir='ltr'>nostro</span> <span class='ocrx_word' id='word_1_108' title='bbox 1290 1275 1527 1331; x_wconf 89' lang='lat' dir='ltr'>instituto,</span> <span class='ocrx_word' id='word_1_109' title='bbox 1553 1275 1691 1321; x_wconf 88' lang='lat' dir='ltr'>iuuat</span> <span class='ocrx_word' id='word_1_110' title='bbox 1724 1284 1889 1321; x_wconf 89' lang='lat' dir='ltr'>tamen</span> 
     </span>
     <span class='ocr_line' id='line_1_15' title="bbox 267 1350 1891 1406; baseline 0.002 -12"><span class='ocrx_word' id='word_1_111' title='bbox 267 1350 598 1406; x_wconf 88' lang='lat' dir='ltr'>pauperculas</span> <span class='ocrx_word' id='word_1_112' title='bbox 622 1352 639 1372; x_wconf 78' lang='lat'>⁸</span> <span class='ocrx_word' id='word_1_113' title='bbox 662 1360 709 1395; x_wconf 90' lang='lat' dir='ltr'>et</span> <span class='ocrx_word' id='word_1_114' title='bbox 745 1351 972 1396; x_wconf 89' lang='lat' dir='ltr'>desertas</span> <span class='ocrx_word' id='word_1_115' title='bbox 1007 1351 1211 1406; x_wconf 88' lang='lat' dir='ltr'>animas,</span> <span class='ocrx_word' id='word_1_116' title='bbox 1250 1367 1347 1396; x_wconf 92' lang='lat' dir='ltr'>non</span> <span class='ocrx_word' id='word_1_117' title='bbox 1370 1351 1474 1397; x_wconf 91' lang='lat' dir='ltr'>sine</span> <span class='ocrx_word' id='word_1_118' title='bbox 1510 1351 1676 1397; x_wconf 90' lang='lat' dir='ltr'>fructu</span> <span class='ocrx_word' id='word_1_119' title='bbox 1709 1361 1758 1397; x_wconf 94' lang='lat' dir='ltr'>et</span> <span class='ocrx_word' id='word_1_120' title='bbox 1792 1368 1891 1397; x_wconf 90' lang='lat' dir='ltr'>om-</span> 
     </span>
     <span class='ocr_line' id='line_1_16' title="bbox 265 1425 1891 1485; baseline 0.002 -15"><span class='ocrx_word' id='word_1_121' title='bbox 265 1425 397 1471; x_wconf 93' lang='lat' dir='ltr'>nium</span> <span class='ocrx_word' id='word_1_122' title='bbox 431 1426 788 1472; x_wconf 80' lang='lat' dir='ltr'>satisfactione.</span> <span class='ocrx_word' id='word_1_123' title='bbox 826 1427 1003 1472; x_wconf 90' lang='lat' dir='ltr'>Mulier</span> <span class='ocrx_word' id='word_1_124' title='bbox 1038 1427 1297 1485; x_wconf 78' lang='lat' dir='ltr'>quaedam,</span> <span class='ocrx_word' id='word_1_125' title='bbox 1325 1443 1451 1484; x_wconf 87' lang='lat' dir='ltr'>quae</span> <span class='ocrx_word' id='word_1_126' title='bbox 1485 1437 1641 1473; x_wconf 90' lang='lat' dir='ltr'>totam</span> <span class='ocrx_word' id='word_1_127' title='bbox 1675 1437 1891 1474; x_wconf 92' lang='lat' dir='ltr'>aetatem</span> 
     </span>
     <span class='ocr_line' id='line_1_17' title="bbox 265 1502 1894 1560; baseline 0.002 -13"><span class='ocrx_word' id='word_1_128' title='bbox 265 1502 621 1548; x_wconf 87' lang='lat' dir='ltr'>lutheranismo</span> <span class='ocrx_word' id='word_1_129' title='bbox 646 1503 967 1560; x_wconf 86' lang='lat' dir='ltr'>contriuerat,</span> <span class='ocrx_word' id='word_1_130' title='bbox 1011 1504 1073 1548; x_wconf 93' lang='lat' dir='ltr'>ad</span> <span class='ocrx_word' id='word_1_131' title='bbox 1109 1519 1285 1549; x_wconf 89' lang='lat' dir='ltr'>uerum</span> <span class='ocrx_word' id='word_1_132' title='bbox 1316 1504 1396 1549; x_wconf 90' lang='lat' dir='ltr'>Xi.</span> <span class='ocrx_word' id='word_1_133' title='bbox 1441 1504 1569 1549; x_wconf 89' lang='lat' dir='ltr'>ouile</span> <span class='ocrx_word' id='word_1_134' title='bbox 1604 1520 1812 1550; x_wconf 89' lang='lat' dir='ltr'>reuersa</span> <span class='ocrx_word' id='word_1_135' title='bbox 1847 1515 1894 1551; x_wconf 95' lang='lat' dir='ltr'>et</span> 
     </span>
     <span class='ocr_line' id='line_1_18' title="bbox 266 1579 1894 1639; baseline 0.002 -15"><span class='ocrx_word' id='word_1_136' title='bbox 266 1579 413 1624; x_wconf 89' lang='lat' dir='ltr'>etiam</span> <span class='ocrx_word' id='word_1_137' title='bbox 448 1580 691 1626; x_wconf 86' lang='lat' dir='ltr'>catholice</span> <span class='ocrx_word' id='word_1_138' title='bbox 731 1580 962 1625; x_wconf 91' lang='lat' dir='ltr'>confessa</span> <span class='ocrx_word' id='word_1_139' title='bbox 996 1581 1151 1626; x_wconf 91' lang='lat' dir='ltr'>eidem</span> <span class='ocrx_word' id='word_1_140' title='bbox 1185 1580 1322 1626; x_wconf 88' lang='lat' dir='ltr'>Patri</span> <span class='ocrx_word' id='word_1_141' title='bbox 1356 1581 1542 1637; x_wconf 90' lang='lat' dir='ltr'>Lucae,</span> <span class='ocrx_word' id='word_1_142' title='bbox 1580 1581 1750 1637; x_wconf 90' lang='lat' dir='ltr'>paucis</span> <span class='ocrx_word' id='word_1_143' title='bbox 1783 1592 1894 1639; x_wconf 91' lang='lat' dir='ltr'>post</span> 
     </span>
     <span class='ocr_line' id='line_1_19' title="bbox 269 1655 1894 1715; baseline 0.003 -16"><span class='ocrx_word' id='word_1_144' title='bbox 269 1655 439 1700; x_wconf 91' lang='lat' dir='ltr'>diebus</span> <span class='ocrx_word' id='word_1_145' title='bbox 472 1671 535 1700; x_wconf 89' lang='lat' dir='ltr'>ex</span> <span class='ocrx_word' id='word_1_146' title='bbox 568 1656 662 1701; x_wconf 85' lang='lat' dir='ltr'>hac</span> <span class='ocrx_word' id='word_1_147' title='bbox 693 1657 874 1702; x_wconf 89' lang='lat' dir='ltr'>misera</span> <span class='ocrx_word' id='word_1_148' title='bbox 907 1656 1010 1702; x_wconf 88' lang='lat' dir='ltr'>uita</span> <span class='ocrx_word' id='word_1_149' title='bbox 1043 1658 1106 1703; x_wconf 91' lang='lat' dir='ltr'>ad</span> <span class='ocrx_word' id='word_1_150' title='bbox 1142 1658 1408 1703; x_wconf 90' lang='lat' dir='ltr'>Dominum</span> <span class='ocrx_word' id='word_1_151' title='bbox 1444 1658 1597 1715; x_wconf 88' lang='lat' dir='ltr'>recipi</span> <span class='ocrx_word' id='word_1_152' title='bbox 1619 1658 1815 1704; x_wconf 90' lang='lat' dir='ltr'>meruit.</span> <span class='ocrx_word' id='word_1_153' title='bbox 1841 1657 1894 1703; x_wconf 91' lang='lat' dir='ltr'>In</span> 
     </span>
     <span class='ocr_line' id='line_1_20' title="bbox 264 1732 1891 1792; baseline 0.002 -15"><span class='ocrx_word' id='word_1_154' title='bbox 264 1732 392 1777; x_wconf 88' lang='lat' dir='ltr'>festo</span> <span class='ocrx_word' id='word_1_155' title='bbox 423 1732 771 1791; x_wconf 83' lang='lat' dir='ltr'>Magdalenae,</span> <span class='ocrx_word' id='word_1_156' title='bbox 799 1734 858 1779; x_wconf 89' lang='lat' dir='ltr'>ad</span> <span class='ocrx_word' id='word_1_157' title='bbox 895 1735 1176 1790; x_wconf 86' lang='lat' dir='ltr'>exemplum</span> <span class='ocrx_word' id='word_1_158' title='bbox 1210 1735 1338 1779; x_wconf 90' lang='lat' dir='ltr'>illius</span> <span class='ocrx_word' id='word_1_159' title='bbox 1367 1735 1547 1780; x_wconf 91' lang='lat' dir='ltr'>beatae</span> <span class='ocrx_word' id='word_1_160' title='bbox 1582 1735 1891 1792; x_wconf 86' lang='lat' dir='ltr'>peccatricis,</span> 
     </span>
     <span class='ocr_line' id='line_1_21' title="bbox 270 1809 1118 1866; baseline 0.004 -13"><span class='ocrx_word' id='word_1_161' title='bbox 270 1809 482 1866; x_wconf 90' lang='lat' dir='ltr'>quinque</span> <span class='ocrx_word' id='word_1_162' title='bbox 506 1819 618 1855; x_wconf 91' lang='lat' dir='ltr'>sunt</span> <span class='ocrx_word' id='word_1_163' title='bbox 642 1810 819 1855; x_wconf 90' lang='lat' dir='ltr'>ibidem</span> <span class='ocrx_word' id='word_1_164' title='bbox 845 1810 1118 1856; x_wconf 90' lang='lat' dir='ltr'>confessae.</span> 
     </span>
    </p>

    <p class='ocr_par' dir='ltr' id='par_1_4' title="bbox 266 1884 1895 2696">
     <span class='ocr_line' id='line_1_22' title="bbox 325 1884 1892 1944; baseline 0.003 -14"><span class='ocrx_word' id='word_1_165' title='bbox 325 1886 366 1930; x_wconf 80' lang='lat'>3.</span> <span class='ocrx_word' id='word_1_166' title='bbox 431 1884 691 1932; x_wconf 85' lang='lat' dir='ltr'>Studiosus</span> <span class='ocrx_word' id='word_1_167' title='bbox 721 1887 919 1943; x_wconf 90' lang='lat' dir='ltr'>quidam</span> <span class='ocrx_word' id='word_1_168' title='bbox 953 1887 1194 1944; x_wconf 86' lang='lat' dir='ltr'>lipsiensis</span> <span class='ocrx_word' id='word_1_169' title='bbox 1229 1889 1308 1944; x_wconf 92' lang='lat' dir='ltr'>qui</span> <span class='ocrx_word' id='word_1_170' title='bbox 1344 1889 1406 1934; x_wconf 93' lang='lat' dir='ltr'>ad</span> <span class='ocrx_word' id='word_1_171' title='bbox 1440 1904 1529 1934; x_wconf 91' lang='lat' dir='ltr'>nos</span> <span class='ocrx_word' id='word_1_172' title='bbox 1563 1889 1636 1934; x_wconf 92' lang='lat' dir='ltr'>his</span> <span class='ocrx_word' id='word_1_173' title='bbox 1668 1889 1687 1916; x_wconf 75' lang='lat' dir='ltr'>b</span> <span class='ocrx_word' id='word_1_174' title='bbox 1722 1888 1892 1934; x_wconf 87' lang='lat' dir='ltr'>diebus</span> 
     </span>
     <span class='ocr_line' id='line_1_23' title="bbox 266 1964 1890 2022; baseline 0.002 -15"><span class='ocrx_word' id='word_1_175' title='bbox 266 1972 491 2019; x_wconf 87' lang='lat' dir='ltr'>uenerat,</span> <span class='ocrx_word' id='word_1_176' title='bbox 518 1964 810 2009; x_wconf 89' lang='lat' dir='ltr'>memorauit</span> <span class='ocrx_word' id='word_1_177' title='bbox 844 1980 940 2009; x_wconf 93' lang='lat' dir='ltr'>non</span> <span class='ocrx_word' id='word_1_178' title='bbox 974 1964 1146 2010; x_wconf 89' lang='lat' dir='ltr'>deesse</span> <span class='ocrx_word' id='word_1_179' title='bbox 1180 1965 1379 2022; x_wconf 89' lang='lat' dir='ltr'>Lipsiae</span> <span class='ocrx_word' id='word_1_180' title='bbox 1403 1966 1482 2022; x_wconf 94' lang='lat' dir='ltr'>qui</span> <span class='ocrx_word' id='word_1_181' title='bbox 1507 1966 1700 2022; x_wconf 91' lang='lat' dir='ltr'>publice</span> <span class='ocrx_word' id='word_1_182' title='bbox 1723 1966 1890 2010; x_wconf 89' lang='lat' dir='ltr'>catho—</span> 
     </span>
     <span class='ocr_line' id='line_1_24' title="bbox 267 2040 1892 2099; baseline 0.001 -15"><span class='ocrx_word' id='word_1_183' title='bbox 267 2040 410 2085; x_wconf 86' lang='lat' dir='ltr'>licam</span> <span class='ocrx_word' id='word_1_184' title='bbox 434 2055 530 2084; x_wconf 93' lang='lat' dir='ltr'>non</span> <span class='ocrx_word' id='word_1_185' title='bbox 555 2041 747 2085; x_wconf 90' lang='lat' dir='ltr'>caelent</span> <span class='ocrx_word' id='word_1_186' title='bbox 771 2040 930 2085; x_wconf 91' lang='lat' dir='ltr'>fidem.</span> <span class='ocrx_word' id='word_1_187' title='bbox 956 2040 1084 2097; x_wconf 84' lang='lat' dir='ltr'>Quin</span> <span class='ocrx_word' id='word_1_188' title='bbox 1109 2051 1156 2086; x_wconf 86' lang='lat' dir='ltr'>et</span> <span class='ocrx_word' id='word_1_189' title='bbox 1182 2041 1226 2086; x_wconf 92' lang='lat' dir='ltr'>in</span> <span class='ocrx_word' id='word_1_190' title='bbox 1251 2043 1358 2099; x_wconf 89' lang='lat' dir='ltr'>ipsa</span> <span class='ocrx_word' id='word_1_191' title='bbox 1383 2042 1543 2087; x_wconf 90' lang='lat' dir='ltr'>media</span> <span class='ocrx_word' id='word_1_192' title='bbox 1567 2042 1892 2088; x_wconf 86' lang='lat' dir='ltr'>Wittember-</span> 
     </span>
     <span class='ocr_line' id='line_1_25' title="bbox 267 2117 1895 2176; baseline 0.002 -16"><span class='ocrx_word' id='word_1_193' title='bbox 267 2131 348 2172; x_wconf 86' lang='lat' dir='ltr'>ga,</span> <span class='ocrx_word' id='word_1_194' title='bbox 378 2131 504 2172; x_wconf 84' lang='lat' dir='ltr'>quae</span> <span class='ocrx_word' id='word_1_195' title='bbox 538 2117 722 2161; x_wconf 83' lang='lat' dir='ltr'>matrix</span> <span class='ocrx_word' id='word_1_196' title='bbox 754 2126 802 2162; x_wconf 91' lang='lat' dir='ltr'>et</span> <span class='ocrx_word' id='word_1_197' title='bbox 836 2117 1027 2162; x_wconf 88' lang='lat' dir='ltr'>sentina</span> <span class='ocrx_word' id='word_1_198' title='bbox 1061 2127 1135 2162; x_wconf 92' lang='lat' dir='ltr'>est</span> <span class='ocrx_word' id='word_1_199' title='bbox 1169 2118 1385 2163; x_wconf 92' lang='lat' dir='ltr'>omnium</span> <span class='ocrx_word' id='word_1_200' title='bbox 1420 2119 1627 2164; x_wconf 87' lang='lat' dir='ltr'>istarum</span> <span class='ocrx_word' id='word_1_201' title='bbox 1662 2119 1895 2176; x_wconf 67' lang='lat' dir='ltr'>pestium,</span> 
     </span>
     <span class='ocr_line' id='line_1_26' title="bbox 267 2192 1889 2253; baseline 0.003 -17"><span class='ocrx_word' id='word_1_202' title='bbox 267 2192 500 2248; x_wconf 90' lang='lat' dir='ltr'>antiquae</span> <span class='ocrx_word' id='word_1_203' title='bbox 540 2192 650 2238; x_wconf 85' lang='lat' dir='ltr'>fidei</span> <span class='ocrx_word' id='word_1_204' title='bbox 687 2208 852 2238; x_wconf 87' lang='lat' dir='ltr'>semen</span> <span class='ocrx_word' id='word_1_205' title='bbox 897 2209 991 2238; x_wconf 91' lang='lat' dir='ltr'>non</span> <span class='ocrx_word' id='word_1_206' title='bbox 1036 2194 1228 2250; x_wconf 90' lang='lat' dir='ltr'>penitus</span> <span class='ocrx_word' id='word_1_207' title='bbox 1268 2211 1376 2241; x_wconf 90' lang='lat' dir='ltr'>esse</span> <span class='ocrx_word' id='word_1_208' title='bbox 1415 2196 1540 2241; x_wconf 89' lang='lat' dir='ltr'>adeo</span> <span class='ocrx_word' id='word_1_209' title='bbox 1580 2211 1889 2253; x_wconf 89' lang='lat' dir='ltr'>oppressum,</span> 
     </span>
     <span class='ocr_line' id='line_1_27' title="bbox 267 2270 1891 2329; baseline 0.003 -16"><span class='ocrx_word' id='word_1_210' title='bbox 267 2270 378 2325; x_wconf 91' lang='lat' dir='ltr'>quin</span> <span class='ocrx_word' id='word_1_211' title='bbox 420 2279 466 2314; x_wconf 92' lang='lat' dir='ltr'>et</span> <span class='ocrx_word' id='word_1_212' title='bbox 500 2270 546 2314; x_wconf 91' lang='lat' dir='ltr'>in</span> <span class='ocrx_word' id='word_1_213' title='bbox 581 2270 823 2326; x_wconf 88' lang='lat' dir='ltr'>aliquibus</span> <span class='ocrx_word' id='word_1_214' title='bbox 862 2287 958 2315; x_wconf 94' lang='lat' dir='ltr'>non</span> <span class='ocrx_word' id='word_1_215' title='bbox 997 2273 1209 2317; x_wconf 83' lang='lat' dir='ltr'>obscure</span> <span class='ocrx_word' id='word_1_216' title='bbox 1242 2273 1534 2318; x_wconf 87' lang='lat' dir='ltr'>scintillaret</span> <span class='ocrx_word' id='word_1_217' title='bbox 1568 2273 1891 2329; x_wconf 82' lang='lat' dir='ltr'>germanicae</span> 
     </span>
     <span class='ocr_line' id='line_1_28' title="bbox 268 2346 1892 2405; baseline 0.003 -16"><span class='ocrx_word' id='word_1_218' title='bbox 268 2346 592 2401; x_wconf 87' lang='lat' dir='ltr'>simplicitatis</span> <span class='ocrx_word' id='word_1_219' title='bbox 616 2347 782 2391; x_wconf 86' lang='lat' dir='ltr'>ardor.</span> <span class='ocrx_word' id='word_1_220' title='bbox 810 2347 1038 2392; x_wconf 72' lang='lat' dir='ltr'>Addebat</span> <span class='ocrx_word' id='word_1_221' title='bbox 1062 2360 1109 2392; x_wconf 91' lang='lat' dir='ltr'>et</span> <span class='ocrx_word' id='word_1_222' title='bbox 1133 2348 1242 2405; x_wconf 87' lang='lat' dir='ltr'>hoc,</span> <span class='ocrx_word' id='word_1_223' title='bbox 1270 2350 1332 2394; x_wconf 92' lang='lat' dir='ltr'>ab</span> <span class='ocrx_word' id='word_1_224' title='bbox 1364 2350 1445 2394; x_wconf 94' lang='lat' dir='ltr'>illo</span> <span class='ocrx_word' id='word_1_225' title='bbox 1470 2365 1558 2394; x_wconf 87' lang='lat' dir='ltr'>suo</span> <span class='ocrx_word' id='word_1_226' title='bbox 1581 2349 1655 2394; x_wconf 87' lang='lat' dir='ltr'>Ba</span> <span class='ocrx_word' id='word_1_227' title='bbox 1678 2356 1693 2376; x_wconf 78' lang='lat'>‘³</span> <span class='ocrx_word' id='word_1_228' title='bbox 1718 2349 1787 2394; x_wconf 89' lang='lat' dir='ltr'>sic</span> <span class='ocrx_word' id='word_1_229' title='bbox 1811 2349 1892 2394; x_wconf 91' lang='lat' dir='ltr'>ho-</span> 
     </span>
     <span class='ocr_line' id='line_1_29' title="bbox 268 2422 1892 2481; baseline 0.003 -15"><span class='ocrx_word' id='word_1_230' title='bbox 268 2422 423 2467; x_wconf 88' lang='lat' dir='ltr'>mines</span> <span class='ocrx_word' id='word_1_231' title='bbox 458 2423 611 2479; x_wconf 84' lang='lat' dir='ltr'>vulgo</span> <span class='ocrx_word' id='word_1_232' title='bbox 646 2438 754 2468; x_wconf 90' lang='lat' dir='ltr'>esse</span> <span class='ocrx_word' id='word_1_233' title='bbox 789 2424 1045 2481; x_wconf 86' lang='lat' dir='ltr'>alienatos,</span> <span class='ocrx_word' id='word_1_234' title='bbox 1074 2434 1124 2469; x_wconf 91' lang='lat' dir='ltr'>ut</span> <span class='ocrx_word' id='word_1_235' title='bbox 1159 2425 1255 2470; x_wconf 86' lang='lat' dir='ltr'>iam</span> <span class='ocrx_word' id='word_1_236' title='bbox 1290 2426 1544 2471; x_wconf 65' lang='lat' dir='ltr'>lutei-anos</span> <span class='ocrx_word' id='word_1_237' title='bbox 1578 2441 1631 2471; x_wconf 93' lang='lat' dir='ltr'>se</span> <span class='ocrx_word' id='word_1_238' title='bbox 1665 2426 1757 2471; x_wconf 90' lang='lat' dir='ltr'>dici</span> <span class='ocrx_word' id='word_1_239' title='bbox 1794 2441 1892 2471; x_wconf 84' lang='lat' dir='ltr'>am—</span> 
     </span>
     <span class='ocr_line' id='line_1_30' title="bbox 267 2499 1892 2560; baseline 0.004 -18"><span class='ocrx_word' id='word_1_240' title='bbox 267 2499 390 2554; x_wconf 89' lang='lat' dir='ltr'>plius</span> <span class='ocrx_word' id='word_1_241' title='bbox 415 2499 568 2544; x_wconf 91' lang='lat' dir='ltr'>nolint</span> <span class='ocrx_word' id='word_1_242' title='bbox 591 2499 626 2544; x_wconf 76' lang='lat' dir='ltr'>d.</span> <span class='ocrx_word' id='word_1_243' title='bbox 654 2500 871 2545; x_wconf 87' lang='lat' dir='ltr'>Illustret</span> <span class='ocrx_word' id='word_1_244' title='bbox 895 2501 1090 2546; x_wconf 89' lang='lat' dir='ltr'>intimos</span> <span class='ocrx_word' id='word_1_245' title='bbox 1114 2501 1331 2558; x_wconf 89' lang='lat' dir='ltr'>ipsorum</span> <span class='ocrx_word' id='word_1_246' title='bbox 1365 2518 1538 2548; x_wconf 90' lang='lat' dir='ltr'>sensus</span> <span class='ocrx_word' id='word_1_247' title='bbox 1560 2503 1776 2560; x_wconf 86' lang='lat' dir='ltr'>benigna</span> <span class='ocrx_word' id='word_1_248' title='bbox 1801 2518 1892 2547; x_wconf 92' lang='lat' dir='ltr'>sua</span> 
     </span>
     <span class='ocr_line' id='line_1_31' title="bbox 270 2575 1892 2631; baseline 0.003 -12"><span class='ocrx_word' id='word_1_249' title='bbox 270 2576 435 2630; x_wconf 86' lang='lat' dir='ltr'>gratia</span> <span class='ocrx_word' id='word_1_250' title='bbox 474 2575 627 2631; x_wconf 91' lang='lat' dir='ltr'>Deus,</span> <span class='ocrx_word' id='word_1_251' title='bbox 671 2587 720 2620; x_wconf 89' lang='lat' dir='ltr'>ut</span> <span class='ocrx_word' id='word_1_252' title='bbox 763 2577 960 2622; x_wconf 89' lang='lat' dir='ltr'>tandem</span> <span class='ocrx_word' id='word_1_253' title='bbox 1006 2577 1110 2622; x_wconf 92' lang='lat' dir='ltr'>ueri</span> <span class='ocrx_word' id='word_1_254' title='bbox 1155 2578 1303 2624; x_wconf 87' lang='lat' dir='ltr'>xiani.</span> <span class='ocrx_word' id='word_1_255' title='bbox 1348 2580 1519 2624; x_wconf 88' lang='lat' dir='ltr'>uocari</span> <span class='ocrx_word' id='word_1_256' title='bbox 1558 2588 1606 2624; x_wconf 91' lang='lat' dir='ltr'>et</span> <span class='ocrx_word' id='word_1_257' title='bbox 1645 2594 1753 2624; x_wconf 91' lang='lat' dir='ltr'>esse</span> <span class='ocrx_word' id='word_1_258' title='bbox 1798 2594 1892 2623; x_wconf 91' lang='lat' dir='ltr'>me-</span> 
     </span>
     <span class='ocr_line' id='line_1_32' title="bbox 270 2662 491 2696; baseline 0 -1"><span class='ocrx_word' id='word_1_259' title='bbox 270 2662 491 2696; x_wconf 76' lang='lat' dir='ltr'>reantur.</span> 
     </span>
    </p>
   </div>
   <div class='ocr_carea' id='block_1_3' title="bbox 315 2830 1892 2879">
    <p class='ocr_par' dir='ltr' id='par_1_5' title="bbox 315 2830 1892 2879">
     <span class='ocr_line' id='line_1_33' title="bbox 315 2830 1892 2879; baseline 0.003 -14"><span class='ocrx_word' id='word_1_260' title='bbox 315 2830 335 2847; x_wconf 69' lang='lat'>²²</span> <span class='ocrx_word' id='word_1_261' title='bbox 384 2831 654 2876; x_wconf 85' lang='lat' dir='ltr'>pauperculus</span> <span class='ocrx_word' id='word_1_262' title='bbox 675 2842 754 2867; x_wconf 87' lang='lat' dir='ltr'>ms.</span> <span class='ocrx_word' id='word_1_263' title='bbox 810 2832 874 2858; x_wconf 78' lang='lat' dir='ltr'>—b</span> <span class='ocrx_word' id='word_1_264' title='bbox 943 2831 1004 2867; x_wconf 84' lang='lat' dir='ltr'>hic</span> <span class='ocrx_word' id='word_1_265' title='bbox 1025 2843 1104 2868; x_wconf 84' lang='lat' dir='ltr'>ms.</span> <span class='ocrx_word' id='word_1_266' title='bbox 1160 2839 1221 2859; x_wconf 33' lang='lat' dir='ltr'>fic</span> <span class='ocrx_word' id='word_1_267' title='bbox 1291 2832 1475 2878; x_wconf 58' lang='lat' dir='ltr'>Simus„</span> <span class='ocrx_word' id='word_1_268' title='bbox 1510 2833 1666 2879; x_wconf 78' lang='lat' dir='ltr'>infecto</span> <span class='ocrx_word' id='word_1_269' title='bbox 1698 2834 1823 2870; x_wconf 76' lang='lat' dir='ltr'>verbo</span> <span class='ocrx_word' id='word_1_270' title='bbox 1855 2838 1892 2870; x_wconf 81' lang='lat' dir='ltr'>et</span> 
     </span>
    </p>
   </div>
   <div class='ocr_carea' id='block_1_4' title="bbox 268 2890 1180 2933">
    <p class='ocr_par' dir='ltr' id='par_1_6' title="bbox 268 2890 1180 2933">
     <span class='ocr_line' id='line_1_34' title="bbox 268 2890 1180 2933; baseline 0.005 -10"><span class='ocrx_word' id='word_1_271' title='bbox 268 2899 405 2924; x_wconf 74' lang='lat' dir='ltr'>vacuo</span> <span class='ocrx_word' id='word_1_272' title='bbox 424 2890 565 2933; x_wconf 72' lang='lat' dir='ltr'>spatio</span> <span class='ocrx_word' id='word_1_273' title='bbox 587 2890 745 2926; x_wconf 59' lang='lat' dir='ltr'>relicta</span> <span class='ocrx_word' id='word_1_274' title='bbox 805 2890 871 2916; x_wconf 79' lang='lat' dir='ltr'>—d</span> <span class='ocrx_word' id='word_1_275' title='bbox 940 2892 1080 2927; x_wconf 89' lang='lat' dir='ltr'>uolunt</span> <span class='ocrx_word' id='word_1_276' title='bbox 1101 2902 1180 2928; x_wconf 66' lang='grc' dir='ltr'>γης.</span> 
     </span>
    </p>
   </div>
   <div class='ocr_carea' id='block_1_5' title="bbox 315 3043 1006 3091">
    <p class='ocr_par' dir='ltr' id='par_1_7' title="bbox 315 3043 1006 3091">
     <span class='ocr_line' id='line_1_35' title="bbox 315 3043 1006 3091; baseline 0.003 -12"><span class='ocrx_word' id='word_1_277' title='bbox 315 3043 327 3063; x_wconf 85' lang='lat'>²</span> <span class='ocrx_word' id='word_1_278' title='bbox 379 3043 486 3080; x_wconf 83' lang='lat' dir='ltr'>Vide</span> <span class='ocrx_word' id='word_1_279' title='bbox 505 3045 703 3090; x_wconf 84' lang='lat' dir='ltr'>superius,</span> <span class='ocrx_word' id='word_1_280' title='bbox 724 3057 816 3091; x_wconf 85' lang='lat' dir='ltr'>pag.</span> <span class='ocrx_word' id='word_1_281' title='bbox 838 3044 1006 3082; x_wconf 79' lang='lat'>755-756.</span> 
     </span>
    </p>
   </div>
   <div class='ocr_carea' id='block_1_6' title="bbox 356 2987 548 2990">
    <p class='ocr_par' dir='ltr' id='par_1_8' title="bbox 356 2987 548 2990">
     <span class='ocr_line' id='line_1_36' title="bbox 356 2987 548 2990; baseline 0 0"><span class='ocrx_word' id='word_1_282' title='bbox 356 2987 548 2990; x_wconf 95' lang='lat' dir='ltr'> </span> 
     </span>
    </p>
   </div>
  </div>
 </body>
</html>
