2051 3516
513 292 827 330 12.-—PAN0RM0
853 293 875 329 7
897 293 1099 340 JANUARII
1130 293 1219 329 1557
1587 294 1633 329 55

110 389 177 434 11.
244 388 295 433 In
322 388 647 434 renouatione
672 388 946 435 studiorum
971 397 1073 434 tres
1097 404 1207 434 cum
1227 388 1445 434 maximo
1466 389 1678 433 omnium

49 466 289 524 applausu
313 466 513 512 habitae
541 475 654 512 sunt
678 466 949 523 orationes,
977 481 1185 522 quarum
1210 482 1308 512 una
1332 481 1533 523 graece,
1572 466 1678 511 reli-

49 559 176 601 quae
209 543 359 589 latine
394 552 506 589 sunt
542 543 915 601 pronunciatae:
957 543 1145 599 aliquot
1183 551 1296 588 sunt
1334 543 1546 588 recitata
1585 542 1679 598 epi-

49 630 350 678 grammata,
378 636 505 677 quae
532 636 702 666 omnes
726 620 831 666 fere
855 620 934 677 qui
966 630 1083 666 tunc
1117 620 1344 677 aderant,
1382 636 1478 666 non
1514 628 1678 676 potue-

49 707 162 744 runt
195 714 291 743 non
325 713 640 755 summopere
674 698 899 744 laudare.
927 698 1154 744 Interfuit
1178 698 1394 744 ciuitatis
1418 697 1677 755 magistra-

49 784 142 821 tus:
188 791 284 820 non
330 775 593 821 defuerunt
636 776 826 822 nobiles
870 776 1164 833 complures:
1212 775 1515 832 reliquorum
1561 790 1681 820 uero

48 852 296 898 hominum
330 868 563 898 numerus
597 868 655 898 eo
691 852 937 898 maximus
970 852 1220 898 confluxit.
1259 851 1477 909 Singulis
1510 852 1681 898 diebus

48 929 245 975 ueneris
269 929 316 974 in
339 938 512 975 nostra
541 929 755 976 ecclesia
786 929 1013 975 doctrina
1047 930 1319 976 christiana
1354 929 1677 987 praelegitur,

49 1022 144 1063 quo
168 1015 440 1052 accurrunt
465 1022 561 1052 non
586 1007 731 1053 modo
756 1007 910 1053 nostri
935 1016 1175 1065 quotquot
1199 1016 1312 1053 sunt
1336 1007 1575 1063 discipuli,
1597 1007 1682 1052 sed

48 1084 213 1142 plures
238 1099 431 1141 quoque
456 1084 553 1141 alii,
581 1085 661 1142 qui
685 1100 806 1131 uere
829 1084 908 1130 Xfi
935 1086 1137 1143 cupiunt
1160 1101 1268 1131 esse
1293 1084 1531 1142 discipuli.

110 1160 177 1207 12.
246 1161 479 1218 Quotidie
499 1177 693 1219 quoque
713 1162 842 1208 domi
868 1179 897 1208 a
923 1172 1121 1209 rectore
1145 1172 1318 1209 nostro
1338 1163 1450 1208 Pre.
1472 1162 1535 1208 D.
1558 1162 1680 1207 Pau-

48 1239 94 1285 lo
119 1241 131 1264 ¹
158 1239 506 1286 sacerdotibus
531 1240 714 1286 nostris
737 1256 885 1286 casus
910 1241 1223 1298 explicantur
1247 1241 1319 1297 (ut
1343 1240 1545 1297 uocant)
1570 1255 1681 1285 con-

46 1316 298 1363 scientiae.
327 1317 595 1363 Dominum
620 1326 769 1363 noctu
789 1317 967 1376 diuque
992 1319 1262 1364 obsecrare
1287 1334 1383 1363 non
1408 1332 1677 1373 cessemus,

47 1403 99 1440 ut
123 1393 202 1451 qui
226 1393 379 1440 foelix
403 1393 593 1440 initium
619 1394 691 1440 his
713 1396 945 1452 operibus
970 1395 1116 1452 dedit,
1156 1396 1282 1441 idem
1318 1410 1514 1452 quoque
1548 1393 1682 1440 foeli-

46 1471 234 1517 ciorem
258 1470 399 1517 finem
426 1471 681 1529 imponere
705 1487 801 1517 non
822 1472 1135 1529 dedignetur,
1157 1482 1304 1529 teque
1324 1482 1377 1518 ut
1399 1481 1683 1519 nostrorum

47 1548 263 1594 omnium
298 1549 591 1594 memoriam
626 1546 672 1594 in
707 1550 803 1595 tuis
841 1550 1148 1596 orationibus
1189 1550 1392 1607 habeas,
1434 1549 1684 1595 humiliter

48 1626 194 1672 etiam
215 1635 365 1684 atque
385 1626 535 1673 etiam
555 1643 775 1673 oramus.
798 1627 1034 1674 Panormi
1054 1628 1153 1673 VH
1172 1628 1286 1674 Idus
1304 1628 1530 1688 januarii
1554 1627 1680 1673 1557.

139 1704 198 1750 T.
225 1705 285 1751 R.
315 1704 368 1751 Ρ.
397 1704 607 1751 filiorum
630 1705 873 1764 minimus,

615 1818 843 1878 JoANNEs
876 1818 1127 1864 BAPTIsTA
1163 1818 1498 1864 CARMINATUS
1531 1820 1562 1864 ².

141 1960 490 2008 Desideratur
511 1962 796 2020 inscriptio.

99 2142 109 2161 ¹
160 2140 206 2178 P.
227 2140 380 2177 Paulus
400 2141 448 2177 de
468 2140 669 2178 Achilles.

95 2200 107 2220 ²
158 2200 454 2238 Humaniorum
490 2201 719 2238 litterarum
755 2201 973 2248 professor.
1015 2203 1080 2239 De
1116 2203 1189 2239 hoc
1226 2203 1313 2239 viro
1348 2202 1396 2240 cf.
1434 2203 1679 2247 Pomm-cum,

55 2260 223 2306 Chron„
244 2260 318 2305 VI,
339 2260 508 2299 289-290.
