2051 3516
778 322 1015 350 PRAEFATIO
1606 324 1675 350 xm

90 409 171 454 illa
194 418 386 454 tantum
422 408 723 463 referantur,
752 409 949 466 quando
984 409 1043 454 de
1078 409 1261 454 nostris
1285 409 1512 455 domibus
1537 409 1720 466 agitur,

90 501 216 542 quae
241 485 286 530 in
311 486 525 531 omnium
551 486 706 532 oculis
731 486 1084 531 versabantur.
1108 485 1183 531 Ita
1203 501 1307 531 rem
1333 486 1579 532 intuentes
1605 502 1722 531 raro

89 572 175 608 aut
198 563 613 620 quadrimestrem
647 564 865 620 aliquam
901 563 1212 608 solummodo
1247 579 1487 620 prospera
1516 580 1721 608 narran-

89 649 204 696 tem,
246 649 332 685 aut
372 639 622 697 privatam
662 640 923 697 epistolam
964 641 1299 686 moderatoris
1342 642 1421 685 vel
1467 641 1722 686 domestici

88 717 389 763 consultoris
423 717 531 763 fere
565 726 756 763 tantum
797 718 1014 763 adversa
1049 718 1476 776 conquerentium,
1514 718 1724 776 rejicere

87 809 294 851 prossus
331 794 593 852 debebunt;
632 805 894 852 utramque
935 795 1096 852 potius
1137 795 1472 848 conferentes,
1513 797 1723 841 alteram

88 872 296 917 alterius
330 888 422 929 ope
456 873 799 930 declarabunt,
838 882 902 929 et,
940 874 1021 919 ubi
1055 889 1178 930 opus
1218 874 1327 929 erit,
1365 874 1465 919 suis
1505 873 1725 919 terminis

89 948 515 995 circumscribent.

175 1026 287 1086 jam
312 1037 363 1072 ut
387 1026 450 1072 ad
474 1026 755 1072 litterarum
780 1027 1220 1084 quadrimestrium
1245 1028 1553 1084 propositum
1579 1027 1723 1073 finem

90 1104 369 1161 redeamus,
397 1113 449 1149 ut
474 1104 581 1149 finis
606 1105 683 1150 ille
708 1105 933 1151 declarat
965 1121 1120 1162 quare
1158 1106 1313 1151 multa
1347 1106 1410 1150 ad
1446 1106 1644 1162 plenam
1679 1115 1726 1151 et

89 1181 370 1227 absolutam
395 1181 654 1228 historiam
680 1183 976 1239 pertinentia
1016 1184 1324 1234 omittantur;
1363 1184 1432 1229 sic
1466 1182 1573 1228 finis
1598 1183 1724 1228 idem

88 1257 272 1315 effecit,
299 1268 350 1304 ut
374 1259 471 1304 alia
496 1259 759 1315 quaedam,
786 1260 849 1305 ad
872 1260 1130 1305 historiam
1156 1261 1307 1306 totius
1326 1261 1512 1306 ordinis
1535 1261 1618 1306 vix
1641 1271 1725 1306 aut

89 1351 148 1381 ne
171 1336 253 1381 vix
271 1336 466 1392 quidem
486 1346 781 1394 opportuna,
804 1338 867 1383 ad
888 1339 1165 1383 animorum
1188 1354 1309 1384 vero
1330 1338 1724 1384 aedificationem

88 1428 183 1457 non
209 1429 383 1470 parum
409 1414 564 1470 utilia,
592 1425 1037 1460 coacervarentur.
1068 1415 1190 1473 Ejus
1225 1416 1426 1473 generis
1460 1425 1573 1461 sunt
1600 1433 1644 1461 v.
1673 1432 1722 1473 g.

88 1489 299 1535 iteratae
340 1506 507 1536 rerum
548 1491 774 1537 similium
808 1492 1125 1538 narrationes
1165 1504 1211 1538 et
1252 1494 1496 1549 exempla.
1530 1493 1724 1538 Harum

89 1568 579 1614 narratiuncularum
606 1569 866 1615 multitudo
891 1571 1148 1616 historiam
1174 1571 1369 1627 quidem
1394 1571 1726 1617 scribentibus

90 1646 365 1690 resecanda
390 1655 527 1691 certe
551 1656 641 1703 est3
676 1662 764 1691 nos
793 1656 977 1703 tamen,
1015 1648 1094 1704 qui
1132 1648 1388 1693 historiam
1425 1664 1520 1693 non
1556 1648 1725 1694 scribi—

90 1738 212 1776 mus,
239 1723 326 1768 sed
345 1734 662 1770 monumenta
682 1724 977 1781 colligimus,
1003 1726 1183 1771 multas
1209 1727 1493 1782 putavimus
1515 1727 1723 1772 retinen-

91 1800 197 1856 das,
224 1809 326 1846 tum
363 1801 477 1857 quia
502 1817 591 1858 per
615 1818 667 1847 se
692 1802 797 1858 ipsa
822 1813 1256 1848 monumentorum
1282 1804 1544 1861 integritas
1579 1805 1723 1850 aesti-

91 1879 288 1936 manda,
310 1888 413 1924 tum
435 1879 549 1936 quia
569 1879 666 1924 alia
686 1879 794 1924 aliis
815 1881 1027 1937 placent,
1051 1896 1277 1938 quaeque
1303 1882 1415 1926 huic
1436 1882 1639 1937 inutilia,
1663 1882 1725 1926 illi

90 1956 218 2002 forte
254 1956 388 2002 utilia
423 1957 739 2010 videbuntur,
769 1968 820 2004 ut
844 1958 881 2003 si
908 1959 1014 2015 quis
1038 1974 1197 2015 genus
1232 1959 1433 2017 aliquod
1468 1960 1725 2016 singulare

90 2035 420 2092 persequitur,
463 2035 691 2080 libentius
732 2036 889 2081 multa
924 2052 1051 2093 quae
1094 2036 1288 2095 rejiciat
1322 2038 1539 2093 habebit,
1578 2053 1723 2094 quam

91 2127 238 2156 unum
264 2112 585 2158 desiderabit.

186 2187 338 2234 Unius
362 2199 529 2235 tamen
554 2190 754 2246 generis
779 2191 1007 2247 exempla
1032 2191 1188 2237 satius
1222 2191 1329 2237 fere
1364 2193 1593 2237 omittere
1628 2192 1726 2236 exi-

91 2266 418 2324 stimavimus,
446 2267 527 2312 illa
551 2283 727 2324 nempe
748 2283 874 2323 quae
895 2268 1096 2325 propius
1121 2269 1182 2314 ad
1207 2270 1433 2314 notitiam
1454 2285 1515 2314 ex
1535 2269 1723 2314 confes-

92 2345 228 2389 sione
253 2345 474 2390 habitam
500 2345 750 2402 pertinere
776 2345 1022 2397 videntur,
1051 2347 1096 2391 in
1122 2362 1218 2403 qua
1244 2363 1297 2392 re
1322 2346 1538 2404 majores
1571 2347 1723 2391 nostri

93 2422 432 2478 singularibus
472 2422 686 2468 decretis
725 2423 1019 2479 quibusdam
1060 2439 1157 2468 non
1197 2425 1514 2474 tenebantur,
1552 2424 1727 2479 quibus

92 2515 220 2545 nunc
253 2501 545 2545 sacerdotes
579 2516 751 2545 omnes
784 2509 1029 2546 tenentur.
1069 2501 1387 2558 Quamquam
1428 2501 1554 2546 enim
1595 2500 1725 2545 omni

93 2590 316 2634 tempore
341 2578 554 2633 sigillum
591 2579 958 2624 sacramentale
994 2580 1056 2624 ab
1092 2580 1318 2624 omnibus
1354 2579 1611 2624 Ecclesiae
1646 2594 1723 2623 ca-

93 2656 305 2702 tholicae
330 2656 619 2702 doctoribus
643 2668 689 2702 et
714 2656 1035 2702 confessariis
1061 2657 1342 2703 inviolabile
1369 2672 1573 2712 prorsus
1592 2657 1725 2702 habi-

92 2742 209 2790 tum,
236 2731 433 2790 jamque
458 2734 658 2778 saeculo
683 2733 809 2778 XIV
834 2733 986 2791 (1383)
1012 2750 1040 2779 a
1066 2733 1117 2779 S.
1150 2735 1342 2793 Joanne
1367 2734 1723 2789 Nepomuceno

91 2798 299 2866 perfuso·
317 2811 559 2868 sanguine
584 2820 933 2857 consecratum
959 2822 1049 2865 est,
1078 2812 1304 2856 diversus
1324 2820 1489 2856 tamen
1510 2811 1599 2857 fuit
1618 2827 1723 2857 cer-

90 2888 310 2934 tissimae
343 2887 487 2945 hujus
520 2889 778 2934 doctrinae
813 2904 942 2944 usus,
982 2889 1125 2934 varia
1160 2889 1484 2945 quorumdam
1518 2904 1722 2934 casuum

91 2966 285 3012 solutio.
313 2965 456 3022 Quod
482 2975 533 3011 ut
557 2966 782 3011 breviter
806 2965 1171 3017 confirmemuS,
1199 2965 1364 3022 capita
1388 2966 1484 3011 duo
1520 2967 1565 3011 in
1592 2982 1721 3012 men-

94 3052 191 3088 tem
218 3058 464 3088 revocare
489 3042 699 3100 juvabit.

184 3119 456 3165 Concilium
483 3121 797 3166 lateranense
822 3120 896 3164 [V
922 3120 1081 3176 legem
1107 3119 1204 3176 jam
1231 3129 1346 3166 ante
1377 3131 1617 3178 perpetuo
1661 3122 1724 3166 vi-
