2051 3516
396 308 465 344 542
864 308 1077 344 LITTERAE
1105 308 1459 352 QUADRIMESTRES

350 413 583 459 quantum
620 404 768 459 ipsius
803 405 1065 449 conciones
1105 403 1422 459 profecerint.
1461 404 1654 449 Etenim
1696 404 1921 460 permulti
1947 404 1968 425 ³

348 474 610 518 conciones
634 490 879 529 nunquam
905 475 1042 520 adire
1068 475 1211 529 soliti,
1239 483 1493 531 postquam
1516 474 1664 519 Pater
1684 474 1967 519 concionari

348 550 525 605 coepit,
552 565 746 605 semper
771 550 992 604 adfuere;
1021 551 1097 607 qui
1124 566 1293 595 omnes
1320 566 1414 595 una
1438 566 1546 595 cum
1567 550 1786 606 pluribus
1805 565 1964 595 sacer-

348 625 558 682 dotibus,
588 626 677 670 Dei
704 626 1024 683 benignitate,
1052 643 1147 671 non
1173 626 1485 671 mediocriter
1514 637 1623 671 sunt
1659 627 1826 671 adiuti.
1864 626 1964 671 Mu-

347 702 435 746 lier
459 702 700 758 quaedam
742 703 966 748 omnibus
1002 704 1222 759 uulgata,
1260 712 1369 759 post
1409 703 1693 748 concionem
1729 703 1964 759 auditam,

345 794 373 823 a
398 778 528 823 uitae
552 779 799 834 prauitate
830 780 891 824 ad
927 780 1085 824 Deum
1121 788 1194 824 est
1228 794 1489 825 conuersa,
1527 779 1671 824 Aliae
1706 788 1967 835 praeterea

346 855 590 905 mulieres.
619 871 827 911 pompae
852 871 910 901 ac
936 856 1093 901 fastus
1118 857 1306 911 plenae,
1334 856 1447 901 nihil
1472 867 1672 912 praeter
1703 857 1965 912 superbum

345 931 553 976 uestium
588 942 817 977 ornatum
854 933 1147 989 cogitantes,
1191 942 1391 988 praeter
1431 948 1623 977 omnem
1658 933 1965 977 consuetudi-

345 1024 453 1053 nem
498 1008 783 1053 concionem
828 1010 1009 1054 nullam
1050 1009 1450 1066 praetermisere,
1492 1019 1741 1066 tamquam
1782 1009 1965 1065 ingenti

344 1099 467 1140 erga
492 1084 692 1130 Patrem
718 1101 889 1130 amore
914 1086 1274 1142 alliciebantur,
1301 1095 1504 1142 propter
1529 1086 1722 1131 diuinae
1757 1086 1965 1144 charita-

345 1161 405 1205 tis
429 1162 738 1217 splendorem
764 1177 909 1218 quam
935 1162 979 1206 in
1004 1162 1126 1218 ipso,
1154 1163 1261 1206 luce
1286 1163 1484 1219 clarius,
1522 1163 1746 1207 relucere
1770 1161 1965 1207 uideba-

344 1245 439 1293 tur,
468 1237 533 1281 uti
561 1237 649 1281 uiri
676 1253 785 1282 esse
819 1248 1055 1294 cuperent
1092 1254 1186 1293 quo
1222 1238 1353 1282 illum
1389 1253 1698 1295 quocumque
1734 1248 1968 1295 pergeret

346 1313 542 1359 assidue
566 1314 703 1370 sequi
728 1315 968 1360 ualerent.

403 1391 443 1435 2.
511 1391 702 1436 Doctor
743 1392 924 1437 Paulus
964 1394 973 1416 ¹
1012 1392 1202 1437 duobus
1236 1392 1475 1437 exercitia
1510 1392 1781 1448 spiritualia
1817 1392 1963 1448 dedit,

343 1483 549 1524 quorum
574 1469 701 1513 alter
725 1478 902 1525 nuptus
926 1479 1051 1526 erat,
1079 1470 1205 1514 alter
1230 1469 1368 1514 miles
1399 1469 1476 1525 qui
1513 1469 1763 1524 religionis
1797 1479 1965 1533 uotum

342 1544 472 1590 fecit.
502 1545 653 1591 Pater
677 1546 973 1592 Benedictus
998 1562 1190 1603 quoque
1215 1546 1346 1592 dedit
1371 1547 1609 1592 exercitia
1645 1547 1722 1591 uni
1758 1545 1964 1603 discipu-

345 1623 406 1679 lo,
434 1623 510 1678 qui
547 1623 652 1678 pari
689 1623 834 1667 modo
870 1623 914 1667 in
949 1624 1247 1668 teatinorum
1283 1623 1501 1669 ordinem
1536 1639 1588 1669 se
1622 1624 1964 1680 ingressurum
2008 1637 2011 1641 “

346 1699 497 1744 uouit.

401 1777 443 1821 ὃ.
510 1776 655 1832 Quod
680 1785 844 1822 autem
870 1777 930 1822 ad
952 1787 1148 1822 nostros
1168 1777 1431 1834 discipulos
1451 1777 1677 1835 pertinet,
1700 1777 1894 1823 assidue
1914 1793 1967 1822 se

342 1851 386 1897 in
413 1853 849 1909 compositionibus
874 1864 1124 1911 exercent;
1153 1855 1231 1911 qui
1251 1864 1452 1911 praeter
1470 1865 1698 1900 caeteras
1717 1855 1968 1901 orationes

344 1946 466 1986 quas
492 1931 534 1975 in
561 1932 832 1976 coenaculo
860 1932 1074 1977 recitare
1104 1934 1278 1989 solent,
1316 1942 1418 1978 tres
1451 1933 1470 1960 ¹³
1505 1933 1550 1978 in
1585 1934 1765 1989 templo
1800 1942 1967 1978 nostro

343 2023 453 2053 cum
490 2008 731 2053 nonnullis
766 2008 991 2053 uersibus
1025 2009 1069 2053 in
1106 2008 1232 2054 festo
1257 2009 1642 2055 circumcisionis
1666 2009 1861 2054 Domini
1887 2010 1965 2054 ha-

344 2085 571 2142 buerunt,
607 2100 817 2141 quarum
853 2085 978 2130 duae
1014 2086 1210 2139 latinae,
1247 2086 1396 2131 tertia
1434 2101 1638 2143 graeca.
1683 2086 1852 2131 Pueris
1888 2086 1965 2142 qui

343 2162 657 2218 gymnasium
681 2161 945 2207 Societatis
969 2162 1299 2219 frequentant,
1326 2164 1475 2208 semel
1501 2164 1545 2208 in
1571 2163 1880 2208 hebdomada
1905 2164 1965 2208 le-

343 2239 477 2294 gitur
502 2239 726 2284 doctrina
750 2255 930 2295 xpana.
968 2255 1114 2295 quam
1148 2240 1352 2297 singulis
1386 2241 1556 2286 diebus
1589 2240 1726 2286 festis
1760 2256 1789 2285 a
1825 2256 1967 2297 pran-

344 2315 421 2360 dio
447 2315 735 2361 memoriter
759 2316 1092 2372 pronuntiant.

432 2393 571 2438 Haec
595 2404 720 2449 sunt,
750 2393 871 2438 Rde.
901 2393 1001 2450 Pin,
1039 2410 1163 2450 quae
1199 2395 1243 2439 in
1280 2395 1562 2450 praesentia
1597 2394 1803 2439 dicenda
1838 2394 1965 2439 uide-

346 2470 541 2515 bantur.
572 2469 839 2515 Caeterum
866 2469 1173 2515 orationibus
1198 2481 1245 2516 et
1269 2471 1524 2516 sacrificiis
1547 2471 1607 2516 R.
1636 2471 1689 2515 P.
1717 2480 1831 2516 tuae
1851 2471 1964 2515 alio-

389 2672 407 2690 ¹¹
459 2672 639 2717 Syllaba
672 2684 743 2717 per
770 2673 1011 2708 atramenti
1045 2674 1220 2708 masilla
1253 2673 1407 2712 deleta.
1442 2674 1600 2709 ilerum
1636 2675 1798 2719 scwpla
1830 2679 1965 2721 sapsa

343 2742 531 2767 versum.
586 2731 651 2757 --b
684 2731 1151 2776 Hocv.scmy>t11111est
1178 2737 1314 2777 snpra
1342 2743 1532 2776 versum,
1566 2732 1702 2769 delelo
1733 2733 1820 2768 also
1851 2733 1967 2778 qnod

345 2791 480 2835 legere
500 2801 584 2826 1107!
606 2791 818 2827 valevms.

392 2988 403 3005 ⁵
454 2988 490 3023 Is
510 2987 631 3023 fuisse
655 2988 811 3024 videtur
830 2988 877 3024 P.
908 2988 977 3024 Dr.
1000 2988 1151 3024 Riulus
1172 2988 1380 3033 Hofl'aeus,
1403 2990 1469 3035 qui
1491 2990 1622 3025 Roma
1642 2990 1680 3024 in
1701 2989 1963 3025 Germaniam

345 3047 526 3092 tendens,
549 3047 782 3093 aliquandiu
803 3047 959 3083 Patavii
982 3048 1029 3083 ob
1050 3047 1246 3083 infirmam
1268 3048 1540 3084 valetudinem
1562 3049 1781 3084 subsistere
1814 3049 1961 3085 debuit.

346 3105 408 3142 (ll.
436 3106 584 3142 Laim's
604 3107 811 3148 illomlmq
830 3106 881 3142 Ill
922 3107 998 3142 13‘2.
