2051 3516
653 283 943 321 64.-PAR1si1s
969 286 990 320 4
1015 295 1118 332 JUNn
1148 286 1238 321 1557
1642 290 1712 326 257

126 374 227 430 ptui
262 375 462 421 habere.
499 377 642 423 Initio
676 395 771 423 non
808 379 1135 432 assentiebar,
1178 397 1238 425 ne
1278 397 1457 427 exosos
1497 384 1757 430 redderem

124 466 215 496 nos
239 452 426 497 curioni
451 466 534 498 aut
565 455 669 500 eius
704 456 909 509 vicario;
948 456 1141 501 demum
1177 457 1512 504 insistentibus
1546 444 1643 505 dixi
1679 478 1756 508 me

123 542 219 573 non
244 528 454 574 libenter
478 530 524 575 id
548 531 798 578 facturum
832 533 936 578 sine
972 532 1168 578 licentia
1203 534 1436 580 curionis.
1474 535 1652 582 Statim
1691 540 1755 583 vi·

123 603 291 649 carius
315 606 378 650 ab
403 605 494 652 illis
518 623 804 664 persuasus,
831 609 893 654 ad
918 624 996 654 me
1021 611 1250 665 accessit,
1289 610 1456 659 dicens
1490 613 1602 658 mihi
1637 614 1752 660 inte-

121 695 268 736 grum
303 697 413 727 esse
448 683 677 740 quicquid
712 685 906 730 vellem.
945 685 1087 731 Tunc
1122 687 1289 732 audiui
1324 698 1566 745 quotquot
1600 692 1752 748 potui,

122 759 352 813 quamdiu
378 760 511 806 licuit
535 777 621 817 per
646 773 856 819 tempus:
885 763 1076 820 quibus,
1109 780 1203 809 non
1240 780 1352 821 ego,
1391 767 1475 811 sed
1510 766 1753 814 Dominus

118 835 359 881 satisfecit
399 839 610 884 abunde.
654 839 1021 885 Tantummodo
1061 840 1150 886 fuit
1189 841 1365 898 ingens
1404 845 1654 889 contentio
1693 846 1754 891 de

117 927 215 957 non
240 914 523 970 recipienda
548 917 775 972 pecunia.

181 997 216 1034 s.
283 990 372 1036 Est
397 991 546 1037 etiam
572 992 713 1038 nobis
735 993 991 1050 negotium
1016 995 1151 1040 circa
1182 995 1418 1043 infirmos.
1456 997 1557 1044 Vbi
1592 1000 1752 1045 nouis-

115 1067 238 1113 sime
263 1069 493 1114 occubuit
523 1069 828 1116 nobilissima
863 1072 1072 1127 quedam
1105 1084 1352 1129 matrona,
1391 1075 1750 1123 studiosissima

114 1155 318 1189 nostrae
343 1142 624 1202 Societatis‚
652 1162 681 1191 a
712 1163 809 1203 qua
843 1147 1099 1193 discedere
1136 1149 1221 1193 vix
1255 1159 1366 1195 erat
1400 1151 1515 1196 mihi
1551 1167 1750 1199 conces-

113 1236 238 1277 sum,
265 1221 422 1266 donec
447 1223 669 1269 exalauit
703 1225 920 1270 animam
955 1225 1081 1270 adeo
1115 1225 1244 1271 felici
1281 1237 1457 1284 morte,
1496 1240 1549 1273 vt
1587 1230 1748 1281 nullus

110 1313 204 1343 non
230 1308 397 1354 speret
423 1298 554 1343 illam
579 1300 676 1345 iam
702 1316 812 1346 esse
838 1317 923 1357 per
948 1301 1343 1348 misericordiam
1368 1303 1460 1349 Dei
1482 1305 1609 1350 inter
1628 1321 1742 1351 con-

111 1374 245 1419 ciues
269 1375 503 1432 paradisi,
531 1377 661 1422 omni
686 1378 846 1423 soluto
871 1379 1152 1434 purgatorii
1177 1379 1367 1425 dolore.

166 1450 208 1497 S.
277 1451 530 1508 Quantum
554 1454 616 1498 ad
641 1455 738 1499 alia
762 1456 1021 1513 exercitia,
1049 1456 1233 1513 triceps
1257 1457 1336 1503 ille
1370 1458 1572 1504 rabidus
1604 1460 1742 1505 canis

106 1544 355 1586 nunquam
379 1546 475 1574 non
500 1531 743 1589 mussitat3
770 1531 861 1577 fuit
886 1534 1014 1578 enim
1036 1533 1165 1579 inter
1189 1535 1482 1580 scolasticos
1507 1545 1556 1581 et
1577 1536 1607 1581 8
1625 1553 1739 1582 ima-

106 1605 349 1662 gistratus
372 1606 514 1652 huius
542 1608 678 1653 vrbis
702 1609 978 1654 concitatus
1004 1610 1098 1655 hoc
1122 1612 1346 1667 proxime
1377 1613 1547 1669 elapso
1572 1629 1741 1660 mense

106 1684 358 1740 tumultus,
386 1692 439 1729 vt
462 1700 603 1730 mare
628 1686 734 1731 celo
753 1686 1018 1732 miscerent
1038 1688 1101 1733 ob
1121 1688 1331 1745 litigium
1353 1689 1608 1735 cuius-clam
1630 1707 1740 1747 pra-

105 1760 139 1805 ti
164 1760 294 1817 quod
318 1760 515 1818 Vtrique
539 1762 777 1809 ambiunt.
804 1764 910 1808 Nec
935 1763 1198 1810 defuerunt
1218 1767 1437 1811 nonnulli
1456 1768 1520 1812 ab
1540 1768 1742 1825 antiquo

103 1837 245 1882 hoste
270 1838 509 1895 suscitati,
537 1839 615 1895 qui
640 1840 863 1886 dicerent
887 1857 977 1886 nos
1001 1851 1191 1887 tantam
1217 1858 1386 1888 rerum
1406 1846 1743 1900 perturbatio-

103 1930 215 1960 nem
239 1915 542 1971 reipublicae
561 1918 801 1963 attulisse.
830 1918 1020 1964 Diebus
1044 1921 1208 1965 multis
1227 1921 1426 1967 durauit
1445 1923 1627 1968 bellum
1649 1939 1741 1980 pro

102 1991 293 2037 foribus
317 1992 460 2037 huius
484 1993 675 2038 domus:
703 1995 900 2050 quidam
925 1995 1172 2051 dicebant,
1211 2006 1462 2044 tentantes
1495 2000 1636 2045 nobis
1671 2001 1736 2045 in-

101 2067 281 2113 uidiam
319 2068 492 2114 facere
534 2070 743 2127 cohorti,
780 2070 983 2128 jesuiste
1024 2089 1114 2118 nos
1153 2084 1325 2130 petunt
1364 2075 1606 2131 lapidibus
1648 2076 1737 2133 (sic

99 2145 227 2190 enim
250 2161 339 2190 nos
364 2147 584 2201 vocant);
613 2156 661 2192 et
686 2158 823 2193 certe
853 2149 1033 2194 mirum
1067 2160 1142 2195 est
1176 2160 1330 2196 totam
1368 2151 1499 2196 illam
1536 2154 1733 2198 turbam

98 2238 188 2267 nos
212 2238 308 2267 non
333 2223 575 2269 inuasisse
599 2225 659 2269 ad
687 2225 820 2270 illam
846 2242 1021 2271 vocem
1048 2238 1094 2271 et
1115 2228 1178 2272 ob
1199 2244 1450 2274 rumorem
1472 2245 1615 2285 quem
1636 2230 1735 2275 iam

97 2308 406 2355 sparserant3
434 2301 520 2345 sed
545 2301 604 2346 de
629 2302 853 2347 omnibus
878 2303 951 2347 his
975 2304 1117 2348 malis
1147 2313 1195 2349 et
1225 2305 1390 2350 multis
1425 2306 1532 2351 aliis
1569 2321 1729 2363 prece—

99 2375 325 2421 dentibus
348 2377 525 2432 eripuit
549 2393 638 2422 nos
662 2378 920 2424 Dominus.
946 2379 1020 2425 Illi
1044 2381 1133 2426 soli
1164 2381 1322 2426 honor
1357 2392 1404 2427 et
1438 2383 1616 2440 gloria,
1655 2384 1734 2440 qui

96 2451 335 2498 hactenus
380 2454 609 2500 militauit
648 2471 739 2511 pro
789 2457 946 2509 nobis,
995 2467 1044 2502 et
1088 2458 1310 2503 seruauit
1350 2459 1475 2503 hunc
1521 2473 1734 2516 gregem

94 2544 237 2574 suum
268 2530 581 2589 incolumem,
616 2532 728 2578 licet
762 2533 898 2579 multi
933 2534 1015 2579 alii
1051 2535 1337 2581 ceciderunt
1372 2536 1555 2592 gladio.
1590 2536 1733 2582 Haec

94 2607 276 2663 scribo,
303 2607 364 2653 R.
392 2608 465 2666 P.,
494 2618 546 2653 vt
570 2625 665 2654 non
690 2611 922 2666 graueris
946 2613 1140 2668 gratias
1172 2629 1329 2670 agere
1354 2613 1568 2658 Domino
1600 2613 1727 2673 Deo,

95 2683 175 2740 qui
199 2699 289 2729 nos
313 2684 545 2730 liberauit
569 2687 632 2732 ab
657 2687 796 2732 hoste
822 2688 1059 2745 maligno,
1083 2689 1163 2746 qui
1197 2690 1242 2734 in
1277 2690 1372 2734 hoc
1394 2691 1606 2735 tumultu
1641 2707 1730 2736 nos

93 2759 349 2806 inuoluere
374 2763 616 2808 tentabat.

150 2838 192 2884 9.
260 2837 531 2885 Caeterum
556 2850 631 2885 est
662 2841 823 2887 adhuc
847 2843 977 2888 bona
1010 2858 1123 2900 spes
1155 2858 1395 2900 prospere
1426 2845 1729 2890 valetudinis

91 2914 274 2960 domini
319 2917 536 2974 episcopi
579 2919 944 2965 claromontani
998 2922 1028 2965 1.
1084 2919 1342 2966 Concedat
1384 2920 1629 2967 Dominus
1674 2935 1728 2968 vt

93 2993 435 3058 mus
454 3035 478 3058 a
503 3022 639 3059 Prato.
672 3023 787 3060 Vixit
813 3037 943 3070 usque
976 3025 1025 3061 ad
1053 3037 1202 3061 annum
1232 3025 1339 3062 1560.
1374 3025 1438 3063 Cf.
1470 3027 1626 3064 Laim‘z'
1651 3027 1719 3065 Mo

90 3091 228 3121 num..
252 3080 306 3122 V,
328 3081 398 3117 322
416 3094 502 3128 sqq.

234 3162 399 3192 LITTERAE
420 3164 716 3197 QUADRIMESTRES.
739 3166 829 3194 ToM.
851 3166 887 3193 V.
1552 3171 1582 3198 17
