2051 3516
359 294 424 330 16¹2
821 291 943 326 lpi'r‘riff
952 302 970 325 i<
980 301 1033 325 ΛΕ
1060 290 1258 335 (Quianam
1267 300 1414 324 Es‘riffis

309 405 454 445 quam
481 390 732 433 literarum
765 385 940 439 studio,
978 385 1089 430 licet
1125 385 1365 429 rationem
1401 384 1615 428 habeant
1649 383 1917 440 utriusque,

309 482 402 522 quo
428 466 611 510 debiles
645 464 802 508 adhuc
837 470 854 489 ³
885 472 932 506 et
965 461 1182 506 infirmos
1223 461 1436 505 retinere
1471 461 1656 516 possint
1682 461 1921 517 tantisper

309 543 464 587 donce*
489 543 506 567 ¹³
532 541 688 595 magis
711 538 1059 584 confirmentur
1080 545 1110 582 ς.
1140 538 1277 582 Haec
1303 537 1360 581 de
1386 536 1564 581 scholis
1588 537 1785 582 nostris.

367 619 407 662 (ὀ.
475 618 611 662 Nunc
655 616 842 659 l'ructus
884 614 901 640 ‘¹
937 614 1299 659 confessionum
1335 628 1394 657 ac
1428 613 1717 658 concionum
1754 612 1922 669 paucis

310 694 517 750 accipiat
541 703 624 738 tua
650 691 923 736 reuerenda
953 691 1248 736 paternitas.
1278 689 1528 734 Honestae
1552 698 1826 744 matronae,
1863 690 1922 734 de

311 771 481 826 quibus
505 779 665 818 antea,
696 778 743 813 ut
768 767 954 824 opinor,
983 767 1215 824 scriptum
1242 775 1330 822 est,
1360 766 1402 810 in
1425 782 1512 810 suo
1538 766 1805 822 proposito,
1832 766 1923 810 hoc

311 858 382 892 cst
407 848 449 891 in
477 847 668 903 pietatis
693 844 870 901 officio,
894 844 1098 889 firmiter
1117 853 1457 901 perseuerant,
1481 843 1593 889 licet
1613 843 1804 888 interim
1825 843 1920 887 suf-

312 925 441 968 l'erre
466 932 710 979 cogantur
734 922 1055 966 aemulorum
1080 922 1378 966 inmidorum
1409 926 1424 946 Ε
1449 920 1720 965 calumnias
1748 919 1773 965 f.
1797 919 1922 964 Con-

312 1000 492 1045 litentui
528 999 653 1044 enim
679 1013 1049 1054 saepenumero,
1077 998 1319 1053 quaedam
1355 997 1501 1053 (quod
1534 997 1577 1041 in
1601 997 1694 1041 hac
1728 996 1924 1041 natione

311 1077 612 1121 rarissimum
638 1076 728 1132 est)
754 1084 933 1120 octauo
958 1091 1151 1131 quoque
1175 1075 1251 1119 die
1286 1083 1482 1119 sumunt
1516 1089 1714 1119 sacram
1748 1074 1922 1119 eucha-

311 1153 513 1207 ristiam;
541 1168 737 1197 sacrum
762 1152 941 1196 missae
966 1150 1181 1196 officium
1207 1151 1421 1207 quotidie
1445 1151 1595 1195 certis
1613 1150 1746 1195 horis
1780 1151 1923 1194 deuo-

309 1238 356 1273 te
380 1229 594 1281 audiunt;
622 1228 691 1273 sic
714 1228 859 1272 etiam
884 1227 1019 1272 multi
1044 1228 1277 1281 homines,
1312 1227 1540 1272 maxime
1563 1234 1581 1260 g
1608 1227 1848 1282 hispanici
1879 1236 1926 1271 et

310 1305 481 1356 italicis
504 1305 649 1361 aliqui
676 1305 838 1362 etiam,
864 1304 950 1349 sed
976 1305 1134 1360 pauci,
1162 1304 1406 1360 germani.

367 1382 408 1426 7,
475 1381 525 1425 ln
561 1381 687 1425 festo
722 1381 1116 1426 annunciationis
1157 1380 1392 1437 deiparae
1432 1380 1655 1436 Virginis
1689 1380 1825 1425 multi
1863 1380 1925 1425 ad

309 1457 666 1502 confessionem
711 1468 759 1502 et
803 1457 1193 1502 communionem
1238 1466 1613 1502 concurrerunt.
1664 1456 1925 1501 Dominica

310 1550 428 1579 uero
462 1535 753 1590 palmarum,
791 1543 930 1580 tanta
963 1534 1051 1579 fuit
1091 1534 1427 1579 confitentium
1462 1535 1620 1591 copia,
1657 1543 1709 1579 ut
1748 1534 1924 1581 Patres

311 1611 461 1656 nostri
486 1611 633 1667 longo
659 1611 828 1656 labore
853 1627 946 1656 non
972 1627 1148 1668 parum
1168 1611 1406 1656 debilitati
1428 1612 1742 1667 praenimia
1761 1611 1924 1656 multi-

310 1688 484 1732 tudine
507 1688 666 1734 coacti
690 1688 873 1734 fuerint
897 1704 1013 1733 suas
1036 1689 1177 1734 sedes
1208 1698 1254 1734 et
1285 1689 1603 1734 confessuros
1628 1689 1920 1745 relinquere.

310 1763 586 1809 Periculum
611 1765 737 1809 enim
762 1774 871 1810 erat
894 1780 953 1810 ne
983 1765 1238 1810 adstantes
1263 1765 1410 1810 etiam
1434 1774 1636 1821 praeter
1670 1781 1809 1810 suam
1845 1780 1925 1810 uo-

311 1842 541 1886 luntatem
567 1842 721 1887 uerba
745 1841 1077 1887 confitentium
1103 1843 1449 1898 intelligerent.
1474 1842 1525 1887 ln
1550 1852 1725 1888 sancta
1749 1851 1796 1888 et
1820 1842 1925 1887 ulti-

311 1933 391 1962 ma
434 1919 844 1974 quadragesimae
888 1919 1196 1964 hebdomada
1235 1929 1375 1965 tanta
1421 1920 1511 1965 fuit
1556 1919 1828 1976 multitudo,
1875 1929 1926 1964 ut

311 1994 457 2039 etiam
483 2005 594 2040 octo
619 1995 904 2041 sacerdotes
929 1996 997 2041 eis
1032 1995 1293 2041 difficulter
1327 1996 1621 2042 satisfacere
1656 1997 1927 2054 potuissent

311 2071 356 2115 in
396 2087 596 2117 munere
635 2073 987 2118 audiendarum
1028 2074 1410 2120 confessionum.
1453 2074 1628 2120 Messis
1667 2089 1786 2120 sane
1826 2090 1926 2119 ma-

311 2163 410 2203 gna
433 2148 538 2206 fuit,
565 2150 778 2206 operarii
804 2166 923 2195 uero
947 2151 1089 2207 pauci
1116 2153 1143 2195 ¹.
1171 2151 1232 2196 Et
1257 2151 1371 2196 illud
1395 2151 1561 2197 dicere
1582 2156 1866 2208 possumus
1890 2151 1923 2196 ¹¹:

312 2224 511 2270 Paruuli
536 2235 704 2282 petunt
728 2242 920 2283 panem,
947 2228 1031 2273 sed
1057 2244 1149 2273 non
1174 2233 1249 2273 est
1271 2229 1350 2285 qui
1375 2228 1584 2286 frangat
1605 2227 1612 2255 ³
1648 2229 1717 2274 eis
1743 2230 1775 2274 ².

369 2301 412 2346 8.
477 2303 598 2348 Boni
624 2304 714 2348 uiri
739 2320 853 2350 suos
877 2321 1052 2351 seruos
1077 2315 1124 2351 et
1149 2306 1354 2351 ancillas
1378 2306 1440 2351 ad
1465 2322 1553 2351 nos
1588 2307 1800 2363 mittunt,
1828 2306 1926 2352 exi-

313 2388 528 2435 guntque
552 2380 615 2424 ab
648 2380 717 2425 eis
740 2381 1085 2438 testimonium,
1109 2383 1446 2439 quofirmiter
1469 2387 1814 2428 contestentur
1834 2397 1888 2427 se
1908 2382 1916 2416 1'

313 2456 491 2500 nostris
528 2456 757 2502 Patribus
790 2473 897 2503 esse
933 2459 1203 2504 confessos.
1242 2459 1505 2517 [Sequitur
1536 2461 1677 2504 locus
1710 2460 1772 2504 de
1809 2473 1925 2517 quo-

315 2534 553 2578 ramulam
578 2534 1031 2590 anabaptl'starnm
1058 2536 1424 2593 conversiomu]

365 2738 381 2758 a
424 2732 619 2769 debiles...
650 2734 687 2769 in
714 2733 803 2770 fide.
858 2735 921 2761 —b
959 2735 1064 2771 dum.
1133 2744 1195 2763 jc
1230 2736 1528 2774 confirmantur.
1605 2736 1662 2763 —d
1695 2737 1744 2773 de
1772 2736 1920 2773 fructu.

323 2811 330 2812 ff
365 2798 380 2817 e
427 2792 607 2828 aliorum.
666 2793 716 2819 „f
760 2794 850 2839 Sec).
879 2806 916 2830 v.
951 2795 1137 2831 abscondi
1165 2797 1232 2832 vel
1255 2797 1431 2833 abscindi
1460 2797 1595 2833 ohlz'lt.
1646 2804 1712 2831 —g
1745 2809 1927 2842 praeser-

317 2850 397 2886 tim.
445 2851 506 2877 ΜΗ
544 2864 638 2887 vere
666 2853 876 2898 potuimus.
935 2854 980 2880 --ῑ
1009 2868 1083 2890 non
1105 2861 1190 2891 erat
1210 2857 1275 2901 qui
1305 2856 1525 2902 frangeret.
1576 2856 1629 2890 ei
1662 2861 1815 2893 constet
1843 2869 1925 2892 eos.

366 3024 374 3042 1
426 3023 609 3069 MATTH„
629 3024 700 3068 IX,
729 3025 786 3061 137.

365 3082 377 3100 '²
427 3082 601 3129 'l'nRENq
623 3083 696 3126 IV,
718 3085 749 3120 4.
