2051 3516
592 271 891 309 73.—C01-ox1.x
924 272 966 307 14
989 272 1098 318 JrLH
1128 271 1217 307 1337
1600 272 1670 308 297

98 367 317 413 moribus
343 367 528 413 distare
563 367 809 413 uidentur.
847 366 1086 412 Libenter
1120 366 1448 422 poenitentias
1482 367 1724 412 iniunctas

96 444 383 501 suscipiunt,
423 460 512 490 sua
547 453 720 502 sponte
754 445 899 490 toties
934 442 1231 489 confitentur
1255 459 1314 488 ac
1339 444 1722 499 communicant,

96 531 245 578 atque
274 521 478 579 fratres,
505 523 790 578 superiores
813 536 930 567 suos
953 522 1225 566 obseruant
1249 530 1297 566 et
1321 511 1503 576 colunt,
1532 537 1583 566 se
1610 521 1723 565 inui—

96 613 203 644 cem
227 607 280 643 ut
301 597 488 644 fratres
511 610 680 644 amant
703 608 752 644 et
776 607 979 655 praeter
1003 613 1199 643 omnem
1234 598 1427 654 patriae
1463 609 1722 643 consuetu-

97 675 257 720 dinem
298 674 369 732 (ut
404 684 453 720 et
485 676 671 721 caeteri
711 674 952 732 discipuli)
992 675 1257 720 coronulas
1292 690 1410 719 suas
1444 675 1642 720 habent.
1680 675 1727 720 A

97 751 328 797 Patribus
353 751 536 797 nostris
568 753 850 809 neutiquam
886 751 1113 809 separari
1146 752 1344 797 uellent.
1372 751 1425 796 In
1460 751 1554 796 hoc
1578 767 1606 796 a
1631 751 1726 797 fra-

96 829 253 874 tribus
293 829 545 885 differunt,
588 830 716 886 quod
751 828 1016 875 Societatis
1045 836 1062 856 ³
1095 845 1191 874 non
1225 839 1353 874 sunt.
1385 828 1528 873 Vnus
1562 838 1726 874 tamen

96 921 285 963 eorum,
330 908 588 952 rhetorum
632 907 739 953 fere
778 907 1092 964 praecipuus,
1134 907 1279 952 ualde
1319 906 1381 951 ad
1422 904 1726 951 Societatem

97 985 326 1030 trahitur.
356 983 453 1030 Sed
489 985 570 1030 diu
605 985 862 1041 deliberat,
889 985 1080 1030 iuuenis
1113 984 1241 1030 enim
1279 993 1479 1041 praeter
1514 993 1729 1029 aetatem

97 1062 311 1120 prudens
336 1071 425 1117 est,
455 1072 502 1108 et
528 1063 750 1114 eximius,
778 1072 829 1108 ut
852 1079 1017 1119 spero,
1044 1063 1137 1108 Dei
1162 1063 1384 1108 minister
1408 1062 1621 1107 futurus.

154 1141 197 1185 4.
269 1140 405 1185 Multi
438 1140 639 1197 insuper
673 1140 1025 1196 discipulorum
1060 1140 1139 1197 qui
1175 1140 1429 1185 nobiscum
1465 1156 1561 1185 non
1596 1140 1728 1185 habi-

96 1227 217 1274 tant,
240 1227 422 1264 octauo
447 1227 533 1264 aut
557 1219 920 1275 decimoquinto
947 1234 1140 1276 quoque
1165 1219 1241 1263 die
1266 1228 1475 1274 peccata
1496 1217 1729 1263 confiten-

97 1304 178 1340 tur
208 1305 256 1341 et
285 1296 653 1341 sanctissimum
690 1295 874 1341 Christi
909 1311 1092 1353 corpus
1126 1307 1398 1341 assumunt.
1432 1295 1730 1340 Dialectico-

98 1388 206 1418 rum
241 1388 436 1430 quoque
472 1387 608 1418 unns
641 1372 1078 1419 adbSocietatem
1118 1373 1309 1418 admitti
1348 1372 1614 1418 desiderat.
1652 1372 1730 1417 Li-

97 1451 341 1496 centiatus
366 1451 502 1504 iuris,
530 1467 654 1496 coss.
686 1450 948 1496 Liskirchii
972 1453 984 1475 ¹
1011 1450 1188 1507 affinis,
1211 1450 1451 1496 famulum
1475 1465 1617 1495 suum
1643 1448 1730 1496 So-

97 1528 265 1574 cietati
301 1528 492 1574 obtulit:
520 1528 548 1573 6
570 1529 888 1585 grammatici
923 1529 1109 1586 ingenti
1146 1528 1391 1574 desiderio
1423 1528 1486 1573 ad
1510 1527 1729 1573 Societa-

99 1616 196 1651 tem
220 1606 470 1651 anhelant.
498 1606 604 1651 Hos
629 1606 674 1651 in
700 1606 829 1652 bono
854 1607 947 1652 isto
973 1606 1226 1663 proposito
1251 1621 1558 1651 conseruare
1581 1620 1728 1650 cona-

99 1684 260 1729 bimur
285 1683 608 1740 quoadusque
643 1684 706 1728 ad
739 1700 828 1729 nos
864 1693 1150 1729 reuertatur
1180 1684 1240 1729 R.
1278 1684 1332 1729 P.
1371 1684 1667 1729 Leonardus
1697 1684 1729 1728 ⁴2.

98 1761 207 1806 Non
243 1760 440 1806 aliunde
474 1761 552 1806 hic
588 1761 790 1807 vberior
823 1762 997 1807 messis
1031 1761 1298 1818 colligitur,
1326 1777 1473 1817 quam
1497 1754 1627 1817 apud
1651 1761 1732 1806 du-

97 1840 237 1885 ctiles
272 1839 547 1885 huiusmodi
582 1839 943 1885 adolescentes.
974 1839 1245 1885 Caeterum
1270 1853 1368 1897 <2110
1393 1840 1577 1885 messis
1606 1839 1735 1884 llaec

99 1917 378 1974 colligatur
407 1916 631 1969 vberius,
669 1917 825 1962 auide
864 1917 1147 1962 admodum
1187 1922 1522 1973 expectamus
1560 1917 1625 1961 R.
1669 1916 1728 1961 P.

100 1994 451 2048 Leonardmn,
479 1998 527 2038 et
560 1999 834 2052 utrumqne
867 1993 934 2038 JI.
983 1994 1366 2042 Theodorz'cmn.
1405 1994 1732 2039 Amstema'cz-

100 2076 314 2117 suntne!
339 2071 608 2117 Cam‘stmn
633 2072 672 2116 ²³:
696 2086 822 2129 qnos
845 2072 975 2117 (lesos
997 2072 1046 2116 si
1067 2073 1238 2117 adlmc
1259 2072 1472 2117 Colonia
1490 2072 1729 2123 obtineat,

99 2149 342 2205 deinceps
375 2153 626 2207 tanquam
646 2149 922 2206 foecunda
956 2154 1124 2194 mater
1157 2163 1256 2194 7207!
1290 2149 1563 2205 petet,sec1'
1594 2148 1733 2193 colle-

95 2227 204 2283 giis
228 2227 348 2271 aliis
370 2226 527 2278 dahis,
554 2226 1087 2284 speramus,fraires.

158 2319 200 2349 o.
270 2304 398 2350 Ante
432 2319 626 2349 menses
661 2304 848 2361 aliquot
882 2304 1142 2349 adiunctus
1178 2304 1317 2350 nobis
1352 2304 1440 2349 fuit
1476 2304 1731 2349 cuiusdam

146 2471 163 2491 ὃ
238 2464 285 2500 de
305 2463 511 2501 Societate
531 2470 680 2501 nostra.
747 2464 813 2493 —b
888 2478 989 2501 vnus
1008 2466 1057 2501 ad
1081 2466 1183 2511 [sic]-

149 2610 156 2628 ¹
211 2608 504 2645 Constantinus
523 2608 792 2654 Lyskirchen.

147 2668 159 2687 ²
210 2668 258 2704 P.
284 2668 524 2704 Leonardus
544 2667 706 2713 Kessel‚
728 2674 861 2704 rector
880 2668 989 2705 illius
1010 2669 1186 2715 collegii,
1210 2669 1276 2715 qui
1301 2670 1471 2704 Romam
1490 2667 1539 2703 ad
1559 2680 1735 2714 genera-

101 2728 182 2764 lem
201 2734 445 2764 conventum
465 2727 670 2775 profectus
690 2728 833 2765 fuerat.

147 2788 160 2807 ³
211 2787 265 2824 Hi
284 2788 361 2824 duo
380 2789 537 2824 Romae
564 2794 659 2824 tunc
686 2788 827 2824 studiis
855 2788 1004 2824 dabant
1024 2800 1200 2834 operam.
1233 2787 1389 2823 Neuter
1417 2786 1631 2824 Coloniam
1659 2788 1735 2824 hac

102 2852 343 2894 tempestate
364 2848 488 2884 venit.
510 2847 863 2888 Amsterodamus,
886 2861 958 2884 seu
977 2847 1166 2888 Gerardi,
1189 2860 1278 2883 cum
1299 2848 1338 2883 in
1358 2847 1569 2884 Poloniam
1590 2860 1736 2895 perge-

101 2912 176 2951 ret,
197 2907 294 2943 obiit
313 2907 581 2953 Vindobonae
603 2909 730 2954 prima
749 2908 812 2945 die
833 2907 1020 2945 Octobris
1040 2908 1133 2944 anni
1156 2907 1258 2943 1535.
1282 2906 1345 2944 Cf.
1367 2907 1732 2944 BRAUNSBERGER.

102 2966 155 3003 Β.
176 2967 300 3003 Petri
319 2967 486 3004 Canisii
503 2969 642 3013 epist„
662 2968 712 3010 H,
733 2968 814 3005 ⁴309.
838 2967 1029 3005 Canisius
1049 2967 1262 3003 Coloniam
1282 2967 1439 3008 missus,
1462 2969 1500 3003 in
1520 2968 1668 3004 itinere
1684 2968 1734 3003 ad

101 3027 351 3073 superiorem
370 3026 636 3064 Germaniam
655 3028 825 3064 tendere
844 3029 978 3075 jussus
998 3034 1071 3064 est.
1095 3026 1157 3063 Cf.
1181 3026 1336 3064 Laim'z'
1354 3027 1553 3064 Monam.
1578 3027 1628 3070 ΙΙ,
1649 3027 1732 3070 572;

103 3084 464 3131 BRAUNSBERGER,
486 3088 561 3124 loc.
583 3087 665 3131 cit,
688 3087 771 3133 313,
793 3088 874 3124 317.
