2051 3516
365 294 434 330 480
829 292 1045 330 LITTERAE
1072 292 1419 337 OcAnaiMEsrREs

322 405 508 446 pacem:
537 398 777 434 tentatum
812 390 855 434 id
891 400 978 439 est,
1007 401 1051 434 et
1085 390 1164 433 illa
1199 404 1324 444 quae
1359 388 1632 444 praecipua·
1662 388 1937 433 discordiae

322 467 534 510 autlzm'x
571 472 586 491 ³
625 465 938 521 credebatur,
982 465 1225 510 humiliter
1263 480 1315 509 se
1359 464 1682 509 confessionis
1722 464 1939 509 remedio

322 543 542 597 subiecit,
571 554 617 587 et
641 542 707 586 sic
734 542 850 587 inita
874 558 969 598 pax
998 552 1069 586 est
1095 551 1141 586 et
1166 549 1336 585 secuta
1360 540 1644 585 concordia.
1679 540 1787 585 Hoc
1820 540 1937 584 nati-

323 620 488 664 uitatis
514 618 696 664 Christi
723 619 849 663 festo
886 620 1019 664 multi
1056 618 1386 663 eucharistiae
1421 627 1468 662 et
1503 618 1831 674 poenitentiae
1866 633 1939 661 sa-

323 705 630 741 cramentum
652 695 1046 751 frequentarunt,
1066 704 1111 739 ct
1134 702 1332 750 propter
1351 694 1666 739 sacerdotum
1688 694 1939 750 penuriam

325 773 490 818 uariis
513 773 604 816 lzoc
627 776 855 827 [empore
889 772 1116 827 negociis
1150 775 1516 826 occupatorem
1548 770 1772 815 omnibus
1805 771 1940 814 satis-

326 849 433 894 fieri
459 864 551 893 non
578 848 750 904 potuit.

384 926 424 971 2.
492 925 633 981 Quod
660 926 721 970 ad
747 927 1009 971 conciones
1033 925 1224 981 attinet,
1252 925 1369 970 fiunt
1395 926 1485 970 hae
1517 940 1654 968 more
1689 933 1942 979 consuetO,

325 1013 372 1048 et
405 1019 517 1059 non,
554 1004 690 1060 qnod
711 1004 728 1030 b
752 1019 912 1059 spero,
941 1004 1043 1048 sine
1069 1003 1252 1059 fructu,
1281 1003 1471 1048 etiamsi
1513 1018 1607 1046 non
1648 1017 1818 1046 omnes
1857 1016 1946 1045 nos

325 1080 594 1125 christiano
629 1081 1023 1136 complectantur
1057 1079 1258 1124 affectu.
1289 1079 1397 1124 Hoc
1433 1078 1626 1135 plurimi
1663 1078 1826 1143 dicere
1850 1093 1944 1121 non

326 1166 578 1210 uerentur,
606 1172 695 1201 nos
720 1157 912 1212 quidem
948 1158 1071 1201 bene
1105 1166 1153 1201 et
1189 1156 1358 1201 viuere
1383 1166 1429 1201 et
1452 1154 1759 1212 juventutem
1784 1155 1942 1210 probe

329 1234 599 1290 instituere,
637 1234 721 1278 sed
761 1234 1023 1279 ueritatem
1064 1250 1123 1279 ex
1159 1233 1385 1290 professo
1426 1249 1520 1278 non
1555 1232 1716 1277 fateri.
1754 1232 1876 1276 Hinc
1902 1232 1945 1276 in

329 1311 531 1356 Boemia
566 1319 612 1355 et
647 1326 733 1366 per
767 1320 918 1355 totam
953 1310 1106 1355 ferme
1132 1309 1452 1355 Germaniam
1489 1308 1763 1354 aduersarii
1789 1309 1947 1353 nullos

329 1387 476 1444 (quod
507 1402 746 1443 persaepe
780 1387 1023 1439 audimus)
1058 1397 1258 1443 praeter
1293 1386 1558 1432 Societatis
1590 1385 1702 1430 lesv
1726 1385 1946 1429 homines

329 1465 514 1510 timent.
544 1464 652 1509 Hoc
676 1475 841 1510 autem
867 1466 1069 1510 multum
1093 1469 1250 1509 totam
1276 1463 1578 1509 Societatem
1610 1470 1625 1490 ⁰
1651 1461 1948 1507 confirmare

329 1554 375 1587 et
400 1542 623 1587 animare
656 1551 831 1604 potest,
860 1552 910 1587 ut
946 1542 990 1586 in
1026 1557 1258 1598 magnam
1294 1556 1429 1597 spem
1466 1541 1720 1586 ueniamus
1745 1539 1868 1595 lore,
1892 1549 1948 1589 ‚ut

331 1618 593 1674 aliquando
628 1633 714 1674 per
748 1615 1054 1663 Societatem
1078 1617 1095 1644 ‘¹
1122 1618 1355 1663 uberrimi
1387 1617 1576 1662 fructus
1602 1624 1867 1661 metantur.
1895 1615 1946 1659 In
2005 1629 2008 1633 ·

332 1696 423 1740 hac
457 1695 656 1740 ciuitate
691 1695 1039 1740 ecclessiarum
1074 1710 1308 1751 proceres
1335 1694 1403 1752 ,ad
1440 1710 1526 1738 nos
1562 1693 1775 1738 maxime
1820 1692 1946 1737 refu-

332 1772 487 1828 giunt,
529 1772 568 1816 si
613 1772 806 1828 quando
845 1788 967 1828 opus
1011 1782 1084 1816 est
1129 1771 1577 1822 concionat01·ibus;
1620 1769 1951 1814 destituuntur

335 1849 480 1904 enim,
509 1857 558 1892 ut
582 1848 859 1904 plurimum,
887 1848 992 1893 fidis
1016 1849 1440 1904 dispensatoribus
1466 1847 1816 1903 mysteriorum
1842 1845 1951 1900 Dei,

336 1925 414 1981 qui
439 1926 617 1981 populo
641 1925 918 1970 catholicae
943 1925 1050 1970 fidei
1071 1930 1117 1969 et
1136 1926 1345 1970 animae
1364 1925 1595 1981 pabulum
1615 1922 1821 1968 fideliter
1845 1937 1954 1978 pro-

337 2012 536 2058 ponant.
566 2003 625 2047 Et
650 2002 876 2058 quamuis
900 2018 1047 2058 saepe
1073 2003 1115 2046 in
1143 2002 1346 2058 publicis
1382 2001 1698 2046 concionibus
1723 2000 1955 2044 aduersa-

335 2078 521 2123 riorum
546 2094 638 2123 non
666 2080 875 2124 obscure
911 2088 1154 2129 notemur,
1184 2088 1232 2124 ut
1259 2079 1467 2135 populus
1502 2078 1594 2123 odii
1632 2077 1813 2134 aliquid
1846 2092 1956 2121 con-

335 2161 411 2201 tra
436 2170 523 2200 nos
546 2155 806 2211 concipiat,
835 2156 980 2200 nihilo
1007 2156 1162 2200 minus
1186 2168 1347 2200 tamen
1374 2155 1628 2211 pergimus
1651 2154 1794 2199 solito
1819 2168 1957 2197 more

339 2233 485 2277 diuini
525 2232 662 2278 uerbi
703 2249 867 2278 semen
910 2249 1167 2289 spargere.
1207 2233 1450 2277 Proximis
1491 2232 1562 2276 his
1601 2232 1788 2287 diebus,
1826 2229 1959 2274 finita

339 2309 594 2360 concione,
631 2310 676 2354 in
717 2310 840 2354 aede
880 2310 929 2354 S
969 2310 1222 2365 Stephani,
1261 2310 1465 2354 honesta
1508 2308 1750 2365 quaedam
1787 2306 1960 2352 mulier

340 2386 458 2432 flens
493 2386 813 2432 confessionis
848 2387 1119 2431 antidotum
1155 2387 1306 2442 petiit,
1346 2402 1533 2442 suaque
1570 2394 1776 2445 peccata
1811 2384 1959 2428 etiam

341 2462 384 2507 in
410 2464 518 2508 loco
543 2464 784 2508 ecclesiae
809 2463 1003 2519 publico
1038 2479 1222 2519 magna
1258 2479 1367 2507 cum
1402 2463 1675 2508 humilitate
1714 2470 1761 2506 et
1799 2460 1962 2505 cordis

341 2540 634 2585 contritione
658 2550 732 2585 est
756 2540 1001 2596 confessa,
1029 2556 1116 2585 nec
1152 2540 1254 2585 sine
1290 2540 1529 2596 singulari
1566 2539 1713 2583 animi
1738 2538 1959 2582 consola-

342 2618 471 2661 tione
506 2617 745 2662 discessit.
773 2617 983 2673 Quidam
1020 2617 1229 2673 ingenue
1263 2633 1314 2661 se
1349 2617 1562 2672 quodam
1598 2631 1778 2671 magno
1814 2614 1960 2659 dubio

343 2693 451 2739 fidei
487 2694 746 2740 liberatum
782 2710 890 2740 esse
925 2694 1060 2749 dixit,
1091 2703 1347 2750 postquam
1384 2694 1644 2749 aliquoties
1680 2702 1962 2737 nostrorum

345 2771 529 2816 audiuit
553 2772 830 2817 conciones.

402 2849 427 2867 ¹)

401 2867 443 2892 0.
511 2848 585 2894 De
611 2850 743 2906 regis
768 2849 1106 2895 Romanorum
1143 2851 1153 2872 ¹
1181 2864 1304 2904 erga
1335 2847 1635 2893 Societatem
1668 2855 1887 2891 nostram
1916 2845 1963 2888 li-

393 3008 409 3027 a
458 2997 591 3022 causa.
654 2983 712 3008 *b
747 2987 798 3017 vt.
852 2988 914 3008 sc
958 2986 1147 3016 nostram.
1185 2978 1266 3004 'ud
1301 2990 1402 3014 eam.

399 3111 406 3126 ¹
460 3104 739 3143 Ferdinandus
760 3102 787 3139 l.
