2051 3516
348 316 418 353 620
812 317 1033 354 LITTERAE
1059 316 1416 361 QUADRiqus‘rREs

303 427 395 457 nus
421 418 438 437 ³
467 411 734 464 Francisci,
772 412 1032 468 episcopus
1066 410 1298 457 Galissae
1333 414 1343 436 ¹
1384 412 1507 468 [sz'c],
1542 413 1622 468 qui
1652 428 1747 457 non
1771 413 1926 457 solum

303 503 494 533 omnem
519 503 725 543 operam
759 503 916 546 suam,
954 503 1079 544 quae
1114 489 1253 533 nobis
1288 489 1396 534 vsui
1430 499 1560 533 esset
1594 489 1723 545 apud
1758 505 1927 534 caesa-

304 580 425 619 rem,
453 564 538 610 sed
562 574 610 609 et
635 566 877 610 bonorum
900 580 1103 610 suorum
1128 565 1554 621 participationem
1580 565 1719 610 nobis
1743 581 1805 611 ex
1829 567 1926 611 ani-

305 657 383 685 mo
409 642 603 686 obtulit.

360 717 402 763 8.
466 717 597 773 Quid
637 718 796 763 dicam
835 719 894 764 de
929 719 1069 763 huius
1106 718 1240 764 vrbis
1275 718 1468 764 incolis?
1501 719 1711 777 Paucos,
1748 719 1926 776 fateor,

304 793 529 838 fautores
553 794 680 839 inter
703 795 792 839 hos
814 796 1067 850 habemus,
1095 794 1402 840 fidelissimos
1432 804 1596 840 tamen
1622 795 1745 851 illos,
1782 812 1842 841 ac
1865 796 1927 841 ci-

304 871 470 916 uitatis
496 871 807 927 praecipuos.
834 872 944 916 Non
965 871 1243 927 diffidimus,
1267 872 1377 928 quin
1398 872 1594 917 tandem
1616 873 1804 918 veritas
1823 873 1928 929 ipsa

308 948 380 1002 (vt
404 947 686 993 Zorobabel
710 949 797 1003 ait)
822 949 987 993 vincet
1011 949 1042 1001 ⁵²,
1069 959 1117 993 et
1142 948 1403 1004 impiorum
1427 949 1794 1004 improbitatem
1820 965 1932 1006 syn-

307 1039 425 1069 cera
450 1024 621 1079 pietas.

362 1100 405 1146 9.
474 1099 728 1157 Superest,
755 1117 816 1146 ne
839 1102 928 1147 sim
954 1101 1209 1158 prolixior,
1238 1110 1290 1146 vt
1313 1102 1554 1157 quaedam
1579 1117 1706 1146 nunc
1734 1102 1929 1147 subiun—

305 1193 421 1234 gam
457 1177 517 1222 de
551 1177 714 1223 fructu
752 1178 1041 1223 concionum
1076 1187 1381 1233 nostrarum,
1424 1194 1566 1233 quem
1601 1178 1831 1234 precipue
1869 1195 1931 1223 ex

307 1255 729 1300 administratione
754 1256 1055 1300 sacramenti
1079 1255 1410 1310 poenitentiae
1435 1265 1483 1299 et
1505 1270 1683 1300 sacrae
1718 1271 1931 1300 commu-

306 1332 462 1376 nionis
495 1332 822 1388 percepimus.
866 1332 1014 1388 Sane,
1034 1331 1367 1377 confitentium
1402 1347 1635 1376 numerus
1677 1332 1931 1388 Vtriusque

306 1424 456 1453 sexus
481 1409 573 1453 hoc
597 1424 725 1453 anno
750 1409 893 1454 solito
919 1408 1078 1453 maior
1102 1408 1207 1463 fuit,
1236 1408 1361 1453 adeo
1389 1420 1438 1453 vt
1463 1418 1568 1454 tota
1593 1409 1685 1453 hac
1720 1409 1931 1465 quadra-

307 1486 498 1541 gesima
522 1486 750 1542 occupati
774 1502 970 1541 semper
988 1485 1171 1530 fuerint
1196 1484 1523 1542 [sacer]dotes
1546 1485 1585 1531 b.
1613 1485 1849 1531 Referam
1871 1502 1933 1531 ex

307 1562 470 1606 multis
495 1563 722 1618 exempla
746 1563 931 1618 aliquot
955 1578 1017 1606 ex
1041 1562 1214 1618 quibus
1239 1561 1330 1606 Dei
1356 1562 1763 1619 misericordiam,
1785 1578 1932 1618 quam

307 1654 432 1694 erga
466 1637 790 1684 Germaniam
825 1639 1053 1693 ostendit,
1094 1639 1271 1694 liquide
1304 1653 1612 1695 cognoscere
1646 1648 1694 1683 et
1728 1639 1786 1684 de
1821 1655 1933 1684 con·
1989 1646 1992 1649 “

308 1715 539 1760 uersione
582 1715 956 1761 lutheranorum
1002 1715 1240 1760 maiorem
1285 1731 1418 1770 spem
1463 1715 1724 1771 concipere
1765 1717 1933 1761 valeat

307 1791 368 1836 R.
406 1792 458 1836 P.
499 1792 556 1837 T.
594 1792 733 1837 Multi
769 1794 831 1837 ab
865 1792 1003 1837 annis
1037 1792 1259 1847 plurimis
1294 1807 1389 1836 non
1425 1792 1637 1837 confessi
1671 1808 1786 1837 suas
1822 1809 1926 1838 con·

307 1869 541 1913 scientias
565 1880 903 1914 exonerarunt
930 1870 1131 1914 remotis
1154 1869 1439 1924 obstaculis,
1466 1884 1593 1925 quae
1617 1869 1724 1914 illos
1749 1885 1778 1914 a
1807 1871 1934 1915 salu-

308 1945 368 1990 tis
393 1946 486 1990 hoc
511 1945 730 1990 remedio
754 1946 1101 2002 impediebant.
1130 1945 1360 2002 Quatuor
1384 1946 1615 1991 mulieres
1639 1962 1937 2002 germanae,

309 2038 550 2068 annorum
575 2023 775 2068 circiter
805 2022 876 2078 25,
914 2023 1122 2078 primam
1157 2038 1357 2067 suorum
1393 2032 1712 2079 peccatorum
1746 2022 1932 2068 confes-

306 2099 495 2144 sionem
520 2114 631 2143 cum
656 2099 904 2144 lachrimis
927 2099 1066 2144 nobis
1091 2099 1333 2155 fecerunt;
1361 2115 1474 2144 nam
1500 2100 1562 2144 ab
1586 2099 1781 2144 ineunte
1800 2109 1944 2144 aeta->

309 2186 357 2221 te
376 2192 570 2232 semper
589 2177 718 2232 apud
738 2176 1025 2220 lutheranos
1049 2176 1353 2233 habitarunt,
1380 2176 1448 2221 ita
1473 2186 1637 2221 tamen
1664 2186 1716 2221 vt
1739 2191 1934 2232 semper

310 2253 372 2297 ad
396 2253 692 2298 catholicam
715 2251 859 2297 fidem
884 2251 974 2297 illis
998 2252 1189 2297 animus
1214 2261 1356 2297 esset.
1382 2253 1456 2297 Ita
1480 2252 1615 2297 nouit
1633 2252 1769 2298 Deus
1789 2251 1934 2298 etiam
1993 2284 1998 2290 -

310 2329 356 2373 in
383 2329 543 2373 media
567 2329 805 2374 Babilone
828 2344 943 2374 suos
967 2344 1271 2374 conseruare
1297 2340 1343 2374 et
1368 2330 1429 2374 ad
1455 2329 1582 2374 ouile
1617 2345 1756 2374 suum
1793 2330 1934 2374 redu-

310 2421 442 2451 cere.
471 2405 749 2464 [Exempla
773 2406 1032 2462 quaedam
1055 2406 1374 2462 omittimus]

373 2483 440 2528 10.
510 2482 880 2527 Concionamur
904 2482 1114 2527 diuersis
1146 2482 1193 2526 in
1229 2482 1363 2538 locis,
1402 2483 1796 2539 quandoquidem
1822 2498 1934 2538 ope-

311 2558 431 2604 rarii
456 2560 567 2604 boni
593 2575 650 2603 ac
676 2558 843 2603 fideles
868 2558 1028 2614 magis
1052 2573 1112 2603 ac
1131 2559 1291 2615 magis
1316 2559 1359 2603 in
1388 2559 1490 2604 dies
1509 2558 1752 2615 deficiunt,
1776 2575 1932 2615 neque

312 2636 527 2681 omnium
553 2636 867 2691 petitionibus
883 2636 981 2679 'nos
1000 2634 1293 2680 satisfacere
1312 2651 1587 2691 possumus.
1611 2635 1788 2681 Petiuit
1808 2637 1933 2680 enim

360 2797 377 2816 ἃ
422 2789 607 2825 Emend⁴
631 2801 680 2826 ex
699 2784 945 2826 Anthonius.
1001 2790 1065 2816 *b
1110 2790 1312 2826 Abscissa
1334 2790 1500 2826 charta.

363 2934 372 2951 ¹
424 2932 519 2968 Fuit
546 2933 577 2968 is
605 2933 810 2969 Antonius
837 2933 1108 2979 Augustinus,
1137 2933 1347 2979 episcopus
1374 2932 1549 2969 alifanus
1580 2933 1644 2976 (de
1676 2932 1820 2977 Alite),
1848 2939 1935 2979 post

314 2992 540 3028 ilerdensis.
564 2992 626 3029 Cf.
648 2992 809 3037 EUBEL,
828 2993 1152 3036 Hz'emzrclzicz...,
1173 2992 1241 3035 ΙΙΙ,
1265 2992 1343 3036 117;
1366 2992 1538 3033 Pffipffl,
1560 2992 1644 3029 Die
1661 2993 1934 3038 pc‘i'pstliclzen

316 3052 505 3097 Legaten
526 3052 620 3088 ztml
638 3053 894 3095 Nuntien...,
919 3053 996 3088 115.

363 3112 375 3130 2
427 3110 490 3147 Cf.
511 3111 565 3147 III
586 3111 773 3154 EsDRAE,
794 3111 868 3155 IV,
889 3112 947 3155 38,
967 3112 1024 3147 41.
