2051 3516
416 309 485 343 8:⁷38
881 310 1099 346 LITTERAE
1126 311 1217 356 QUA
1225 322 1480 348 DRIMESTRES

373 416 460 449 est.
496 404 618 448 Illud
654 404 768 449 item
803 404 996 449 silentio
1029 420 1125 450 non
1164 407 1579 462 praetereundum
1613 424 1721 454 esse
1760 410 1985 465 iudicaui,

372 481 500 536 quod
525 480 865 536 superioribus
889 481 1060 527 diebus
1094 482 1223 528 domi
1256 492 1458 529 nostrae
1492 485 1713 542 contigit,
1742 502 1852 532 nam
1878 504 1986 533 cum

372 557 546 602 mulier
569 557 813 613 quaedam
838 573 964 613 quae
989 574 1018 603 a
1043 559 1282 605 daemone
1316 560 1413 605 iam
1448 569 1559 606 octo
1595 577 1751 607 annos
1775 566 1987 609 uexaba-

370 643 465 690 tur‚
494 634 539 678 in
571 643 792 678 nostrum
826 635 1059 690 templum
1094 636 1324 692 uenisset,
1350 637 1621 694 eodemque
1645 639 1721 684 die
1744 641 1987 686 sanctissi—

371 725 500 754 mum
536 709 718 755 Christi
753 726 934 766 corpus
968 711 1271 769 sumpsisset,
1298 713 1459 759 subito
1494 730 1523 759 a
1557 715 1796 761 daemone
1826 732 1989 763 corre-

371 795 470 843 pta,
498 787 647 832 ueluti
682 799 827 847 extra
850 803 902 833 se
927 788 1086 844 posita
1117 789 1345 847 concidit;
1373 800 1581 846 rogatus
1605 801 1769 837 autem
1793 794 1990 849 spiritus

371 879 400 908 a
425 863 636 920 quodam
661 864 827 921 Patre,
850 865 1080 920 quoniam
1106 866 1258 910 multa
1283 882 1409 923 quae
1432 868 1528 913 iam
1554 869 1634 914 diu
1658 870 1986 926 contigerant,

371 949 419 985 et
443 940 665 985 omnibus
690 941 862 997 ignota
886 941 1190 1000 proferebat,
1213 944 1586 1001 aliquorumque
1606 946 1853 992 hominum
1874 950 1988 993 mul-

372 1026 422 1062 ta
446 1017 654 1063 crimina
691 1018 951 1074 aperiebat
975 1020 1140 1075 (quem
1173 1020 1348 1066 fallere
1374 1022 1539 1079 uellet)
1568 1022 1690 1081 [sz'c],
1719 1026 1986 1081 respondit,

370 1094 598 1150 seipsum.
627 1093 751 1139 Cum
777 1103 943 1140 tamen
978 1095 1130 1141 Pater
1154 1098 1465 1154 euangelium
1491 1108 1538 1144 et
1562 1099 1725 1156 aliqua
1749 1101 1846 1146 alia
1870 1102 1988 1147 reci-

371 1179 543 1227 tasset,
570 1171 789 1216 adhibito
823 1172 986 1217 crucis
1010 1172 1170 1229 signo,
1197 1174 1435 1219 discessit.
1463 1175 1640 1221 Mulier
1665 1192 1801 1233 uero,
1828 1178 1989 1234 quieta

371 1262 431 1292 ac
465 1247 730 1303 tranquilla
762 1247 809 1292 in
843 1257 1064 1294 astantes
1099 1250 1287 1305 oculos,
1314 1250 1550 1306 ignorans
1585 1268 1819 1308 quorsum
1854 1255 1988 1299 ades-

372 1334 499 1377 sent,
527 1325 839 1381 conficiebat,
866 1318 1147 1382 magnoque
1181 1327 1354 1371 dolore
1389 1327 1553 1372 cordis
1578 1344 1672 1384 quo
1696 1340 1843 1375 antea
1878 1340 1990 1376 octo

372 1401 468 1446 iam
494 1416 649 1447 annos
673 1401 869 1447 assidue
893 1403 1226 1459 premebatur,
1252 1403 1463 1449 liberata
1488 1413 1575 1449 est.

427 1478 470 1523 5.
537 1477 678 1523 Haec
716 1479 876 1534 quoad
911 1490 1160 1524 externos.
1197 1480 1344 1525 Domi
1379 1496 1547 1527 omnes
1585 1483 1631 1527 in
1670 1482 1773 1528 dies
1813 1484 1857 1528 in
1896 1484 1988 1530 Dei

371 1555 573 1600 seruitio
608 1555 885 1611 proficiunt,
918 1565 966 1601 et
999 1556 1043 1601 in
1079 1557 1365 1621 regularum
1402 1559 1737 1615 obseruantia,
1764 1562 1988 1607 obedien-

371 1632 565 1688 tiaeque
589 1631 894 1688 perfectione
920 1633 1205 1688 quaerenda
1230 1650 1440 1691 magnos
1464 1651 1762 1692 progressus
1785 1637 1985 1684 faciunt.

370 1709 422 1753 In
446 1709 539 1754 hoc
562 1709 772 1765 collegio
797 1709 978 1755 erimus
1001 1710 1202 1756 circiter
1225 1711 1297 1760 40:
1325 1712 1521 1768 quidam
1547 1729 1667 1758 uero
1691 1715 1869 1771 elapsis
1895 1716 1988 1760 die-

371 1787 461 1831 bus
494 1786 541 1831 in
576 1795 798 1831 nostram
837 1785 1139 1832 Societatem
1179 1788 1421 1835 admissus
1457 1799 1546 1846 est,
1589 1792 1667 1846 qui
1702 1791 1797 1836 iam
1837 1801 1988 1837 totam

372 1863 681 1909 dialecticam
717 1864 960 1920 audierat,
989 1865 1147 1910 bonae
1181 1866 1375 1921 quidem
1411 1867 1582 1913 indolis
1607 1877 1654 1913 et
1684 1869 1881 1926 ingenii,
1909 1886 1987 1914 no-

372 1940 499 1985 mine
524 1941 702 1986 Petrus
726 1940 1047 1998 Gondicalus,
1074 1942 1152 1987 alii
1184 1943 1332 1988 etiam
1358 1953 1410 1988 vt
1434 1945 1755 1990 admittantur
1788 1948 1990 1992 summis

372 2018 672 2063 contendunt
697 2019 940 2076 precibus;
969 2019 1050 2065 alii
1075 2035 1195 2065 uero
1218 2021 1429 2066 maxime
1450 2021 1745 2080 desiderant,
1774 2032 1821 2068 et
1845 2039 1988 2080 spero

373 2095 470 2140 cito
490 2095 747 2151 petituros.
770 2096 1026 2153 Dominus,
1047 2113 1174 2153 quae
1193 2097 1296 2142 eius
1316 2098 1592 2155 benignitas
1611 2108 1657 2144 et
1678 2100 1871 2145 bonitas
1896 2111 1985 2155 est,

372 2173 441 2217 eis
474 2182 522 2217 et
556 2174 694 2218 nobis
728 2173 862 2218 uires
895 2185 1043 2230 atque
1076 2174 1291 2220 animum
1326 2175 1544 2232 inspiret,
1573 2186 1624 2221 vt
1656 2176 1701 2221 in
1738 2178 1988 2233 proposito

374 2249 497 2294 firmi
522 2265 718 2306 semper
742 2266 1136 2307 permaneamus.

430 2327 472 2372 6.
539 2327 790 2383 Quantum
827 2328 888 2372 ad
921 2327 1083 2373 studia
1107 2329 1295 2383 attinet,
1326 2345 1492 2375 mense
1516 2329 1795 2387 Septembri
1820 2346 1989 2376 omnes

373 2404 653 2450 scholastici
673 2405 751 2461 qui
772 2405 946 2450 litteris
968 2405 1336 2452 humanioribus
1359 2423 1562 2463 operam
1583 2408 1782 2460 dabant,
1806 2409 1987 2453 exami-

374 2482 473 2527 nati
499 2493 625 2537 sunt,
647 2482 1089 2539 quamplurimique
1112 2483 1158 2527 in
1183 2484 1420 2540 principio
1445 2485 1557 2529 anni
1592 2485 1653 2529 ad
1688 2484 1866 2530 altiora
1900 2502 1985 2542 gy-

373 2559 562 2603 mnasia
586 2559 812 2615 promoti.
841 2559 893 2604 V
916 2574 1072 2604 nonas
1091 2558 1326 2605 Octobris
1347 2560 1700 2617 disputationes
1724 2563 1987 2618 generales

373 2635 571 2680 habitae
604 2646 731 2693 sunt,
760 2651 853 2692 quo
879 2636 939 2681 ad
965 2635 1257 2681 audiendum
1292 2646 1394 2682 tum
1428 2637 1490 2682 ad
1521 2638 1984 2694 argumentandum,

373 2713 509 2758 multi
534 2713 780 2769 doctores,
808 2729 834 2758 e
858 2713 1031 2769 quibus
1064 2712 1152 2757 fuit
1186 2713 1444 2770 episcopus
1478 2714 1726 2771 targensis
1751 2716 1763 2738 ¹
1788 2724 1989 2759 nostrae

375 2788 611 2835 Societati
646 2790 846 2835 nimium
881 2790 1086 2845 deditus,
1128 2789 1189 2834 D.
1232 2790 1490 2847 Pelasgius
1524 2792 1554 2847 2,
1592 2791 1832 2846 magister
1864 2791 1986 2835 Pau-

374 2867 465 2923 lus,
492 2866 553 2912 D.
581 2866 768 2912 Nonius
802 2866 1037 2921 Aluarez,
1065 2866 1242 2923 aliique
1277 2866 1366 2911 uiri
1396 2867 1523 2912 docti
1558 2866 1780 2912 canonici
1805 2882 1866 2912 ac
1891 2883 1985 2911 ma-

422 3046 431 3064 ¹
486 3044 591 3080 Vide
612 3057 703 3091 pag.
725 3044 758 3086 S,
781 3049 913 3080 annot.
932 3044 966 3080 3.

424 3104 436 3123 ²
486 3103 550 3141 Cf.
571 3117 664 3151 pag.
686 3103 759 3140 198.
