2051 3516
636 319 963 357 176.—B1LL0Mo
989 319 1011 354 4
1032 318 1142 365 Jmffl
1170 316 1260 353 1558
1644 315 1714 351 715

125 423 174 461 et
197 415 550 471 discipulorum
587 415 775 471 aliquot
801 415 1037 461 comitatu
1062 429 1114 459 se
1139 412 1360 468 contulit,
1388 412 1550 468 ibique
1585 427 1757 457 coram

126 491 289 537 Rdiss.
333 491 461 536 Dno.
500 507 559 537 ac
599 492 763 537 multis
804 491 1007 537 arbitris
1046 489 1497 544 circumstantibus,
1536 489 1759 534 carmina

125 584 332 625 graeca,
360 569 513 614 latina
538 580 584 614 et
617 569 803 625 gallica
840 570 1054 615 recitata
1088 577 1216 623 sunt,
1245 567 1431 612 reditus
1466 566 1615 623 ipsius
1650 582 1758 623 pro-

125 661 323 702 sperum
347 646 672 703 praesagium
709 647 1018 692 attestantia.
1047 646 1178 691 Acta
1212 645 1378 690 itidem
1414 653 1487 689 est
1521 644 1757 701 aegloga,

126 738 221 779 qua
266 722 478 768 reditum
522 723 644 768 tanti
686 724 993 769 maecenatis
1031 723 1122 768 sibi
1162 721 1570 779 gratulabantur.
1613 719 1758 777 Quod

125 799 318 857 quidem
359 799 596 845 decorum
633 800 889 846 officiosae
928 800 1240 846 salutationis
1274 798 1560 856 obsequium
1601 798 1762 843 obuiis

128 877 250 922 vlnis
275 893 335 923 ac
363 879 498 923 vultu
532 894 769 936 perquam
804 878 947 923 hilari
983 878 1104 923 Dns.
1133 877 1393 934 episcopus
1428 875 1639 932 excepit.
1661 875 1758 921 Ha-

125 963 296 1000 ctenus
331 954 390 999 de
425 955 726 1011 palaestrico
764 955 1010 1011 gymnasii
1046 954 1199 1000 nostri
1224 970 1386 1010 agone
1410 952 1756 999 tractauimus.

125 1029 299 1076 Studia
324 1031 550 1077 literaria
574 1032 707 1077 nulla
734 1031 999 1077 occasione
1030 1031 1454 1087 interrumpentur
1479 1031 1540 1076 ob
1565 1030 1758 1075 feruen-

126 1108 301 1154 tiorem
321 1109 526 1154 aestatis
547 1118 758 1163 aestum,
782 1117 833 1156 vt
852 1108 957 1153 fieri
977 1100 1326 1164 consueuerat,
1348 1108 1456 1164 nisi,
1479 1108 1605 1164 quod
1626 1108 1763 1152 Deus

119 1195 340 1233 auertat.
389 1188 678 1232 morborum
725 1186 963 1243 contagio
1009 1185 1273 1230 diuortium
1319 1186 1571 1230 suaderet.
1599 1185 1761 1241 Quum

126 1263 253 1308 enim
274 1264 504 1320 permulti
530 1264 720 1309 nobiles
745 1279 804 1308 ac
826 1263 1128 1319 praediuites
1153 1263 1509 1308 adolescentuli
1534 1263 1646 1307 hinc
1664 1278 1759 1307 non

126 1340 221 1386 sint
245 1341 528 1397 discessuri,
557 1341 908 1386 detrimentum
933 1349 1228 1397 paterentur
1252 1339 1445 1384 fructus
1469 1339 1696 1396 literarii‚
1724 1340 1762 1384 si

128 1419 299 1464 schola
340 1418 662 1464 clauderetur
706 1435 796 1476 pro
832 1434 973 1464 more
1008 1418 1168 1463 solitO.
1208 1405 1447 1462 Attamen
1486 1417 1760 1462 studiorum

128 1496 371 1541 exercitia
396 1496 741 1542 moderatiora
767 1506 928 1553 erunt,
958 1505 1170 1552 vrgente
1195 1495 1387 1540 aestiuo
1412 1496 1599 1540 calore.

183 1576 226 1619 ὃ.
295 1572 568 1619 Caeterum
604 1583 839 1631 quantum
875 1573 937 1618 ad
972 1573 1167 1629 collegii
1203 1572 1359 1617 nostri
1394 1572 1760 1618 extructionem

126 1660 333 1709 spectat,
362 1651 526 1696 Rdiss.
555 1651 677 1696 Dns.
706 1652 1047 1708 praestolatur
1071 1650 1340 1707 praepositi
1365 1650 1625 1707 Baptistae
1651 1652 1661 1674 ¹
1692 1666 1762 1695 re-

78 1745 81 1747 *
126 1728 294 1785 ditum,
322 1739 370 1774 vt
394 1729 536 1774 iactis
560 1728 894 1774 fundamentis
919 1729 981 1774 ad
1006 1729 1198 1774 culmen
1231 1744 1381 1785 vsque
1407 1728 1574 1784 templi
1599 1744 1658 1773 ac
1683 1728 1762 1773 do-

126 1821 233 1850 mus
257 1805 534 1851 aedificium
568 1806 813 1863 erigatur-3
843 1806 1226 1863 impetrauitque
1251 1822 1280 1850 a
1306 1822 1427 1863 rege
1462 1806 1761 1852 christianis>

125 1883 266 1940 simo,
306 1894 357 1928 vt
396 1884 565 1940 syluas
605 1884 791 1941 aliquot
826 1884 1004 1929 caedat
1040 1883 1102 1928 ad
1137 1899 1248 1928 eam
1285 1883 1533 1940 lignorum
1569 1883 1762 1939 copiam

128 1976 252 2017 quae
288 1977 529 2006 summam
555 1962 702 2007 trium
730 1961 913 2007 milium
937 1971 1295 2007 coronatorum
1333 1977 1601 2006 aureorum
1631 1961 1763 2006 valo-

128 2055 182 2084 re
200 2055 428 2104 ¹aequare
452 2039 622 2096 possit,
653 2049 704 2084 vt
731 2039 842 2085 hinc
864 2039 1076 2085 materia
1100 2049 1432 2096 praeparetur
1462 2039 1761 2085 aedificatio-

129 2117 175 2161 ni
216 2118 518 2163 necessaria.
565 2117 719 2163 Nobis
760 2118 1112 2174 benignissime
1151 2118 1389 2174 exceptis,
1428 2118 1679 2163 canonicis
1718 2127 1766 2163 et

129 2194 414 2239 consulibus
440 2210 500 2239 ac
524 2195 718 2240 ciuibus
743 2195 1025 2251 praecipuis
1063 2195 1199 2240 vrbis
1233 2195 1551 2240 bilhomensis
1587 2196 1763 2251 promi-

130 2271 192 2316 sit
217 2271 445 2317 eximiam
472 2272 842 2326 liberalitatem,
869 2288 929 2317 ac
954 2272 1354 2329 promptissimae
1394 2272 1664 2318 voluntatis
1689 2289 1763 2318 ar-

135 2358 372 2405 gumenta
412 2349 571 2394 solida
611 2349 930 2406 deprompsit.
975 2349 1181 2394 Patrum
1223 2360 1506 2395 nostrorum
1553 2350 1766 2395 diuortio

130 2436 325 2471 tanturn
362 2427 542 2472 bonum
578 2426 827 2472 differtur.
865 2427 1079 2472 Proinde
1114 2427 1426 2481 anhelamus,
1465 2428 1763 2484 aspiramus,

136 2503 262 2548 votis
298 2504 628 2561 precibusque
663 2503 1006 2550 contendimus
1030 2505 1091 2549 ad
1117 2505 1377 2561 amplexus
1402 2515 1449 2549 et
1475 2506 1646 2550 oscula
1670 2521 1766 2550 non

133 2580 277 2626 modo
313 2580 476 2626 Patris
513 2581 832 2638 prouincialis
867 2581 1121 2626 Paschasii
1157 2582 1171 2605 ‘²
1202 2598 1259 2626 ac
1298 2582 1564 2639 praepositi
1602 2582 1767 2639 Bapti-

133 2668 240 2703 stae
265 2658 687 2715 desideratissimi,
718 2675 891 2704 verum
927 2669 975 2704 et
1009 2659 1215 2704 Patrum
1240 2660 1567 2704 lusitanorum
1593 2661 1624 2717 3,
1653 2676 1766 2717 quo-

180 2782 185 2798 ¹
241 2779 285 2816 P.
304 2780 486 2826 Joannes
506 2780 588 2817 Β.ῒὸ
610 2779 747 2821 Viola,
769 2780 934 2826 collegii
953 2780 1306 2827 superintendens.

177 2840 189 2858 ²
241 2840 286 2876 P.
308 2839 552 2876 Paschasius
571 2839 709 2876 Broet.

179 2900 190 2917 ³
242 2899 536 2945 Intelliguntur
563 2899 709 2936 Patres
736 2901 900 2936 lusitani
933 2912 982 2935 ex
1014 2900 1201 2946 generali
1232 2900 1554 2946 congregatione
1583 2901 1768 2937 reduces.

130 2959 296 2995 Iverant
325 2958 405 2995 PP.
438 2958 616 2996 Michael
641 2960 690 2996 de
710 2959 874 3003 Torres,
897 2959 1130 2996 Ludovicus
1149 2959 1357 2997 Gonzalez
1377 2961 1424 2996 de
1446 2959 1636 3003 Camara,
1658 2960 1768 2998 Gun-

131 3018 312 3054 disalvus
348 3018 438 3054 Vaz
475 3018 524 3055 de
560 3018 691 3061 Melo,
729 3018 976 3055 Emmanuel
1012 3018 1197 3056 Godinus
1233 3025 1272 3055 et
1308 3018 1515 3066 Georgius
1550 3019 1768 3057 Serranus.

132 3076 195 3114 Cf.
217 3078 372 3114 Laz'm‘z'
390 3078 601 3122 Mommz.,
624 3079 698 3115 loc.
721 3079 802 3125 cit,
827 3078 906 3122 1:23,
931 3078 1010 3121 128,
1031 3078 1113 3115 280.
1141 3077 1223 3115 Sed
1242 3079 1287 3115 P.
1309 3078 1543 3116 Ludovieus
1562 3079 1769 3117 Gonzalez

131 3137 179 3173 de
201 3136 393 3184 Camara,
416 3138 637 3185 praepositi
658 3139 869 3185 generalis
888 3138 1082 3175 assistens
1101 3144 1277 3184 creatus,
1299 3139 1455 3176 Romae
1475 3140 1682 3176 remansit.
