2051 3516
541 286 855 324 12.—PAxomuo
881 287 903 323 7
924 287 1126 334 JAxmmi
1157 287 1243 323 1557
1614 289 1660 324 33,

73 383 332 430 mulierum
374 383 868 440 congregationibus,
911 392 960 429 et
993 384 1288 440 praesertim
1323 384 1368 429 in
1402 385 1704 430 monasterio

71 475 200 506 anno
234 460 404 516 elapso
429 468 662 505 extructo
689 462 719 517 ¹,
746 459 941 505 serendi
965 459 1103 505 uerbi
1130 457 1221 506 Dei
1245 461 1413 516 plures
1436 477 1499 506 ex
1521 462 1706 506 nostris

70 536 220 584 certis
245 536 537 594 quibusdam
562 536 733 583 diebus
757 537 1028 583 ministerio
1052 537 1343 594 funguntur,
1371 554 1493 594 quos
1518 538 1719 584 utinam,

71 630 286 660 summus
311 623 482 659 noster
507 614 737 671 agricola
761 615 918 671 Xpus.
945 630 1153 660 numero
1177 630 1273 660 non
1304 615 1462 660 solum
1495 625 1699 672 augeat,

69 692 171 749 sed,
197 690 387 736 uiribus
412 691 562 737 etiam
585 691 779 747 additis,
807 692 1081 737 alacriores
1106 692 1168 737 ad
1192 708 1315 748 opus
1340 692 1531 738 reddat.

125 767 167 814 5.
237 767 384 824 Quod
407 783 530 813 uero
553 776 747 824 spectat
771 768 832 813 ad
856 769 1072 814 fructum
1098 769 1194 826 qui,
1228 779 1328 814 tum
1361 769 1509 815 diuini
1544 770 1702 826 uerbi,

68 855 169 892 tum
202 846 498 891 salutarium
535 855 969 892 sacramentorum
1002 847 1131 892 dono
1166 848 1452 904 percipitur,
1486 864 1582 892 non
1608 864 1705 893 me-

67 923 246 968 diocris
281 923 476 979 quidem
516 923 771 968 habendus
804 932 894 980 est,
932 933 980 969 et
1015 923 1087 981 (ut
1125 925 1292 981 spero)
1325 925 1370 969 in
1406 924 1509 970 dies
1543 925 1705 981 magis

67 1000 325 1057 magisque
348 1010 561 1056 crescet,
589 1001 766 1057 quippe
789 1016 902 1046 cum
928 1001 1064 1048 multi
1089 1002 1289 1048 assidua
1313 1002 1624 1048 confessione
1644 1019 1703 1048 ac

67 1078 360 1134 angelorum
401 1094 529 1135 pane
568 1078 775 1135 singulis
815 1080 985 1125 diebus
1024 1079 1278 1125 dominicis
1316 1080 1498 1126 deuoto
1539 1080 1703 1126 animo

66 1163 310 1212 susceptO,
340 1155 403 1200 ad
427 1155 590 1201 studia
614 1156 812 1212 pietatis
836 1156 1216 1214 inflammentu1-;
1238 1166 1340 1203 tum
1360 1157 1405 1202 in
1425 1157 1519 1203 hac
1537 1173 1703 1203 sacro-

65 1242 240 1278 sancta
264 1232 401 1278 Chri.
436 1233 698 1279 natiuitate
727 1234 865 1279 tanto
900 1249 1145 1280 concursu
1180 1243 1228 1280 et
1261 1235 1341 1291 pia
1376 1234 1521 1280 animi
1556 1234 1702 1280 deuo-

67 1310 197 1355 tione
232 1310 597 1356 sanctissimum
630 1310 709 1356 X.¹
745 1327 928 1369 corpus
961 1328 990 1357 a
1025 1312 1189 1357 multis
1219 1322 1292 1358 est
1323 1321 1623 1369 susceptum,
1652 1321 1705 1358 ut

65 1388 168 1434 dies
187 1388 573 1434 resurrectionis
590 1388 789 1434 Domini
808 1389 1078 1435 uideretur.
1102 1389 1181 1446 Et,
1203 1399 1255 1435 ut
1273 1390 1439 1446 aliqua
1459 1405 1521 1435 ex
1542 1390 1704 1436 multis

64 1465 325 1522 attingam,
352 1480 466 1511 cum
491 1466 729 1512 meretrix
754 1467 997 1523 quaedam
1021 1467 1249 1513 maximis
1273 1467 1490 1524 peccatis
1515 1467 1699 1514 infecta

65 1559 125 1589 ac
147 1552 403 1600 corrupta,
433 1558 559 1600 quae
584 1559 832 1601 nunquam
857 1545 1151 1591 sanctissimi
1176 1545 1509 1591 eucharistiae
1535 1560 1703 1590 sacra-

64 1621 213 1667 menti
246 1621 412 1666 fuerat
448 1621 558 1667 cibo
598 1621 901 1678 refocillata,
942 1623 1139 1668 tandem
1184 1623 1229 1668 in
1274 1632 1446 1669 nostra
1491 1623 1703 1668 ecclesia

65 1714 155 1744 sua
178 1698 503 1745 confiteretur
526 1709 752 1757 peccata,
774 1699 1010 1746 effectum
1031 1710 1119 1757 est,
1143 1709 1195 1746 ut
1218 1716 1313 1746 non
1339 1701 1485 1746 modo
1510 1701 1573 1746 ad
1591 1715 1700 1746 coe-

63 1792 181 1822 nam
206 1776 285 1823 X.i
313 1777 511 1823 Domini
535 1778 745 1824 auderet
768 1779 1028 1835 accedere,
1056 1779 1142 1824 sed
1166 1779 1315 1824 etiam
1344 1794 1514 1824 omnes
1548 1778 1700 1825 facul-

70 1863 199 1900 tates
233 1870 350 1900 suas
381 1855 510 1901 male
544 1865 717 1912 partas
748 1857 1046 1913 pauperibus
1072 1872 1233 1913 aequo
1257 1856 1422 1902 animo
1447 1866 1699 1914 erogaret.

128 1932 171 1977 6.
239 1931 514 1978 Praeterea
543 1934 682 1979 multi
716 1949 828 1979 cum
862 1949 958 1979 non
992 1949 1180 1990 paucos
1213 1949 1369 1979 annos
1403 1934 1704 1990 grauissima
1758 1921 1764 1926 .

67 2025 178 2055 cum
213 2010 510 2066 quibusdam
539 2011 630 2057 sibi
658 2010 914 2057 affinitatis
938 2011 1134 2057 uinculo
1157 2011 1431 2057 coniunctis
1455 2012 1703 2057 exercuis-

64 2096 174 2133 sent
197 2088 326 2145 odia,
354 2088 401 2133 in
432 2097 605 2134 nostra
638 2089 851 2134 ecclesia
885 2089 1086 2135 tandem
1121 2089 1350 2146 confessi,
1387 2089 1514 2135 adeo
1550 2090 1700 2135 corde

64 2165 347 2221 compuncti
366 2173 495 2223 sunt,
515 2174 568 2211 ut
590 2181 686 2211 non
707 2166 852 2211 modo
871 2166 1089 2223 pristinis
1106 2165 1501 2212 contentionibus
1517 2175 1565 2212 et
1581 2166 1703 2212 odiis

62 2241 255 2298 penitus
279 2242 635 2297 ualedicerent,
662 2243 748 2289 sed
771 2243 921 2289 etiam
946 2259 1120 2289 eorum
1144 2243 1491 2300 promitterent
1515 2259 1566 2289 se
1588 2259 1702 2289 con-

63 2320 283 2365 sulturos
308 2320 596 2377 commodis,
625 2336 835 2377 quorum
860 2320 1011 2367 uitam
1037 2321 1173 2378 prius
1206 2322 1360 2367 uariis
1393 2322 1584 2367 artibus
1619 2337 1702 2378 op-

62 2397 274 2453 primere
311 2398 638 2444 conabantur.
676 2398 879 2444 Plurimi
913 2415 1024 2444 cum
1057 2400 1197 2445 nobis
1236 2399 1399 2445 infesti
1431 2399 1703 2445 existerent

62 2489 220 2530 neque
259 2474 318 2520 de
358 2483 533 2521 nostra
571 2474 824 2522 Societate
864 2476 977 2522 boni
1018 2477 1276 2533 quicquam
1323 2477 1495 2522 audire
1539 2492 1699 2534 aequo

63 2551 227 2597 animo
252 2560 470 2608 possent,
498 2552 734 2599 Patribus
758 2554 957 2599 tandem
981 2555 1164 2600 nostris
1187 2554 1418 2611 confessi,
1446 2554 1701 2600 meliorem

64 2628 294 2684 aggressi
317 2638 431 2674 sunt
464 2629 635 2682 uitam,
669 2630 853 2676 nostris
887 2646 996 2677 sese
1031 2632 1435 2677 commendantes
1469 2631 1701 2677 orationi-

66 2704 172 2750 bus.
209 2705 382 2762 Itaque
416 2707 565 2752 modo
599 2707 740 2753 nobis
770 2708 935 2754 acrius
959 2709 1222 2766 negocium
1247 2724 1418 2753 eorum
1443 2709 1698 2765 obsequia,

67 2797 214 2838 quam
253 2784 493 2840 proximis
538 2783 708 2831 diebus
751 2794 1063 2842 contemptus
1106 2794 1154 2832 et
1197 2786 1588 2842 uituperationes
1631 2786 1700 2831 fa-

64 2868 282 2906 cessunt.

125 2935 168 2982 7.
233 2936 414 2983 Mulier
447 2938 694 2995 quaedam
734 2954 845 2985 cum
879 2939 1134 2985 duodecim
1175 2955 1331 2986 annos
1369 2940 1416 2986 in
1455 2940 1700 2986 adulterio

113 3113 125 3133 ¹
177 3113 356 3152 Videtur
383 3116 450 3163 agi
468 3115 517 3153 de
536 3116 782 3154 monasterio
801 3117 849 3154 de
868 3130 946 3165 quo
965 3117 1198 3163 POLANCUS,
1220 3119 1397 3165 Chron„
1420 3118 1474 3164 V,
1493 3117 1575 3155 288.
