2051 3516
381 263 450 299 864
845 261 1061 299 LITTERAE
1087 262 1439 308 QUADRIMESTRES

336 380 445 409 eum
483 364 687 408 inunxit.
715 363 905 420 Quibus
938 364 1172 421 peractis,
1208 379 1427 409 summas
1461 363 1570 410 Deo
1609 381 1699 422 pro
1736 375 1945 423 accepto

338 438 575 485 beneficio
614 439 718 495 egit
755 439 950 496 gratias
984 438 1217 496 infirmus,
1256 455 1316 486 ac
1349 449 1459 497 post
1498 441 1706 498 egregia
1743 451 1947 489 nostrae

336 515 602 561 Societatis
635 516 919 573 praeconia,
956 517 1049 562 hoc
1087 516 1282 563 demum
1317 518 1458 563 nobis
1497 518 1841 564 documentum
1878 530 1943 566 te-

336 593 564 639 stamenti
598 594 707 639 loco
741 593 952 651 reliquit,
980 603 1033 639 vt
1066 594 1295 641 videlicet
1329 595 1739 652 quemadmodum
1773 605 1948 642 contra

336 669 445 715 fidei
471 669 734 716 veritatem
757 670 919 716 nullus
942 679 1016 716 est
1039 671 1288 716 hominum
1313 670 1540 717 electioni
1563 672 1701 717 locus
1725 672 1943 730 relictus,

336 747 403 793 ita
427 758 473 793 et
497 758 672 793 contra
695 747 1010 793 vocationem
1044 758 1266 793 nostram
1302 748 1667 794 vacillationem
1693 749 1845 794 vllam
1868 749 1948 795 ad-

336 825 530 870 mittere
572 824 713 871 nefas
757 840 865 871 esse
908 834 1151 882 putemus.
1193 824 1437 871 Postridie
1480 825 1596 871 dum
1638 825 1950 872 familiariter

336 917 447 947 cum
482 916 539 947 eo
573 917 794 959 agerem,
822 917 884 946 ex
908 901 1175 958 improuiso
1208 917 1317 948 sese
1349 902 1548 958 erigens
1577 902 1679 947 alta
1704 916 1829 947 voce
1852 901 1949 948 cla-

335 994 472 1024 mare
501 979 679 1036 coepit:
708 977 1013 1025 Concentum
1043 979 1189 1025 audio
1218 978 1516 1036 angelicum,
1542 978 1830 1024 charissime
1855 978 1949 1025 Ca-

337 1055 442 1113 nisi,
470 1055 710 1101 comitare
744 1070 837 1113 me,
872 1065 920 1101 et
952 1056 1131 1102 crebro
1162 1055 1285 1101 haec
1319 1055 1478 1101 verba
1512 1065 1740 1112 repetens
1773 1056 1950 1102 multos

337 1133 622 1179 nominabat
655 1149 718 1179 eX
749 1133 980 1179 Patribus
1004 1142 1106 1179 tum
1141 1133 1360 1178 romanis
1383 1143 1483 1178 tum
1514 1133 1877 1191 viennensibus,
1904 1141 1951 1179 et

337 1220 390 1256 vt
422 1226 589 1257 secum
623 1220 891 1268 pergerent
924 1210 1227 1256 clamitabat.
1252 1207 1550 1266 Superuenit
1582 1209 1772 1256 interea
1806 1210 1866 1256 R.
1893 1209 1948 1257 Ρ.

337 1287 675 1345 prouincialiS,
718 1303 813 1344 quo
857 1287 986 1344 viso,
1029 1287 1225 1333 insolita
1268 1287 1511 1343 quaedam
1550 1286 1765 1332 laetitiae
1809 1286 1951 1343 signa

337 1365 487 1411 edere
520 1365 681 1422 coepit
713 1364 1119 1421 strictissimeque
1153 1379 1265 1410 eum
1299 1364 1558 1420 amplexus
1592 1372 1680 1409 est.
1718 1361 1951 1420 Sequenti

337 1442 411 1488 die
444 1457 555 1488 cum
588 1450 930 1498 postsacrum
965 1457 1075 1487 eum
1109 1441 1388 1498 inuiserem,
1415 1439 1764 1497 agonizantem
1788 1439 1950 1497 reperi

337 1529 385 1565 et
408 1519 790 1577 protestationes
814 1518 1009 1575 aliaque
1032 1518 1129 1576 pia,
1154 1527 1302 1575 prout
1325 1532 1355 1563 a
1379 1516 1506 1562 Rdo.
1534 1516 1611 1562 Re
1637 1516 1869 1562 Victoria
1892 1531 1952 1561 ea

337 1596 551 1653 proferri
583 1595 833 1654 audiebat,
861 1594 1041 1640 deuota
1074 1603 1238 1640 mente
1271 1594 1608 1651 replicantem.
1635 1593 1802 1650 Atque
1826 1592 1952 1638 inter

337 1672 579 1719 orandum
619 1671 874 1719 deficiente
913 1687 1053 1729 voce,
1095 1686 1236 1717 suum
1276 1670 1424 1727 paulo
1459 1680 1567 1727 post
1607 1669 1824 1715 creatori
1863 1684 1950 1714 suo

337 1749 544 1795 reddidit
567 1748 805 1806 spiritum.
833 1749 1073 1795 Mirabilis
1096 1749 1233 1794 Deus
1270 1748 1316 1793 in
1350 1747 1533 1793 sanctis
1556 1747 1673 1803 suis,
1701 1755 1749 1792 et
1771 1746 1950 1792 iudicia

337 1826 441 1872 eius
465 1827 674 1883 abyssus
707 1826 861 1872 multa
896 1828 927 1872 1.
963 1825 1429 1883 Congratulabatur
1463 1823 1553 1870 sibi
1587 1822 1862 1870 Germania
1892 1822 1952 1868 de

336 1903 630 1949 sanctissimi
653 1903 816 1948 Patris
849 1901 991 1948 huius
1024 1902 1275 1958 inopinato
1301 1901 1533 1954 aduentu,
1557 1900 1643 1946 sed
1678 1901 1740 1945 ad
1773 1900 1948 1945 horam

337 1980 580 2026 exultauit
603 1980 649 2025 in
674 1980 782 2026 luce
806 1979 924 2035 eius,
952 1988 1000 2025 et
1024 1995 1165 2036 quem
1200 1987 1275 2025 tot
1306 1978 1445 2024 annis
1478 1977 1673 2022 Rornae
1702 1976 1792 2022 sibi
1824 1976 1950 2021 arbi-

336 2059 565 2103 trabatur
598 2067 969 2114 praeparatum‚
1003 2056 1240 2102 coelestib
1265 2071 1300 2101 is
1331 2055 1429 2101 iam
1464 2054 1585 2100 vidit
1619 2053 1951 2099 mansionibus

336 2133 487 2179 fuisse
511 2133 829 2179 destinatum.

400 2211 465 2255 15.
532 2210 808 2268 Plaeraque
841 2210 938 2256 alia
971 2218 1097 2265 sunt,
1123 2209 1247 2255 Rde.
1275 2209 1347 2265 P.,
1381 2224 1507 2266 quae
1542 2207 1844 2254 recensenda
1868 2222 1950 2263 pu-

337 2299 513 2344 tarem,
541 2287 629 2332 nisi
654 2287 913 2343 prolixitas
935 2286 1083 2331 nimia
1109 2295 1317 2331 vetaret.
1346 2285 1641 2331 Praeteribo
1665 2284 1816 2341 igitur
1839 2298 1951 2328 con-

337 2364 503 2410 ciones
526 2364 805 2420 hispanicas
838 2379 963 2421 quae
987 2379 1016 2409 a
1040 2362 1164 2408 Rdo.
1193 2363 1230 2407 P
1240 2370 1271 2408 ,⁴³
1295 2362 1527 2408 Victoria
1560 2362 1607 2407 in
1640 2370 1811 2407 nostro
1835 2369 1950 2406 tem-

336 2441 415 2498 plo
438 2440 642 2487 subinde
665 2441 924 2487 habentur.
951 2440 1153 2485 Tacebo
1179 2439 1469 2485 miraculum
1492 2438 1621 2495 quod
1645 2453 1740 2483 non
1763 2437 1832 2483 ita
1856 2436 1950 2494 pri-

336 2518 446 2563 dem
476 2518 521 2563 in
551 2527 724 2564 nostro
757 2518 834 2564 hic
867 2517 1050 2574 templo
1084 2516 1247 2562 diuina
1281 2516 1474 2562 bonitas
1509 2531 1620 2562 cum
1654 2514 1866 2572 quodam
1891 2529 1953 2559 ex

336 2594 517 2640 nostris
550 2594 760 2652 peregit,
792 2594 871 2651 qui
905 2594 1019 2640 dum
1051 2593 1098 2638 in
1131 2594 1412 2639 summitate
1446 2592 1633 2649 templi,
1660 2591 1789 2649 quod
1823 2591 1953 2636 deal-

335 2671 550 2717 bandum
577 2682 880 2729 susceperat,
908 2670 1136 2717 machina
1169 2670 1382 2727 quadam
1417 2680 1618 2715 euectus
1648 2678 1794 2721 esset,
1821 2667 1950 2713 incu-

337 2748 410 2793 ria
434 2748 537 2793 eius
560 2747 640 2805 qui
664 2748 942 2794 machinam
975 2747 1343 2804 moderabatur,
1370 2755 1575 2803 repente
1600 2761 1663 2790 ex
1685 2759 1876 2790 summo
1901 2743 1948 2788 in

335 2835 521 2870 terram
545 2825 738 2881 decidit,
765 2840 856 2871 nec
879 2834 1042 2871 tamen
1076 2824 1345 2870 laesionem
1382 2824 1534 2868 vllam
1570 2822 1736 2879 sensit,
1763 2820 1847 2866 sed
1875 2835 1952 2865 eo-

336 2902 444 2947 dem
470 2902 575 2947 fere
600 2912 848 2948 momento
872 2902 918 2947 in
941 2910 1117 2958 coepto
1141 2916 1291 2957 opere
1317 2915 1614 2957 progressus
1639 2909 1728 2944 est.

385 3071 391 3089 ¹
447 3068 507 3106 ef.
527 3068 593 3105 ΡΞ.
615 3067 789 3114 LXVH,
809 3068 855 3104 36
873 3073 913 3104 et
931 3065 1113 3112 XXXV,
1137 3066 1173 3103 7.
