2051 3516
375 304 421 339 20
835 307 1051 345 LITTERAE
1079 309 1434 353 QUADRIMESTREs

327 400 500 444 cansis
523 402 773 457 ccnznem't,
803 402 930 448 sede.
958 404 1009 447 in
1036 403 1234 448 Cni'isto
1259 403 1418 448 Pater
1440 419 1499 449 ac·
1523 406 1776 462 magister
1791 407 1939 462 Jaco-

325 475 381 519 be
405 476 628 532 Latine-3,
659 486 708 522 ut
741 478 878 523 iuxta
912 479 1150 525 hactenus
1184 481 1503 525 obseruatam
1538 496 1598 526 ac
1630 482 1941 528 laudabilem

326 552 533 597 aliorum
568 563 789 610 nostrae,
824 555 924 600 imo
947 555 1076 613 Iesv,
1103 556 1368 602 Societatis
1392 557 1715 614 collegiorum
1740 574 1940 604 consue-

326 628 558 685 tudinem,
586 645 710 685 quae
735 630 827 675 hoc
851 632 1074 687 proxime
1098 633 1265 690 elapso
1290 634 1636 690 quadrimestri
1661 635 1825 680 diuina
1860 636 1938 680 bo-

325 704 450 749 nitas
489 721 575 760 per
612 722 744 763 suos,
782 708 895 752 lieet
926 709 1132 754 inutiles
1165 715 1212 755 et
1244 710 1605 767 indignissimos
1638 727 1827 767 seruos,
1866 713 1941 758 hic

324 782 520 836 operari
544 781 748 839 dignata
771 793 846 828 est
870 785 1087 831 breuiter
1111 787 1239 832 istuc
1264 787 1654 845 perscribamus;
1692 789 1803 834 istis
1836 790 1941 834 iam

324 857 484 902 literis
522 859 764 914 quaedam
802 860 903 906 Dei
938 867 1113 919 opera,
1160 873 1306 919 prout
1352 864 1480 909 labili
1526 865 1795 909 memoriae
1834 881 1941 910 sese

323 933 552 991 offerent,
579 936 641 981 ad
665 937 901 983 maiorem
924 953 1052 984 snae
1074 945 1091 966 ὃ
1111 940 1302 995 gloriae
1322 941 1817 997 commendationem,
1845 957 1941 997 qua

323 1010 464 1056 decet
502 1011 608 1067 fide,
651 1014 1031 1060 recensebimus.
1078 1015 1139 1061 Et
1177 1031 1273 1073 qno
1312 1018 1727 1073 compendiosius
1765 1022 1812 1062 et
1847 1032 1939 1063 sit-J)

323 1102 552 1145 quaeque
583 1090 762 1135 ordine
795 1091 1050 1145 dicantur,
1090 1093 1297 1148 primum
1321 1093 1589 1149 spiritualis
1613 1094 1805 1150 collegii
1831 1110 1938 1150 pra-

321 1164 486 1219 gensis
510 1174 708 1221 statum,
735 1167 919 1211 deinde
928 1168 1333 1225 foelicissimitm
1351 1169 1370 1196 ¹³
1391 1180 1592 1215 nostrae
1611 1171 1812 1216 scholae
1835 1186 1939 1216 suc-

322 1255 531 1298 cessum,
560 1242 631 1286 aa'
651 1246 938 1302 extremum
961 1251 977 1270 ⁶
998 1260 1119 1289 uero
1144 1246 1392 1303 nonnulla,
1417 1251 1472 1291 nt
1490 1247 1746 1303 zn‘dentm',
1774 1251 1939 1292 estra-

322 1331 435 1373 nea,
476 1318 570 1363 sea'
603 1334 728 1376 quae
766 1320 950 1366 liotfnm
990 1322 1217 1379 utrisque
1251 1323 1546 1368 connnnnia
1578 1328 1714 1379 sunt,
1751 1338 1811 1369 ac
1844 1340 1938 1369 non

321 1393 431 1438 dico
455 1393 473 1420 ‘¹
491 1396 721 1451 pragensi
747 1397 1061 1454 reipublicae,
1098 1399 1184 1443 sed
1218 1399 1366 1444 etiam
1401 1400 1585 1456 inchto
1610 1400 1759 1445 totius
1783 1401 1936 1446 Bohe-

322 1469 448 1515 miae
474 1487 645 1527 regno,
670 1471 859 1518 fructus
892 1488 1048 1531 qnam
1078 1475 1334 1530 plurimos
1367 1480 1413 1520 et
1447 1476 1729 1521 ilbelfrimos
1762 1484 1777 1504 e
1805 1477 1937 1522 adfe—

324 1555 452 1601 runt,
481 1548 839 1594 enarrabimus

379 1622 420 1668 2.
486 1623 731 1681 Principio
756 1625 906 1681 igitur
929 1626 1033 1671 siue
1058 1627 1217 1672 Ra'os.
1251 1628 1352 1672 ΡἉΞ8
1381 1642 1440 1672 ac
1475 1629 1808 1674 charissimos
1841 1629 1937 1674 fra-

321 1709 421 1744 tres
444 1716 614 1746 omnes
637 1702 778 1747 simul
802 1702 811 1728 f
839 1703 901 1747 ob
925 1703 1095 1748 oculos
1120 1720 1265 1760 pono,
1287 1704 1392 1749 siue
1413 1705 1559 1750 etiam
1580 1721 1749 1751 eorum
1775 1722 1937 1762 quem—

322 1775 437 1822 libet
460 1792 683 1822 seorsum
707 1780 1029 1835 contemplor,
1058 1796 1152 1824 non
1178 1796 1377 1837 possum
1401 1797 1496 1826 non
1524 1789 1557 1829 g.
1585 1782 1712 1838 quod
1737 1798 1817 1827 res
1845 1791 1933 1837 est,

320 1853 532 1897 libenter
554 1868 613 1898 ac
637 1855 861 1911 ingenae
879 1857 1129 1913 profiteri,
1167 1862 1215 1902 et
1245 1871 1422 1903 omnes
1447 1859 1651 1914 pariter
1671 1859 1689 1885 ¹¹
1710 1859 1937 1905 maximis

320 1929 597 1988 conatibus,
644 1933 933 1977 conculcato
978 1934 1084 1978 iam
1127 1932 1370 1991 Sathana,
1418 1951 1478 1980 ac
1521 1936 1698 1992 spretis
1741 1936 1936 1981 omnino

321 2006 483 2051 mundi
508 2008 769 2064 carnisque
794 2009 1052 2058 illecebris.
1080 2010 1142 2055 ad
1167 2026 1336 2056 ueram
1357 2011 1654 2057 christianae
1673 2012 1805 2057 uitae
1829 2029 1934 2069 per-

320 2082 581 2127 fectionem
615 2085 763 2129 ueluti
798 2086 1024 2130 certatim
1058 2087 1271 2142 (mirum
1305 2088 1459 2144 dictu,
1495 2089 1588 2133 sea'
1609 2090 1725 2134 aisn
1761 2091 1934 2134 iucun-

320 2159 458 2215 dius)
476 2160 542 2204 ita
562 2162 876 2218 contendere,
899 2172 951 2207 ut
970 2164 1408 2219 impetitosissima
1431 2164 1438 2191 ί
1467 2166 1692 2222 quadam,
1714 2166 1808 2211 sed
1826 2166 1933 2211 lait-

319 2236 478 2281 (labili
510 2236 738 2282 uiolentia
775 2254 980 2294 regnum
1014 2240 1264 2285 coelorum
1298 2257 1587 2298 expugnare
1615 2242 1624 2275 1'
1654 2242 1931 2297 uideantur,

319 2322 366 2358 et
405 2313 449 2357 in
488 2329 575 2357 suo
616 2329 1027 2373 inntmcsnemqne
1065 2318 1221 2363 etiam
1259 2317 1277 2344 ¹<
1304 2318 1441 2363 iuxta
1479 2318 1755 2364 obedientie
1795 2334 1939 2385 prae-

318 2389 551 2445 scriptum
586 2391 749 2447 offitio
783 2391 790 2417 ¹
819 2393 1028 2448 uersari,
1066 2397 1121 2438 ut
1152 2398 1200 2438 et
1222 2399 1473 2450 perpetuo
1496 2409 1624 2440 snae
1648 2396 1937 2440 meminerit

320 2466 619 2522 uacationis,
647 2471 694 2511 et
715 2471 821 2513 tam
846 2469 1232 2515 abominabilem
1265 2471 1514 2516 bohemici
1545 2472 1696 2528 regni
1727 2472 1932 2517 calami-

318 2546 488 2599 tatem,
535 2547 577 2588 et
618 2544 1049 2591 abominatioiwn‘z
1093 2551 1200 2592 tam
1237 2549 1616 2605 calamitosam,
1663 2549 1933 2604 deplorare

319 2632 586 2675 nimquam
612 2620 827 2666 desinat.
859 2622 1043 2667 Omitto
1068 2623 1175 2667 iam
1198 2637 1354 2680 qnam
1379 2630 1407 2650 ¹¹¹
1433 2624 1617 2669 utiliter
1650 2634 1697 2669 et
1731 2625 1932 2680 pulchre

319 2710 428 2740 cum
453 2695 633 2750 pietate
665 2697 893 2743 honestas
929 2699 1075 2744 etiam
1100 2700 1378 2756 disciplinas
1402 2701 1692 2746 domesticis
1714 2709 1814 2746 tum
1839 2702 1930 2747 lec-

319 2771 545 2827 tionibus,
573 2782 673 2817 tum
698 2774 805 2818 aliis
829 2775 1078 2820 exercitiis
1102 2776 1293 2832 optimis
1316 2777 1616 2833 coniungunt
1638 2784 1711 2822 ¹¹...

366 2929 383 2949 3
426 2922 599 2959 diuinae.
654 2924 718 2951 *b
739 2937 795 2961 ac.
850 2933 911 2953 *C
932 2927 1089 2963 deinde.
1144 2927 1208 2954 —d
1228 2928 1368 2964 solum.
1423 2936 1485 2956 -e
1506 2941 1584 2965 non
1603 2929 1781 2979 exiguos.

365 2981 375 3008 f
424 2986 580 3017 nostros
606 2982 735 3019 simul.
791 2991 854 3018 -g
886 2998 962 3020 non
990 2985 1119 3022 fateri.
1176 2986 1238 3013 -h
1260 2998 1338 3022 eos.
1393 2985 1448 3013 -i
1481 2992 1630 3023 sancta.
1686 2987 1737 3021 -i
1769 2987 1862 3024 Hoc
1887 2999 1925 3024 v.

319 3044 454 3085 snpra
469 3051 577 3076 vem.
595 3041 733 3077 addit.
753 3043 903 3079 eadem
921 3044 1063 3088 Sylvii
1081 3056 1231 3081 manu.
1285 3045 1350 3072 —k
1370 3045 1541 3092 quisque
1561 3045 1699 3085 officio.
1761 3045 1804 3073 -¹
1831 3052 1927 3083 stre-

319 3111 410 3136 nue.
465 3106 537 3126 —m
562 3112 619 3136 ae.
719 3108 737 3127 ¹1
760 3101 1011 3147 Sequuntur
1032 3104 1057 3139 7
1072 3114 1222 3140 versus
1238 3105 1405 3142 millius
1423 3106 1635 3141 momenti
1652 3115 1677 3141 a
1694 3104 1769 3142 Po.
1792 3105 1924 3142 oblz'tt.
