2051 3516
587 284 892 322 31.-*C0L0N1A
918 285 965 322 23
991 284 1148 321 MARTII
1178 286 1268 322 1557
1629 288 1696 324 137

113 379 309 435 gentius
342 388 511 424 rector
544 395 847 436 causamque
881 389 1246 436 perscrutatur;
1285 381 1369 426 sed
1407 396 1517 426 cum
1557 384 1742 439 optimo

112 455 276 501 animo
300 455 347 500 id
370 456 459 501 abs
479 471 532 501 se
551 457 780 502 contendi
800 457 1136 514 obseruasset,
1158 472 1253 502 non
1274 457 1420 502 modo
1439 457 1532 503 illis
1552 461 1738 515 annuit,

112 547 285 577 uerum
309 533 458 578 etiarn
483 548 579 578 non
604 543 828 589 rogatus,
856 533 941 578 sed
965 543 1141 590 sponte
1172 534 1347 579 ductus
1377 535 1594 591 propria,
1633 537 1742 581 aliis

114 609 419 654 liberrimam
443 610 719 667 emigrandi
739 610 1027 655 facultatem
1047 611 1240 656 obtulit.
1263 611 1435 669 Neque
1454 611 1570 656 illud
1590 613 1739 657 admi-

112 686 215 731 rari
239 687 496 743 quisquam
522 687 682 733 debet.
711 687 840 744 Quin
864 687 959 733 hoc
989 688 1150 744 potius
1185 689 1313 745 quod
1349 689 1561 734 aliorum
1597 690 1741 735 colle-

112 763 307 819 giorum
332 773 557 809 rectores
580 780 676 810 non
700 765 763 810 ad
786 780 854 819 se,
881 765 967 809 sed
992 774 1130 811 recta
1156 765 1335 811 ciuium
1361 766 1423 811 ad
1448 782 1538 812 nos
1568 782 1740 812 consu-

112 841 307 897 lumque
330 839 455 885 filios
478 841 804 893 instituendos
824 841 1085 886 deducant.
1112 840 1298 897 Sicubi,
1325 843 1563 900 inquiunt,
1585 845 1743 900 probe

110 917 295 963 institui
320 928 538 974 possunt,
566 933 806 975 nusquam
832 918 1015 963 rectius
1039 934 1186 976 quam
1211 919 1341 975 apud
1375 919 1592 973 iesuitas‚
1632 937 1741 973 pas-

111 995 199 1040 sim
225 995 353 1040 enim
380 995 674 1051 uulgarique
699 996 791 1040 hoc
809 995 1006 1040 nomine
1026 1006 1385 1052 nuncupamur.
1408 996 1743 1053 Quemadmo-

110 1072 224 1117 dum
248 1087 371 1117 uero
394 1073 632 1128 temporis
656 1073 795 1118 uerni
819 1072 1059 1127 suauitas,
1088 1089 1147 1118 eo
1173 1074 1303 1130 quod
1327 1074 1517 1130 hyemis
1552 1077 1741 1132 magni-

109 1149 325 1194 tudinem
349 1160 700 1206 consequatur,
727 1149 923 1205 gratior
947 1165 1056 1195 esse
1091 1151 1232 1207 solet,
1270 1166 1365 1196 non
1401 1166 1545 1196 secus
1580 1153 1742 1208 profe-

109 1236 190 1271 cto
214 1227 338 1272 haec
362 1227 654 1272 iucundiora
688 1227 942 1272 narrando
977 1226 1273 1284 efficiuntur,
1311 1244 1421 1273 cum
1456 1229 1590 1275 aeris
1624 1230 1741 1275 iniu-

110 1304 235 1348 riam
260 1313 409 1360 atque
433 1314 778 1360 tempestatem
803 1305 1025 1362 coelique
1059 1306 1486 1361 perturbationem
1512 1321 1742 1352 serenum

108 1391 300 1437 tempus
323 1382 663 1427 antecesserit.
691 1381 905 1438 Quidam
927 1383 1070 1439 enim,
1093 1392 1141 1428 et
1158 1398 1383 1429 summae
1402 1384 1738 1441 authoritatis,

108 1468 156 1503 et
180 1458 356 1503 doctor
379 1458 694 1516 theologicae
729 1459 982 1505 facultatis
1017 1461 1231 1505 omnium
1266 1460 1371 1506 fere
1406 1462 1607 1518 primus,
1644 1478 1741 1507 non

108 1536 253 1580 modo
287 1536 435 1580 ullam
472 1536 868 1582 beneuolentiam
903 1537 949 1582 in
984 1537 1119 1582 initio
1155 1553 1281 1594 erga
1316 1553 1405 1583 nos
1445 1539 1739 1594 declarauit,

107 1612 192 1657 sed
223 1613 351 1657 omni
385 1628 616 1658 sermone
650 1613 1031 1659 infensissimum
1066 1629 1118 1659 se
1154 1615 1314 1671 potius
1350 1614 1617 1661 Societatis
1657 1616 1739 1661 ho-

107 1699 229 1734 stem
253 1690 465 1746 aperuit.
504 1690 699 1735 Verum
733 1691 1008 1736 huiusmodi
1043 1691 1294 1737 hominum
1328 1694 1500 1749 generi
1536 1709 1742 1749 prorsus

107 1776 181 1811 est
206 1766 578 1823 ignoscendum,
602 1769 729 1824 quod
753 1784 849 1813 non
874 1770 1004 1813 malo
1030 1770 1212 1826 animo,
1234 1771 1320 1814 sed
1342 1770 1413 1815 rei
1438 1771 1632 1815 inscitia
1651 1787 1741 1816 nos

107 1844 219 1889 odio
259 1857 606 1901 prosequatur.
650 1845 888 1892 Nesciunt
927 1847 1073 1900 enim,
1117 1857 1168 1893 ut
1207 1848 1376 1892 uerbis
1409 1849 1568 1893 sacris
1607 1857 1737 1904 utar,

108 1922 221 1979 quid
243 1921 433 1968 faciunt
458 1922 485 1978 ¹;
514 1923 752 1979 siquidem
777 1923 882 1968 eius
906 1924 1152 1970 amicitiae
1182 1926 1446 1981 explorata
1480 1926 1622 1982 signa
1657 1926 1740 1971 ha-

106 2001 293 2050 bemus,
321 2009 369 2045 et
393 2000 541 2045 animi
566 2016 693 2057 erga
717 2016 806 2046 nos
830 2002 919 2046 sui.
948 2002 1076 2047 Nam
1101 2017 1212 2047 cum
1243 2003 1371 2047 illius
1404 2003 1637 2049 hesterno
1663 2004 1740 2049 die

106 2075 370 2122 interesset
392 2076 860 2134 frequentissimum,
887 2079 951 2123 ob
975 2080 1285 2136 quorundam
1310 2094 1513 2124 suorum
1533 2080 1729 2136 discipu-

106 2154 263 2198 lorum
293 2162 474 2207 actum,
513 2155 772 2199 celebrare
807 2155 1105 2211 conuiuium,
1143 2156 1339 2202 curauit
1373 2173 1461 2213 per
1493 2158 1739 2202 bedellum
1783 2195 1787 2198 .

105 2231 260 2276 nostri
304 2232 499 2289 collegii
539 2232 852 2288 professores
892 2234 954 2278 ad
994 2249 1046 2279 se
1088 2235 1274 2280 uocari.
1319 2234 1543 2291 Cumque
1581 2236 1739 2282 nostri

105 2318 306 2364 praesto
346 2319 526 2365 essent,
564 2310 649 2355 tali
680 2325 767 2355 eos
800 2312 909 2355 loco
935 2311 1232 2367 honestauit,
1271 2324 1323 2358 ut
1358 2314 1599 2358 certiores
1633 2314 1739 2358 eius

106 2385 351 2431 amicitiae
376 2396 520 2432 notas
544 2388 665 2433 dare
691 2403 786 2432 non
810 2389 1040 2445 potuerit.
1079 2389 1248 2435 Taceo
1284 2390 1344 2436 de
1378 2391 1597 2436 eiusdem
1628 2405 1736 2446 pro-

105 2462 381 2508 fessoribus
405 2464 485 2520 qui
518 2464 870 2510 humanissime
904 2475 1104 2511 nostros
1137 2478 1457 2524 exceperunt,
1495 2469 1738 2525 pluraque

106 2540 176 2585 eis
200 2540 481 2586 detulerunt
506 2557 653 2598 quam
679 2542 884 2598 quisque
908 2543 953 2588 in
981 2559 1033 2588 se
1058 2559 1337 2600 agnoscere
1363 2545 1496 2590 uelit.

162 2617 204 2663 3.
272 2617 324 2664 Si
349 2634 470 2664 uero
495 2620 727 2665 classium
752 2620 975 2666 ordinem
1001 2621 1160 2678 exigis
1195 2623 1226 2679 2,
1263 2623 1401 2673 haec,
1439 2622 1737 2668 Reverende

105 2696 150 2740 in
175 2695 264 2740 Χ.ο
288 2695 455 2751 Pater,
492 2698 689 2742 habeto.
728 2698 1075 2755 Philosophiae
1109 2700 1267 2745 lector
1301 2710 1374 2744 est
1409 2699 1596 2757 unicus;
1638 2715 1735 2745 non

105 2772 213 2818 dico
239 2774 404 2830 plures
429 2774 736 2831 desyderari,
766 2792 876 2822 cum
901 2792 982 2822 res
1017 2777 1122 2833 ipsa
1158 2779 1406 2832 loquatur.
1444 2777 1572 2822 Nam
1606 2779 1735 2823 enim

153 2918 163 2936 ¹
214 2916 316 2954 Luc.
352 2917 584 2959 XX111.34.

151 2978 165 2996 ²
214 2977 279 3013 De
298 2945 519 3014 siudiorum
538 2978 694 3014 ratione
720 2979 758 3014 in
786 2979 1005 3015 coloniensi
1034 2979 1208 3024 collegio
1235 2979 1372 3025 primis
1401 2979 1460 3016 his
1486 2981 1735 3027 temporibus

103 3037 195 3073 vide
214 3037 355 3082 DUHR,
377 3038 462 3074 Die
487 3038 668 3075 altesten
697 3038 1019 3085 Studz‘enplc'z'ne
1044 3038 1120 3075 des
1144 3037 1661 3084 sesuitengymnasiums
1687 3043 1734 3078 in

104 3096 231 3134 Kbln.
