2051 3516
664 320 960 357 l7S.—-B1voxA
993 320 1008 355 1
1037 329 1140 366 JULIl
1171 318 1262 354 1558
1525 304 1532 308 ’
1655 313 1721 350 731

205 416 247 461 8.
305 416 400 461 ΡΨ
422 432 615 473 quoque
637 427 804 461 rector
824 415 1030 461 alternis
1049 414 1220 459 diebus
1240 428 1292 458 su
1303 410 1522 469 [m]mam
1547 410 1707 454 Fumi
1722 415 1739 435 a
1763 408 1770 431 ¹

147 494 520 550 interpretatur,
568 493 629 538 ad
674 509 820 549 quam
860 492 1226 549 percipiendam
1266 488 1531 546 aliquando
1576 487 1775 532 circiter

146 571 351 628 triginta
385 579 486 615 tam
527 586 588 615 ex
623 570 914 627 presbiteris
949 569 1258 616 secularibus
1292 582 1438 625 quam
1471 581 1532 610 ex
1556 564 1776 609 monacis

147 648 463 704 conueniunt,
491 648 719 704 exceptis
751 647 938 705 aliquot
962 646 1218 704 primariis
1242 644 1365 690 viris
1390 651 1540 700 atque
1563 641 1776 686 mulieri-

147 726 241 771 bus
286 725 318 771 ¹³.
364 725 509 782 Quod
544 741 664 772 sane
700 741 799 772 11011
831 726 999 771 solnm
1023 724 1230 781 nostris,
1256 722 1350 768 sed
1371 721 1528 766 etiam
1553 718 1778 765 omnibus

148 802 291 848 huius
316 803 480 860 oppidi
504 804 850 849 sacerdotibus
876 801 1305 860 pernecessarium
1340 808 1430 855 est,
1467 813 1527 844 ac
1562 796 1776 842 omnium

149 880 362 926 aliarum
388 880 670 937 lectionum,
699 896 809 926 meo
834 880 1027 938 quidem
1053 879 1248 934 iudicio,
1275 878 1423 934 longe
1449 874 1776 929 Vtilissimum,

147 972 259 1002 cum
283 958 329 1002 in
353 957 426 1002 his
452 958 644 1015 oppidis
669 961 1000 1003 monstruosa
1024 963 1039 982 Ε
1062 955 1272 1007 insci-tia,
1296 954 1512 999 omnium
1532 953 1778 998 malorum

150 1035 312 1092 origo,
341 1034 529 1093 vigeat.

207 1112 250 1157 Ο.
318 1111 536 1169 Itemque
570 1112 787 1158 nonnulli
822 1127 885 1157 ex
919 1110 1238 1156 nobilioribus
1273 1110 1402 1154 inter
1436 1124 1489 1153 se
1524 1124 1553 1152 a
1590 1107 1683 1152 Pse
1708 1122 1779 1151 re-

149 1199 288 1234 ctore
315 1190 619 1235 reconciliati
644 1199 771 1234 sunt.
795 1188 1099 1234 Permultum
1126 1195 1391 1243 praeterea
1416 1185 1478 1230 ab
1504 1184 1676 1230 eodem
1701 1199 1780 1239 pe-

152 1267 328 1312 cuniae
362 1266 611 1323 triticique
651 1265 919 1311 transactis
959 1265 1033 1310 his
1074 1263 1322 1309 mensibus
1357 1263 1403 1307 in
1438 1276 1686 1318 pauperes
1721 1260 1780 1305 ad

152 1354 428 1389 extremam
465 1360 587 1400 pene
621 1344 834 1389 inediam
875 1342 1109 1388 redactos
1148 1349 1416 1397 erogatum
1451 1349 1540 1385 est.
1580 1338 1783 1384 Plurimi

152 1422 376 1467 similiter
400 1437 518 1467 aere
554 1422 715 1467 alieno
749 1420 991 1477 obstricti,
1028 1419 1074 1465 in
1109 1419 1308 1464 vincula
1342 1417 1569 1473 coniecti,
1607 1416 1782 1462 conde·

154 1500 322 1555 innati,
350 1499 564 1556 aegroti,
592 1498 830 1556 oppressi,
858 1497 1035 1543 fauore
1059 1496 1094 1549 d,
1132 1496 1334 1549 auxilio,
1373 1495 1602 1552 precibus
1638 1493 1776 1538 Pm's.

155 1578 366 1624 rectoris
390 1592 697 1634 magnopere
723 1576 968 1622 subleuati
995 1585 1120 1620 sunt.

220 1656 283 1702 10.
353 1654 590 1700 Permulti
626 1669 821 1711 quoque
845 1662 946 1699 tam
970 1669 1034 1698 ex
1057 1652 1305 1710 primariis
1340 1666 1487 1708 quam
1513 1666 1575 1695 ex
1600 1649 1784 1706 plebeis

155 1733 300 1790 (sicut
324 1732 724 1789 frequentissime
745 1731 978 1787 vicarius,
1002 1730 1080 1787 qui
1106 1729 1251 1775 nichil
1275 1728 1473 1774 omnino
1499 1728 1601 1773 sine
1622 1727 1787 1772 Patris

157 1810 360 1856 consilio
396 1809 609 1867 aggredi
650 1809 829 1866 cludet)
866 1813 919 1853 vt
947 1815 962 1835 Ε
998 1824 1059 1853 ex
1095 1807 1400 1863 magistratu
1443 1805 1453 1832 f
1489 1816 1535 1851 et
1570 1805 1787 1862 superio—

158 1888 293 1933 ribus
328 1887 704 1943 coenobiorum,
730 1886 1018 1944 frequenter
1053 1886 1248 1930 domum
1282 1893 1503 1929 nostram
1529 1883 1593 1928 ad
1616 1897 1788 1927 consu-

157 1965 351 2011 lendum
377 1964 495 2010 P.s‘³¹¹¹
542 1973 791 2009 rectorem
830 1963 875 2008 in
916 1963 1158 2020 grauibus
1197 1961 1422 2007 dubiisve
1462 1960 1611 2006 rebus
1649 1975 1788 2005 acce-

159 2043 291 2088 dunt.
322 2042 487 2099 Atque
520 2057 692 2087 omnes
726 2028 832 2086 fere
866 2040 913 2086 in
947 2040 1041 2085 hac
1076 2040 1200 2085 vrbe
1231 2043 1339 2084 tam
1375 2040 1498 2084 bene
1521 2045 1540 2072 g
1566 2037 1625 2082 de
1650 2036 1790 2082 nobis

159 2120 392 2172 sentiunt,
420 2135 510 2164 nos
546 2128 857 2171 reuerentur,
895 2131 989 2163 nos
1023 2117 1040 2143 ¹¹
1076 2117 1300 2173 diligunt,
1340 2115 1635 2173 praesertim
1667 2114 1790 2159 P.“³¹U

160 2208 424 2253 rectorem,
470 2213 613 2254 quem
658 2212 804 2254 quam
850 2196 1051 2242 maximi
1097 2195 1301 2251 faciunt,
1344 2203 1446 2239 tum
1495 2194 1623 2250 quod
1667 2193 1791 2237 helze

161 2276 309 2321 audit
346 2275 673 2333 omnibusque
706 2274 989 2320 consultum
1027 2276 1132 2318 vult
1163 2272 1199 2329 ³,
1226 2282 1330 2318 tum
1365 2272 1492 2328 quod
1530 2271 1791 2328 plurimum

160 2353 291 2410 apud
325 2367 503 2398 omnes
537 2356 583 2397 et
617 2352 846 2398 maxime
886 2352 1058 2397 ducem
1101 2351 1251 2405 valet,
1289 2352 1357 2395 ita
1394 2359 1444 2394 vt
1480 2363 1650 2393 omnes
1689 2358 1791 2392 tan-

161 2447 306 2488 quam
330 2431 372 2476 in
399 2446 490 2476 sua
515 2439 761 2486 potestate
796 2429 982 2474 habere
1007 2428 1253 2481 videatur,
1281 2442 1523 2483 nemoque
1548 2425 1636 2482 ipsi
1662 2424 1792 2482 quic-

161 2525 308 2566 quam
333 2509 588 2565 denegare
613 2507 812 2552 audeat.

208 2692 225 2713 a
258 2685 460 2732 quandam
480 2696 679 2720 summam
695 2694 862 2719 casuum
878 2681 1164 2725 eonscientiae,
1186 2687 1224 2716 vt
1244 2687 1399 2717 vocant.
1457 2679 1520 2706 ——b
1546 2684 1710 2726 praeter
1724 2678 1796 2715 ali-

162 2758 262 2792 quos
281 2744 494 2792 primarios
523 2742 630 2779 viros
649 2747 771 2789 atque
793 2741 999 2777 mulieres.
1055 2747 1116 2767 —C
1141 2740 1384 2786 prodigiosa.
1442 2738 1505 2765 —d
1539 2738 1657 2774 huius
1688 2738 1792 2774 Pris.

163 2804 315 2841 fauore.
369 2811 430 2831 μθ
480 2802 734 2850 aggreditur„
768 2807 864 2838 tum.
920 2800 977 2827 -f
1027 2800 1345 2847 magistratibus.
1402 2807 1466 2833 —g
1511 2799 1673 2845 optime;
1710 2809 1795 2834 non

163 2865 301 2902 deleto
319 2864 438 2901 bene.
494 2863 557 2890 —h
582 2875 641 2898 ac.
695 2863 752 2897 —i
786 2861 891 2908 quod
911 2861 1095 2898 omnibus
1116 2860 1302 2896 consulit.

213 3024 220 3041 ¹
274 3021 343 3058 Fr.
366 3020 704 3057 Bartholomaeus
724 3020 891 3063 Fumus,
911 3018 960 3056 O.
977 3018 1022 3055 P.
1042 3018 1077 3062 (Τ
1103 3018 1208 3062 1545)
1228 3017 1387 3063 scripsit
1403 3015 1615 3053 Summam
1630 3028 1797 3052 casuum

163 3082 433 3118 conscientiae
461 3079 647 3117 Auream
679 3081 883 3117 armillam
911 3079 1073 3116 dictam.
1104 3076 1167 3115 Cl.
1198 3077 1395 3119 HCRTER,
1425 3077 1796 3119 Nomenclator'...‚

164 3141 239 3185 IV,
264 3140 369 3178 1332.
