2051 3516
520 310 903 349 209.--V1N[›0130NA
932 313 973 349 31
1009 312 1215 350 OCTOBRIS
1246 312 1335 349 1558
1627 311 1698 349 859

113 415 282 472 fuisse,
318 429 463 460 nemo
500 429 598 459 non
634 413 956 470 intelligebat.
996 414 1267 461 Testantur
1300 415 1394 460 hoc
1428 414 1739 471 singulorum

114 491 300 549 scripta
333 500 444 548 post
477 491 761 537 triduanam
786 491 1064 537 orationem
1098 492 1158 538 R.
1197 492 1248 537 P.
1288 492 1475 538 rectori
1500 492 1740 549 exhibita,

113 569 288 626 quibus
311 584 453 614 suam
477 568 681 626 quisque
715 583 778 614 ex
811 567 905 614 hoc
938 569 1191 615 electionis
1222 568 1389 615 factae
1423 570 1602 615 nuncio
1634 585 1741 627 per-

111 654 308 702 ceptam
332 645 380 690 in
404 645 618 691 Domino
642 644 1033 691 consolationem
1064 646 1363 703 explicabat.
1392 645 1670 692 Confirmat
1694 646 1740 691 id

111 722 271 779 ipsum
294 722 575 780 gratiarum
600 722 732 769 actio
756 721 1000 774 continuis
1024 733 1138 768 octo
1163 724 1335 769 diebus
1353 728 1474 780 post
1497 724 1740 770 decanta-

111 804 190 845 tos
211 799 420 856 vesperi
440 803 588 845 tonos
620 799 729 845 Deo
764 798 879 856 Opt.
907 799 1042 845 Max.
1070 801 1339 857 persoluta,
1367 800 1624 847 recitando
1652 801 1742 846 Za-

111 876 314 922 chariae
353 875 602 922 canticum
637 876 936 922 Benedictus
974 876 1217 922 Dominus
1256 877 1394 923 Deus
1427 877 1585 923 Israel
1625 887 1739 936 etc.‚

112 970 211 1001 vna
250 969 361 1000 cum
405 954 595 1011 psalmo
638 954 720 1000 illo
765 953 1105 1000 ecclesiastico
1146 954 1218 1001 Te
1259 955 1419 1000 Deum
1460 956 1738 1013 laudamus,

113 1032 321 1089 aliisque
345 1031 670 1078 orationibus.

170 1109 213 1156 9.
279 1109 391 1167 Ipso
416 1118 582 1156 autem
608 1108 957 1166 assumptionis
981 1108 1043 1154 D.
1066 1109 1311 1166 Virginis,
1335 1125 1533 1156 sacrum
1558 1110 1737 1156 facien-

112 1197 160 1233 te
183 1187 245 1233 R.
272 1187 326 1233 Ρ.
354 1187 604 1245 Victoria,
633 1195 752 1233 vota
776 1202 948 1232 omnes
981 1202 1078 1232 non
1113 1187 1216 1232 sine
1240 1187 1507 1244 lachrymis
1532 1203 1740 1233 renoua-

113 1266 288 1312 uz'mzts
316 1271 348 1311 ³.
382 1265 694 1311 Peculiarem
726 1263 942 1322 vdenique
976 1265 1366 1310 consolationem
1405 1265 1568 1310 attulit
1604 1265 1744 1311 nobis

112 1341 268 1388 Rdus.
302 1341 355 1388 Ρ.
389 1341 706 1399 prouincialis
731 1356 844 1388 cum
868 1342 1038 1398 legato
1062 1342 1237 1387 summi
1261 1341 1505 1399 pontificis
1530 1343 1542 1366 ¹
1569 1341 1616 1387 in
1651 1342 1740 1387 Po-

115 1419 297 1465 loniam
316 1419 411 1465 huc
430 1419 723 1465 aduentans.
748 1418 1022 1466 Enarrauit
1041 1419 1169 1465 enim
1194 1433 1293 1465 sua
1316 1419 1457 1465 nobis
1477 1419 1570 1465 Rf‘
1594 1435 1741 1476 quam

113 1496 359 1543 foeliciter
383 1497 548 1543 omnia
584 1497 631 1542 in
665 1497 772 1554 ipsa
805 1497 1048 1544 electione
1072 1497 1419 1543 successerint.
1448 1497 1741 1543 Declarauit

114 1583 378 1632 paternum
402 1574 535 1620 illum
569 1575 745 1621 summi
778 1575 993 1632 pastoris
1025 1590 1152 1633 erga
1185 1591 1274 1620 nos
1308 1574 1563 1631 affectum,
1592 1590 1740 1631 expo-

114 1651 210 1698 suit
233 1651 423 1698 diuinos
446 1652 589 1698 huius
613 1652 820 1698 instituti
844 1653 999 1699 nostri
1023 1668 1342 1710 progressus,
1369 1661 1569 1709 tamque
1594 1652 1746 1698 diser-

113 1740 165 1775 ta
199 1739 249 1776 et
282 1729 475 1776 efficaci
500 1730 742 1789 oratione,
771 1746 896 1788 quae
930 1730 1059 1776 scire
1093 1746 1183 1776 nos
1218 1729 1488 1786 referebat,
1516 1745 1745 1786 prosecu-

113 1815 190 1854 tus
213 1817 305 1865 est,
332 1818 385 1854 vt
408 1808 652 1854 neminem
686 1808 839 1855 fuisse
870 1809 1106 1865 arbitrer,
1134 1809 1213 1866 qui
1248 1809 1343 1854 hac
1365 1824 1417 1854 se
1442 1808 1746 1854 exhortatio-

114 1900 177 1931 ne
201 1901 297 1931 non
323 1886 534 1932 senserit
568 1885 773 1933 mirifice
807 1886 854 1932 in
889 1902 978 1932 sua
1015 1886 1279 1933 vocatione
1306 1885 1669 1944 confirmatum,
1698 1895 1746 1932 et

115 1962 179 2009 ad
217 1963 445 2009 brauium
478 1964 525 2009 in
560 1979 620 2009 ea
653 1964 1094 2020 perseuerantibus
1130 1964 1438 2021 propositum
1474 1964 1745 2021 apprehen-

115 2040 325 2086 dendum
350 2042 673 2088 vehementer
706 2057 989 2088 accensum.
1018 2042 1260 2100 Quamuis
1285 2051 1451 2088 autem
1476 2042 1641 2088 multis
1665 2058 1745 2087 no-

114 2119 326 2166 minibus
358 2119 469 2166 Rdi.
507 2120 562 2166 P.
600 2120 921 2178 prouincialis
945 2121 1235 2178 gratissima
1259 2120 1400 2166 nobis
1424 2119 1572 2165 fuerit
1603 2135 1744 2177 prae-

114 2196 290 2254 sentia,
318 2197 410 2243 hoc
433 2206 599 2244 tamen
623 2198 835 2257 gratior,
863 2198 992 2257 quod
1017 2214 1076 2245 eo
1100 2199 1206 2256 ipso
1236 2206 1502 2254 momentO,
1531 2212 1627 2254 quo
1651 2198 1746 2243 col-

116 2273 303 2331 legium
328 2284 551 2321 nostrum
575 2275 831 2332 ingressus
855 2285 944 2333 est,
972 2275 1226 2322 referebat
1246 2275 1387 2321 nobis
1408 2275 1608 2332 quidam
1627 2275 1745 2320 ami-

117 2366 204 2398 cus
226 2360 413 2408 noster,
441 2368 536 2410 quo
568 2362 715 2410 pacto
750 2354 924 2400 eodem
959 2354 1035 2399 die
1070 2354 1198 2399 inter
1233 2352 1574 2411 prandendum
1608 2362 1748 2399 certa

119 2427 220 2487 (vti
257 2430 491 2487 putabat)
537 2430 777 2477 relatione
821 2431 1092 2487 didicisset,
1142 2431 1249 2476 Rem
1295 2429 1548 2476 Canisium
1592 2446 1747 2488 prope

115 2505 407 2553 Tridentum
443 2523 552 2554 esse
586 2508 917 2564 interfectum3
945 2519 994 2555 et
1019 2509 1148 2566 quod
1174 2508 1313 2554 huius
1337 2508 1407 2554 rei
1432 2508 1600 2565 gratia
1631 2524 1745 2554 con-

115 2584 366 2631 solaturus
384 2586 487 2642 ipse
507 2601 595 2632 nos
614 2586 924 2633 accessisset.
951 2586 1015 2633 Et
1034 2602 1151 2633 ecce
1171 2586 1285 2632 dum
1304 2586 1464 2632 tristia
1484 2587 1609 2632 haec
1632 2602 1747 2632 nar-

116 2671 212 2720 rat,
239 2662 487 2709 subintrat
517 2663 570 2709 P.
599 2662 830 2710 Canisius
864 2673 912 2710 et
949 2672 1126 2721 coepta
1163 2664 1382 2709 lamenta
1406 2679 1496 2709 sua
1520 2664 1747 2722 interpel-

115 2739 187 2786 lat
209 2739 511 2796 praesentia.

170 2919 188 2940 ³
238 2917 501 2952 renouarunt.

167 3081 179 3100 ¹
230 3079 418 3128 Legatus
432 3081 578 3118 summi
592 3083 791 3129 pontificis
807 3083 847 3120 in
862 3082 1074 3119 Poloniam
1090 3082 1328 3120 mittebatur
1348 3081 1549 3121 Camillus
1563 3083 1749 3121 Mentua-

120 3144 197 3186 tus,
219 3139 431 3188 episcopus
450 3140 673 3180 satriensis.
