<?xml version="1.0" encoding="UTF-8"?>
<!DOCTYPE html PUBLIC "-//W3C//DTD XHTML 1.0 Transitional//EN"
    "http://www.w3.org/TR/xhtml1/DTD/xhtml1-transitional.dtd">
<html xmlns="http://www.w3.org/1999/xhtml" xml:lang="en" lang="en">
 <head>
  <title>
</title>
<meta http-equiv="Content-Type" content="text/html;charset=utf-8" />
  <meta name='ocr-system' content='tesseract 3.04.00' />
  <meta name='ocr-capabilities' content='ocr_page ocr_carea ocr_par ocr_line ocrx_word'/>
</head>
<body>
  <div class='ocr_page' id='page_1' title='image "./litteraequadrime17lain_0550.png"; bbox 0 0 2051 3516; ppageno 0'>
   <div class='ocr_carea' id='block_1_1' title="bbox 402 291 1461 337">
    <p class='ocr_par' dir='ltr' id='par_1_1' title="bbox 402 291 1461 337">
     <span class='ocr_line' id='line_1_1' title="bbox 402 291 1461 337; baseline 0 -10"><span class='ocrx_word' id='word_1_1' title='bbox 402 291 472 328; x_wconf 76' lang='lat'>514</span> <span class='ocrx_word' id='word_1_2' title='bbox 864 292 1082 329; x_wconf 75' lang='lat' dir='ltr'><strong>LITTERAE</strong></span> <span class='ocrx_word' id='word_1_3' title='bbox 1109 291 1461 337; x_wconf 80' lang='lat' dir='ltr'><strong>QUADRIMESTRES</strong></span> 
     </span>
    </p>
   </div>
   <div class='ocr_carea' id='block_1_2' title="bbox 357 387 1974 1597">
    <p class='ocr_par' dir='ltr' id='par_1_2' title="bbox 357 387 1972 1200">
     <span class='ocr_line' id='line_1_2' title="bbox 360 387 1970 445; baseline 0.001 -13"><span class='ocrx_word' id='word_1_4' title='bbox 360 388 551 445; x_wconf 88' lang='lat' dir='ltr'>utrique</span> <span class='ocrx_word' id='word_1_5' title='bbox 577 388 785 432; x_wconf 89' lang='lat' dir='ltr'>donatus</span> <span class='ocrx_word' id='word_1_6' title='bbox 815 389 1136 433; x_wconf 74' lang='lat' dir='ltr'>canonicatus</span> <span class='ocrx_word' id='word_1_7' title='bbox 1168 389 1197 432; x_wconf 87' lang='lat'>¹.</span> <span class='ocrx_word' id='word_1_8' title='bbox 1239 387 1397 432; x_wconf 78' lang='lat' dir='ltr'>Vnius</span> <span class='ocrx_word' id='word_1_9' title='bbox 1429 396 1503 432; x_wconf 89' lang='lat' dir='ltr'>est</span> <span class='ocrx_word' id='word_1_10' title='bbox 1536 388 1888 433; x_wconf 87' lang='lat' dir='ltr'>sententiarum</span> <span class='ocrx_word' id='word_1_11' title='bbox 1922 388 1970 433; x_wconf 91' lang='lat' dir='ltr'>li-</span> 
     </span>
     <span class='ocr_line' id='line_1_3' title="bbox 358 464 1970 521; baseline 0.001 -13"><span class='ocrx_word' id='word_1_12' title='bbox 358 464 473 509; x_wconf 86' lang='lat' dir='ltr'>bros</span> <span class='ocrx_word' id='word_1_13' title='bbox 506 464 777 520; x_wconf 80' lang='lat' dir='ltr'>explicare,</span> <span class='ocrx_word' id='word_1_14' title='bbox 813 465 1016 510; x_wconf 86' lang='lat' dir='ltr'>alterius</span> <span class='ocrx_word' id='word_1_15' title='bbox 1046 480 1166 509; x_wconf 88' lang='lat' dir='ltr'>uero</span> <span class='ocrx_word' id='word_1_16' title='bbox 1200 464 1424 520; x_wconf 86' lang='lat' dir='ltr'>paulinas</span> <span class='ocrx_word' id='word_1_17' title='bbox 1458 464 1706 520; x_wconf 87' lang='lat' dir='ltr'>epistolas.</span> <span class='ocrx_word' id='word_1_18' title='bbox 1743 464 1970 521; x_wconf 85' lang='lat' dir='ltr'>Vterque</span> 
     </span>
     <span class='ocr_line' id='line_1_4' title="bbox 358 540 1970 597; baseline 0.001 -12"><span class='ocrx_word' id='word_1_19' title='bbox 358 550 523 585; x_wconf 89' lang='lat' dir='ltr'>autem</span> <span class='ocrx_word' id='word_1_20' title='bbox 543 541 618 585; x_wconf 91' lang='lat' dir='ltr'>uir</span> <span class='ocrx_word' id='word_1_21' title='bbox 638 541 810 585; x_wconf 80' lang='lat' dir='ltr'>doctus</span> <span class='ocrx_word' id='word_1_22' title='bbox 834 551 907 586; x_wconf 91' lang='lat' dir='ltr'>est</span> <span class='ocrx_word' id='word_1_23' title='bbox 926 551 973 586; x_wconf 90' lang='lat' dir='ltr'>et</span> <span class='ocrx_word' id='word_1_24' title='bbox 998 542 1119 586; x_wconf 89' lang='lat' dir='ltr'>bene</span> <span class='ocrx_word' id='word_1_25' title='bbox 1145 541 1190 584; x_wconf 93' lang='lat' dir='ltr'>in</span> <span class='ocrx_word' id='word_1_26' title='bbox 1214 540 1391 596; x_wconf 85' lang='lat' dir='ltr'>linguis</span> <span class='ocrx_word' id='word_1_27' title='bbox 1410 550 1656 585; x_wconf 81' lang='lat' dir='ltr'>uersatus.</span> <span class='ocrx_word' id='word_1_28' title='bbox 1684 540 1808 586; x_wconf 83' lang='lat' dir='ltr'>Sunt</span> <span class='ocrx_word' id='word_1_29' title='bbox 1832 557 1970 597; x_wconf 84' lang='lat' dir='ltr'>prae-</span> 
     </span>
     <span class='ocr_line' id='line_1_5' title="bbox 358 616 1969 673; baseline 0.001 -12"><span class='ocrx_word' id='word_1_30' title='bbox 358 626 496 661; x_wconf 77' lang='lat' dir='ltr'>terea</span> <span class='ocrx_word' id='word_1_31' title='bbox 521 617 770 661; x_wconf 85' lang='lat' dir='ltr'>institutae</span> <span class='ocrx_word' id='word_1_32' title='bbox 794 617 1149 673; x_wconf 72' lang='lat' dir='ltr'>disputationes</span> <span class='ocrx_word' id='word_1_33' title='bbox 1172 616 1555 662; x_wconf 83' lang='lat' dir='ltr'>hebdomadales</span> <span class='ocrx_word' id='word_1_34' title='bbox 1578 617 1623 661; x_wconf 90' lang='lat' dir='ltr'>in</span> <span class='ocrx_word' id='word_1_35' title='bbox 1656 617 1829 673; x_wconf 87' lang='lat' dir='ltr'>quibus</span> <span class='ocrx_word' id='word_1_36' title='bbox 1860 618 1969 662; x_wconf 90' lang='lat' dir='ltr'>bac—</span> 
     </span>
     <span class='ocr_line' id='line_1_6' title="bbox 357 692 1972 750; baseline 0 -12"><span class='ocrx_word' id='word_1_37' title='bbox 357 694 602 738; x_wconf 89' lang='lat' dir='ltr'>calaureis</span> <span class='ocrx_word' id='word_1_38' title='bbox 637 693 807 738; x_wconf 87' lang='lat' dir='ltr'>ordine</span> <span class='ocrx_word' id='word_1_39' title='bbox 842 694 1235 750; x_wconf 82' lang='lat' dir='ltr'>respondendum</span> <span class='ocrx_word' id='word_1_40' title='bbox 1270 702 1359 738; x_wconf 89' lang='lat' dir='ltr'>est.</span> <span class='ocrx_word' id='word_1_41' title='bbox 1387 692 1575 749; x_wconf 80' lang='lat' dir='ltr'>Quibus</span> <span class='ocrx_word' id='word_1_42' title='bbox 1601 693 1822 738; x_wconf 86' lang='lat' dir='ltr'>omnibus</span> <span class='ocrx_word' id='word_1_43' title='bbox 1848 693 1897 738; x_wconf 86' lang='lat' dir='ltr'>fit</span> <span class='ocrx_word' id='word_1_44' title='bbox 1921 703 1972 738; x_wconf 88' lang='lat' dir='ltr'>ut</span> 
     </span>
     <span class='ocr_line' id='line_1_7' title="bbox 360 770 1972 827; baseline 0 -12"><span class='ocrx_word' id='word_1_45' title='bbox 360 771 493 816; x_wconf 87' lang='lat' dir='ltr'>multi</span> <span class='ocrx_word' id='word_1_46' title='bbox 514 786 621 816; x_wconf 87' lang='lat' dir='ltr'>sese</span> <span class='ocrx_word' id='word_1_47' title='bbox 640 770 703 815; x_wconf 91' lang='lat' dir='ltr'>ad</span> <span class='ocrx_word' id='word_1_48' title='bbox 721 771 1020 827; x_wconf 76' lang='lat' dir='ltr'>theologiam</span> <span class='ocrx_word' id='word_1_49' title='bbox 1040 770 1300 816; x_wconf 76' lang='lat' dir='ltr'>conferant</span> <span class='ocrx_word' id='word_1_50' title='bbox 1318 780 1464 826; x_wconf 86' lang='lat' dir='ltr'>atque</span> <span class='ocrx_word' id='word_1_51' title='bbox 1488 770 1533 815; x_wconf 90' lang='lat' dir='ltr'>in</span> <span class='ocrx_word' id='word_1_52' title='bbox 1554 786 1613 815; x_wconf 82' lang='lat' dir='ltr'>ea</span> <span class='ocrx_word' id='word_1_53' title='bbox 1637 771 1972 826; x_wconf 78' lang='lat' dir='ltr'>promotiones</span> 
     </span>
     <span class='ocr_line' id='line_1_8' title="bbox 357 846 1968 904; baseline -0.001 -12"><span class='ocrx_word' id='word_1_54' title='bbox 357 857 566 892; x_wconf 88' lang='lat' dir='ltr'>sumant.</span> <span class='ocrx_word' id='word_1_55' title='bbox 597 846 1005 903; x_wconf 18' lang='lat' dir='ltr'>Superiorivanno</span> <span class='ocrx_word' id='word_1_56' title='bbox 1030 858 1130 892; x_wconf 89' lang='lat' dir='ltr'>tam</span> <span class='ocrx_word' id='word_1_57' title='bbox 1166 847 1301 892; x_wconf 88' lang='lat' dir='ltr'>multi</span> <span class='ocrx_word' id='word_1_58' title='bbox 1337 847 1655 892; x_wconf 88' lang='lat' dir='ltr'>baccalaurei</span> <span class='ocrx_word' id='word_1_59' title='bbox 1689 847 1806 892; x_wconf 76' lang='lat' dir='ltr'>facti</span> <span class='ocrx_word' id='word_1_60' title='bbox 1841 856 1968 904; x_wconf 80' lang='lat' dir='ltr'>sunt,</span> 
     </span>
     <span class='ocr_line' id='line_1_9' title="bbox 359 924 1972 980; baseline 0 -12"><span class='ocrx_word' id='word_1_61' title='bbox 359 935 407 968; x_wconf 87' lang='lat' dir='ltr'>ut</span> <span class='ocrx_word' id='word_1_62' title='bbox 433 924 602 968; x_wconf 85' lang='lat' dir='ltr'>mirari</span> <span class='ocrx_word' id='word_1_63' title='bbox 627 924 747 969; x_wconf 89' lang='lat' dir='ltr'>satis</span> <span class='ocrx_word' id='word_1_64' title='bbox 771 940 1027 980; x_wconf 79' lang='lat' dir='ltr'>nequeam.</span> <span class='ocrx_word' id='word_1_65' title='bbox 1057 924 1242 969; x_wconf 86' lang='lat' dir='ltr'>Omnes</span> <span class='ocrx_word' id='word_1_66' title='bbox 1261 924 1389 969; x_wconf 87' lang='lat' dir='ltr'>docti</span> <span class='ocrx_word' id='word_1_67' title='bbox 1414 924 1752 968; x_wconf 73' lang='lat' dir='ltr'>adolescentes</span> <span class='ocrx_word' id='word_1_68' title='bbox 1777 935 1901 980; x_wconf 81' lang='lat' dir='ltr'>sunt,</span> <span class='ocrx_word' id='word_1_69' title='bbox 1925 934 1972 969; x_wconf 90' lang='lat' dir='ltr'>et</span> 
     </span>
     <span class='ocr_line' id='line_1_10' title="bbox 357 999 1971 1056; baseline 0.001 -12"><span class='ocrx_word' id='word_1_70' title='bbox 357 1001 482 1045; x_wconf 89' lang='lat' dir='ltr'>bene</span> <span class='ocrx_word' id='word_1_71' title='bbox 514 1000 558 1045; x_wconf 90' lang='lat' dir='ltr'>in</span> <span class='ocrx_word' id='word_1_72' title='bbox 596 999 748 1045; x_wconf 88' lang='lat' dir='ltr'>literis</span> <span class='ocrx_word' id='word_1_73' title='bbox 780 1001 1150 1046; x_wconf 79' lang='lat' dir='ltr'>humanioribus</span> <span class='ocrx_word' id='word_1_74' title='bbox 1185 1000 1384 1045; x_wconf 89' lang='lat' dir='ltr'>uersati.</span> <span class='ocrx_word' id='word_1_75' title='bbox 1422 1000 1584 1056; x_wconf 80' lang='lat' dir='ltr'>Atque</span> <span class='ocrx_word' id='word_1_76' title='bbox 1616 1000 1707 1045; x_wconf 91' lang='lat' dir='ltr'>hac</span> <span class='ocrx_word' id='word_1_77' title='bbox 1731 1001 1971 1046; x_wconf 86' lang='lat' dir='ltr'>instaura-</span> 
     </span>
     <span class='ocr_line' id='line_1_11' title="bbox 358 1077 1972 1135; baseline 0.001 -14"><span class='ocrx_word' id='word_1_78' title='bbox 358 1077 487 1121; x_wconf 89' lang='lat' dir='ltr'>tione</span> <span class='ocrx_word' id='word_1_79' title='bbox 510 1077 654 1122; x_wconf 83' lang='lat' dir='ltr'>studii</span> <span class='ocrx_word' id='word_1_80' title='bbox 680 1078 957 1135; x_wconf 75' lang='lat' dir='ltr'>theologici,</span> <span class='ocrx_word' id='word_1_81' title='bbox 986 1078 1114 1134; x_wconf 85' lang='lat' dir='ltr'>quod</span> <span class='ocrx_word' id='word_1_82' title='bbox 1139 1077 1337 1122; x_wconf 85' lang='lat' dir='ltr'>nimium</span> <span class='ocrx_word' id='word_1_83' title='bbox 1362 1078 1630 1133; x_wconf 84' lang='lat' dir='ltr'>collapsum</span> <span class='ocrx_word' id='word_1_84' title='bbox 1660 1087 1784 1133; x_wconf 79' lang='lat' dir='ltr'>erat,</span> <span class='ocrx_word' id='word_1_85' title='bbox 1821 1094 1972 1134; x_wconf 89' lang='lat' dir='ltr'>supra</span> 
     </span>
     <span class='ocr_line' id='line_1_12' title="bbox 358 1155 1460 1200; baseline 0.001 -2"><span class='ocrx_word' id='word_1_86' title='bbox 358 1155 554 1199; x_wconf 85' lang='lat' dir='ltr'>modum</span> <span class='ocrx_word' id='word_1_87' title='bbox 580 1156 877 1200; x_wconf 87' lang='lat' dir='ltr'>roboramur</span> <span class='ocrx_word' id='word_1_88' title='bbox 901 1155 1142 1200; x_wconf 87' lang='lat' dir='ltr'>aduersus</span> <span class='ocrx_word' id='word_1_89' title='bbox 1167 1155 1460 1200; x_wconf 88' lang='lat' dir='ltr'>haereticos.</span> 
     </span>
    </p>

    <p class='ocr_par' dir='ltr' id='par_1_3' title="bbox 358 1229 1974 1597">
     <span class='ocr_line' id='line_1_13' title="bbox 416 1229 1972 1287; baseline 0 -11"><span class='ocrx_word' id='word_1_90' title='bbox 416 1230 456 1275; x_wconf 72' lang='lat'>2.</span> <span class='ocrx_word' id='word_1_91' title='bbox 525 1229 700 1276; x_wconf 82' lang='lat' dir='ltr'>Studia</span> <span class='ocrx_word' id='word_1_92' title='bbox 734 1231 913 1276; x_wconf 88' lang='lat' dir='ltr'>artium</span> <span class='ocrx_word' id='word_1_93' title='bbox 948 1240 994 1275; x_wconf 89' lang='lat' dir='ltr'>et</span> <span class='ocrx_word' id='word_1_94' title='bbox 1028 1231 1308 1287; x_wconf 82' lang='lat' dir='ltr'>linguarum</span> <span class='ocrx_word' id='word_1_95' title='bbox 1348 1231 1541 1276; x_wconf 74' lang='lat' dir='ltr'>tametsi</span> <span class='ocrx_word' id='word_1_96' title='bbox 1578 1231 1814 1276; x_wconf 77' lang='lat' dir='ltr'>hactenus</span> <span class='ocrx_word' id='word_1_97' title='bbox 1849 1233 1972 1276; x_wconf 91' lang='lat' dir='ltr'>bene</span> 
     </span>
     <span class='ocr_line' id='line_1_14' title="bbox 360 1307 1974 1365; baseline 0 -13"><span class='ocrx_word' id='word_1_98' title='bbox 360 1307 644 1365; x_wconf 80' lang='lat' dir='ltr'>floruerant,</span> <span class='ocrx_word' id='word_1_99' title='bbox 672 1307 915 1353; x_wconf 77' lang='lat' dir='ltr'>florebunt</span> <span class='ocrx_word' id='word_1_100' title='bbox 940 1318 1104 1353; x_wconf 87' lang='lat' dir='ltr'>tamen</span> <span class='ocrx_word' id='word_1_101' title='bbox 1124 1308 1370 1364; x_wconf 85' lang='lat' dir='ltr'>deinceps,</span> <span class='ocrx_word' id='word_1_102' title='bbox 1396 1323 1558 1364; x_wconf 83' lang='lat' dir='ltr'>spero,</span> <span class='ocrx_word' id='word_1_103' title='bbox 1586 1308 1761 1364; x_wconf 80' lang='lat' dir='ltr'>magis.</span> <span class='ocrx_word' id='word_1_104' title='bbox 1789 1307 1974 1353; x_wconf 85' lang='lat' dir='ltr'>Omnes</span> 
     </span>
     <span class='ocr_line' id='line_1_15' title="bbox 358 1384 1973 1442; baseline 0.001 -13"><span class='ocrx_word' id='word_1_105' title='bbox 358 1385 484 1429; x_wconf 77' lang='lat' dir='ltr'>enin]</span> <span class='ocrx_word' id='word_1_106' title='bbox 508 1384 819 1441; x_wconf 72' lang='lat' dir='ltr'>professores</span> <span class='ocrx_word' id='word_1_107' title='bbox 843 1385 1181 1442; x_wconf 82' lang='lat' dir='ltr'>diligentiores</span> <span class='ocrx_word' id='word_1_108' title='bbox 1217 1385 1449 1441; x_wconf 88' lang='lat' dir='ltr'>paulatim</span> <span class='ocrx_word' id='word_1_109' title='bbox 1487 1384 1782 1438; x_wconf 81' lang='lat' dir='ltr'>efficiuntur,</span> <span class='ocrx_word' id='word_1_110' title='bbox 1821 1395 1867 1430; x_wconf 89' lang='lat' dir='ltr'>et</span> <span class='ocrx_word' id='word_1_111' title='bbox 1902 1401 1973 1430; x_wconf 34' lang='grc' dir='ltr'>νε*</span> 
     </span>
     <span class='ocr_line' id='line_1_16' title="bbox 358 1462 1972 1519; baseline 0.001 -14"><span class='ocrx_word' id='word_1_112' title='bbox 358 1475 475 1506; x_wconf 75' lang='lat' dir='ltr'>cens</span> <span class='ocrx_word' id='word_1_113' title='bbox 501 1468 517 1488; x_wconf 79' lang='lat'><strong>³</strong></span> <span class='ocrx_word' id='word_1_114' title='bbox 542 1478 720 1518; x_wconf 85' lang='lat' dir='ltr'>regens</span> <span class='ocrx_word' id='word_1_115' title='bbox 755 1462 947 1519; x_wconf 82' lang='lat' dir='ltr'>collegii</span> <span class='ocrx_word' id='word_1_116' title='bbox 978 1463 1195 1508; x_wconf 89' lang='lat' dir='ltr'>montani</span> <span class='ocrx_word' id='word_1_117' title='bbox 1227 1463 1241 1486; x_wconf 75' lang='lat'>&#39;²</span> <span class='ocrx_word' id='word_1_118' title='bbox 1273 1463 1380 1518; x_wconf 86' lang='lat' dir='ltr'>(pro</span> <span class='ocrx_word' id='word_1_119' title='bbox 1405 1463 1605 1518; x_wconf 84' lang='lat' dir='ltr'>antiquo</span> <span class='ocrx_word' id='word_1_120' title='bbox 1630 1467 1802 1507; x_wconf 73' lang='lat' dir='ltr'>antem</span> <span class='ocrx_word' id='word_1_121' title='bbox 1825 1469 1972 1519; x_wconf 73' lang='lat' dir='ltr'>snpe—</span> 
     </span>
     <span class='ocr_line' id='line_1_17' title="bbox 358 1538 1972 1597; baseline 0.001 -15"><span class='ocrx_word' id='word_1_122' title='bbox 358 1538 577 1583; x_wconf 71' lang='lat' dir='ltr'>Vz&#39;OW‘bus</span> <span class='ocrx_word' id='word_1_123' title='bbox 600 1540 909 1595; x_wconf 70' lang='lat' dir='ltr'>septimanis</span> <span class='ocrx_word' id='word_1_124' title='bbox 928 1540 1029 1584; x_wconf 88' lang='lat' dir='ltr'>uita</span> <span class='ocrx_word' id='word_1_125' title='bbox 1049 1539 1280 1584; x_wconf 78' lang='lat' dir='ltr'>defuncto</span> <span class='ocrx_word' id='word_1_126' title='bbox 1300 1551 1346 1584; x_wconf 90' lang='lat' dir='ltr'>et</span> <span class='ocrx_word' id='word_1_127' title='bbox 1366 1541 1488 1584; x_wconf 82' lang='lat' dir='ltr'>bene</span> <span class='ocrx_word' id='word_1_128' title='bbox 1508 1539 1567 1584; x_wconf 87' lang='lat' dir='ltr'>de</span> <span class='ocrx_word' id='word_1_129' title='bbox 1587 1539 1726 1584; x_wconf 87' lang='lat' dir='ltr'>nobis</span> <span class='ocrx_word' id='word_1_130' title='bbox 1743 1539 1918 1584; x_wconf 81' lang='lat' dir='ltr'>merito</span> <span class='ocrx_word' id='word_1_131' title='bbox 1938 1541 1972 1597; x_wconf 74' lang='lat'>3,</span> 
     </span>
    </p>
   </div>
   <div class='ocr_carea' id='block_1_3' title="bbox 359 1617 2011 1674">
    <p class='ocr_par' dir='ltr' id='par_1_4' title="bbox 359 1617 2011 1674">
     <span class='ocr_line' id='line_1_18' title="bbox 359 1617 2011 1674; baseline 0.001 -14"><span class='ocrx_word' id='word_1_132' title='bbox 359 1625 591 1671; x_wconf 87' lang='lat' dir='ltr'>tanquam</span> <span class='ocrx_word' id='word_1_133' title='bbox 626 1633 715 1673; x_wconf 84' lang='lat' dir='ltr'>pro</span> <span class='ocrx_word' id='word_1_134' title='bbox 747 1617 1081 1673; x_wconf 78' lang='lat' dir='ltr'>benefactore,</span> <span class='ocrx_word' id='word_1_135' title='bbox 1117 1632 1257 1673; x_wconf 80' lang='lat' dir='ltr'>rogo,</span> <span class='ocrx_word' id='word_1_136' title='bbox 1290 1617 1447 1661; x_wconf 83' lang='lat' dir='ltr'>Deum</span> <span class='ocrx_word' id='word_1_137' title='bbox 1471 1618 1631 1673; x_wconf 86' lang='lat' dir='ltr'>orate)</span> <span class='ocrx_word' id='word_1_138' title='bbox 1656 1632 1891 1674; x_wconf 86' lang='lat' dir='ltr'>magnam</span> <span class='ocrx_word' id='word_1_139' title='bbox 1916 1618 1984 1662; x_wconf 74' lang='lat' dir='ltr'>de‘</span> <span class='ocrx_word' id='word_1_140' title='bbox 2008 1638 2011 1641; x_wconf 89' lang='lat'>·</span> 
     </span>
    </p>
   </div>
   <div class='ocr_carea' id='block_1_4' title="bbox 358 1694 1979 2441">
    <p class='ocr_par' dir='ltr' id='par_1_5' title="bbox 358 1694 1979 2441">
     <span class='ocr_line' id='line_1_19' title="bbox 358 1694 1975 1751; baseline 0.001 -14"><span class='ocrx_word' id='word_1_141' title='bbox 358 1708 409 1737; x_wconf 86' lang='lat' dir='ltr'>se</span> <span class='ocrx_word' id='word_1_142' title='bbox 435 1708 570 1749; x_wconf 89' lang='lat' dir='ltr'>spem</span> <span class='ocrx_word' id='word_1_143' title='bbox 589 1694 796 1750; x_wconf 83' lang='lat' dir='ltr'>praebet</span> <span class='ocrx_word' id='word_1_144' title='bbox 816 1694 1069 1739; x_wconf 85' lang='lat' dir='ltr'>cuiusdam</span> <span class='ocrx_word' id='word_1_145' title='bbox 1092 1694 1463 1739; x_wconf 84' lang='lat' dir='ltr'>instaurationis</span> <span class='ocrx_word' id='word_1_146' title='bbox 1478 1698 1694 1750; x_wconf 65' lang='lat' dir='ltr'>propter</span> <span class='ocrx_word' id='word_1_147' title='bbox 1716 1695 1975 1751; x_wconf 73' lang='lat' dir='ltr'>insignem</span> 
     </span>
     <span class='ocr_line' id='line_1_20' title="bbox 358 1770 1975 1827; baseline 0.001 -13"><span class='ocrx_word' id='word_1_148' title='bbox 358 1771 712 1816; x_wconf 69' lang='lat' dir='ltr'>erztditz&#39;mzem.</span> <span class='ocrx_word' id='word_1_149' title='bbox 753 1771 897 1827; x_wconf 77' lang='lat' dir='ltr'>Apud</span> <span class='ocrx_word' id='word_1_150' title='bbox 932 1772 1018 1815; x_wconf 92' lang='lat' dir='ltr'>hos</span> <span class='ocrx_word' id='word_1_151' title='bbox 1058 1780 1106 1816; x_wconf 90' lang='lat' dir='ltr'>et</span> <span class='ocrx_word' id='word_1_152' title='bbox 1140 1780 1294 1815; x_wconf 89' lang='lat' dir='ltr'>totam</span> <span class='ocrx_word' id='word_1_153' title='bbox 1335 1771 1515 1816; x_wconf 88' lang='lat' dir='ltr'>artium</span> <span class='ocrx_word' id='word_1_154' title='bbox 1550 1770 1840 1816; x_wconf 72' lang='lat' dir='ltr'>facultatem</span> <span class='ocrx_word' id='word_1_155' title='bbox 1878 1786 1975 1815; x_wconf 90' lang='lat' dir='ltr'>non</span> 
     </span>
     <span class='ocr_line' id='line_1_21' title="bbox 358 1845 1975 1903; baseline 0 -12"><span class='ocrx_word' id='word_1_156' title='bbox 358 1862 532 1902; x_wconf 86' lang='lat' dir='ltr'>parum</span> <span class='ocrx_word' id='word_1_157' title='bbox 558 1845 784 1892; x_wconf 84' lang='lat' dir='ltr'>Societas</span> <span class='ocrx_word' id='word_1_158' title='bbox 808 1857 986 1903; x_wconf 89' lang='lat' dir='ltr'>potest.</span> <span class='ocrx_word' id='word_1_159' title='bbox 1015 1848 1152 1892; x_wconf 78' lang='lat' dir='ltr'>Duos</span> <span class='ocrx_word' id='word_1_160' title='bbox 1177 1848 1303 1892; x_wconf 88' lang='lat' dir='ltr'>enim</span> <span class='ocrx_word' id='word_1_161' title='bbox 1329 1856 1613 1892; x_wconf 87' lang='lat' dir='ltr'>nostrorum</span> <span class='ocrx_word' id='word_1_162' title='bbox 1638 1848 1699 1892; x_wconf 88' lang='lat' dir='ltr'>ad</span> <span class='ocrx_word' id='word_1_163' title='bbox 1723 1847 1975 1893; x_wconf 88' lang='lat' dir='ltr'>consilium</span> 
     </span>
     <span class='ocr_line' id='line_1_22' title="bbox 358 1924 1975 1980; baseline 0.001 -12"><span class='ocrx_word' id='word_1_164' title='bbox 358 1939 498 1968; x_wconf 85' lang='lat' dir='ltr'>suum</span> <span class='ocrx_word' id='word_1_165' title='bbox 524 1924 844 1975; x_wconf 75' lang='lat' dir='ltr'>admiserunt,</span> <span class='ocrx_word' id='word_1_166' title='bbox 874 1924 1040 1980; x_wconf 84' lang='lat' dir='ltr'>eisque</span> <span class='ocrx_word' id='word_1_167' title='bbox 1059 1924 1355 1969; x_wconf 87' lang='lat' dir='ltr'>decanatum</span> <span class='ocrx_word' id='word_1_168' title='bbox 1382 1934 1429 1969; x_wconf 92' lang='lat' dir='ltr'>et</span> <span class='ocrx_word' id='word_1_169' title='bbox 1454 1925 1601 1969; x_wconf 87' lang='lat' dir='ltr'>alium</span> <span class='ocrx_word' id='word_1_170' title='bbox 1626 1924 1975 1980; x_wconf 86' lang='lat' dir='ltr'>magistratum</span> 
     </span>
     <span class='ocr_line' id='line_1_23' title="bbox 358 2001 1977 2059; baseline 0.001 -15"><span class='ocrx_word' id='word_1_171' title='bbox 358 2001 637 2046; x_wconf 85' lang='lat' dir='ltr'>detulerunt</span> <span class='ocrx_word' id='word_1_172' title='bbox 668 2003 698 2057; x_wconf 39' lang='grc' dir='ltr'>’ἧς</span> <span class='ocrx_word' id='word_1_173' title='bbox 732 2001 929 2046; x_wconf 85' lang='lat' dir='ltr'>eosdem</span> <span class='ocrx_word' id='word_1_174' title='bbox 960 2002 1327 2046; x_wconf 84' lang='lat' dir='ltr'>examinatores</span> <span class='ocrx_word' id='word_1_175' title='bbox 1351 2001 1727 2059; x_wconf 85' lang='lat' dir='ltr'>constituerunt;</span> <span class='ocrx_word' id='word_1_176' title='bbox 1755 2003 1977 2059; x_wconf 70' lang='lat' dir='ltr'>quinque</span> 
     </span>
     <span class='ocr_line' id='line_1_24' title="bbox 358 2077 1979 2132; baseline 0.001 -12"><span class='ocrx_word' id='word_1_177' title='bbox 358 2077 729 2132; x_wconf 64' lang='lat' dir='ltr'>discipulorum</span> <span class='ocrx_word' id='word_1_178' title='bbox 764 2078 835 2121; x_wconf 78' lang='lat' dir='ltr'>ad</span> <span class='ocrx_word' id='word_1_179' title='bbox 861 2092 1079 2122; x_wconf 66' lang='lat' dir='ltr'>examen</span> <span class='ocrx_word' id='word_1_180' title='bbox 1107 2082 1154 2121; x_wconf 76' lang='lat' dir='ltr'>et</span> <span class='ocrx_word' id='word_1_181' title='bbox 1175 2078 1629 2123; x_wconf 68' lang='lat' dir='ltr'>anccalam‘ecztmn</span> <span class='ocrx_word' id='word_1_182' title='bbox 1654 2078 1979 2123; x_wconf 70' lang='lat' dir='ltr'>admiserunt</span> 
     </span>
     <span class='ocr_line' id='line_1_25' title="bbox 358 2153 1975 2211; baseline 0.001 -14"><span class='ocrx_word' id='word_1_183' title='bbox 358 2157 404 2197; x_wconf 67' lang='lat' dir='ltr'>et</span> <span class='ocrx_word' id='word_1_184' title='bbox 427 2154 500 2198; x_wconf 72' lang='lat' dir='ltr'>eis</span> <span class='ocrx_word' id='word_1_185' title='bbox 520 2154 894 2209; x_wconf 64' lang='lat' dir='ltr'>promotionem</span> <span class='ocrx_word' id='word_1_186' title='bbox 919 2153 1205 2211; x_wconf 62' lang='lat' dir='ltr'>[Plfac‘tam</span> <span class='ocrx_word' id='word_1_187' title='bbox 1233 2154 1294 2211; x_wconf 68' lang='lat' dir='ltr'>[P]</span> <span class='ocrx_word' id='word_1_188' title='bbox 1319 2156 1656 2199; x_wconf 65' lang='lat' dir='ltr'>contulerunt.</span> <span class='ocrx_word' id='word_1_189' title='bbox 1686 2154 1749 2199; x_wconf 82' lang='lat' dir='ltr'>M.</span> <span class='ocrx_word' id='word_1_190' title='bbox 1783 2154 1975 2199; x_wconf 83' lang='lat' dir='ltr'>Baldui—</span> 
     </span>
     <span class='ocr_line' id='line_1_26' title="bbox 358 2230 1975 2288; baseline 0.001 -13"><span class='ocrx_word' id='word_1_191' title='bbox 358 2247 471 2275; x_wconf 88' lang='lat' dir='ltr'>num</span> <span class='ocrx_word' id='word_1_192' title='bbox 492 2230 510 2258; x_wconf 72' lang='lat' dir='ltr'>b</span> <span class='ocrx_word' id='word_1_193' title='bbox 536 2240 582 2275; x_wconf 90' lang='lat' dir='ltr'>et</span> <span class='ocrx_word' id='word_1_194' title='bbox 605 2230 666 2274; x_wconf 79' lang='lat' dir='ltr'>M.</span> <span class='ocrx_word' id='word_1_195' title='bbox 692 2230 946 2276; x_wconf 75' lang='lat' dir='ltr'>Andrean]</span> <span class='ocrx_word' id='word_1_196' title='bbox 966 2232 980 2253; x_wconf 67' lang='lat'>‘³</span> <span class='ocrx_word' id='word_1_197' title='bbox 1002 2232 1252 2287; x_wconf 74' lang='lat' dir='ltr'>magistris</span> <span class='ocrx_word' id='word_1_198' title='bbox 1278 2232 1416 2276; x_wconf 86' lang='lat' dir='ltr'>huius</span> <span class='ocrx_word' id='word_1_199' title='bbox 1437 2231 1778 2277; x_wconf 87' lang='lat' dir='ltr'>vniuersitatis</span> <span class='ocrx_word' id='word_1_200' title='bbox 1798 2247 1975 2288; x_wconf 85' lang='lat' dir='ltr'>aequa-</span> 
     </span>
     <span class='ocr_line' id='line_1_27' title="bbox 359 2306 1974 2364; baseline 0.001 -13"><span class='ocrx_word' id='word_1_201' title='bbox 359 2315 486 2359; x_wconf 90' lang='lat' dir='ltr'>runt,</span> <span class='ocrx_word' id='word_1_202' title='bbox 515 2318 561 2351; x_wconf 90' lang='lat' dir='ltr'>et</span> <span class='ocrx_word' id='word_1_203' title='bbox 586 2307 649 2351; x_wconf 78' lang='lat' dir='ltr'>M.</span> <span class='ocrx_word' id='word_1_204' title='bbox 676 2306 909 2351; x_wconf 88' lang='lat' dir='ltr'>Ioannem</span> <span class='ocrx_word' id='word_1_205' title='bbox 936 2307 1218 2352; x_wconf 81' lang='lat' dir='ltr'>Berkelium</span> <span class='ocrx_word' id='word_1_206' title='bbox 1252 2317 1299 2352; x_wconf 90' lang='lat' dir='ltr'>et</span> <span class='ocrx_word' id='word_1_207' title='bbox 1331 2307 1394 2351; x_wconf 86' lang='lat' dir='ltr'>M.</span> <span class='ocrx_word' id='word_1_208' title='bbox 1429 2306 1732 2364; x_wconf 81' lang='lat' dir='ltr'>Gregorium</span> <span class='ocrx_word' id='word_1_209' title='bbox 1768 2307 1974 2353; x_wconf 83' lang='lat' dir='ltr'>Fabium</span> 
     </span>
     <span class='ocr_line' id='line_1_28' title="bbox 359 2383 1977 2441; baseline 0.001 -14"><span class='ocrx_word' id='word_1_210' title='bbox 359 2385 531 2428; x_wconf 76' lang='lat' dir='ltr'>laurea</span> <span class='ocrx_word' id='word_1_211' title='bbox 556 2383 836 2439; x_wconf 82' lang='lat' dir='ltr'>magistrati</span> <span class='ocrx_word' id='word_1_212' title='bbox 862 2383 967 2440; x_wconf 71' lang='lat' dir='ltr'>[sic]</span> <span class='ocrx_word' id='word_1_213' title='bbox 995 2394 1253 2429; x_wconf 84' lang='lat' dir='ltr'>ornarunt.</span> <span class='ocrx_word' id='word_1_214' title='bbox 1281 2384 1475 2429; x_wconf 81' lang='lat' dir='ltr'>Verum</span> <span class='ocrx_word' id='word_1_215' title='bbox 1501 2400 1595 2430; x_wconf 90' lang='lat' dir='ltr'>non</span> <span class='ocrx_word' id='word_1_216' title='bbox 1615 2400 1789 2441; x_wconf 88' lang='lat' dir='ltr'>parum</span> <span class='ocrx_word' id='word_1_217' title='bbox 1809 2399 1977 2429; x_wconf 88' lang='lat' dir='ltr'>omnes</span> 
     </span>
    </p>
   </div>
   <div class='ocr_carea' id='block_1_5' title="bbox 405 2532 1325 2570">
    <p class='ocr_par' dir='ltr' id='par_1_6' title="bbox 405 2532 1325 2570">
     <span class='ocr_line' id='line_1_29' title="bbox 405 2532 1325 2570; baseline 0 0"><span class='ocrx_word' id='word_1_218' title='bbox 405 2541 421 2561; x_wconf 74' lang='lat'>³</span> <span class='ocrx_word' id='word_1_219' title='bbox 470 2546 611 2570; x_wconf 89' lang='lat' dir='ltr'>nouus.</span> <span class='ocrx_word' id='word_1_220' title='bbox 672 2533 731 2560; x_wconf 87' lang='lat' dir='ltr'>—b</span> <span class='ocrx_word' id='word_1_221' title='bbox 771 2532 938 2569; x_wconf 85' lang='lat' dir='ltr'>Nostros</span> <span class='ocrx_word' id='word_1_222' title='bbox 958 2532 1013 2568; x_wconf 85' lang='lat' dir='ltr'>M.</span> <span class='ocrx_word' id='word_1_223' title='bbox 1036 2532 1325 2570; x_wconf 83' lang='lat' dir='ltr'>Balduinum...</span> 
     </span>
    </p>
   </div>
   <div class='ocr_carea' id='block_1_6' title="bbox 358 2674 1977 3137">
    <p class='ocr_par' dir='ltr' id='par_1_7' title="bbox 358 2674 1977 2779">
     <span class='ocr_line' id='line_1_30' title="bbox 407 2674 1977 2725; baseline 0 -13"><span class='ocrx_word' id='word_1_224' title='bbox 407 2679 414 2695; x_wconf 85' lang='lat'>¹</span> <span class='ocrx_word' id='word_1_225' title='bbox 468 2675 718 2721; x_wconf 78' lang='lat' dir='ltr'>Theologiae</span> <span class='ocrx_word' id='word_1_226' title='bbox 738 2675 984 2721; x_wconf 74' lang='lat' dir='ltr'>professores</span> <span class='ocrx_word' id='word_1_227' title='bbox 1004 2680 1119 2711; x_wconf 85' lang='lat' dir='ltr'>erant</span> <span class='ocrx_word' id='word_1_228' title='bbox 1134 2674 1312 2725; x_wconf 36' lang='lat' dir='ltr'>*loannes</span> <span class='ocrx_word' id='word_1_229' title='bbox 1333 2675 1482 2712; x_wconf 60' lang='lat' dir='ltr'>(jessen</span> <span class='ocrx_word' id='word_1_230' title='bbox 1502 2676 1775 2720; x_wconf 48' lang='lat' dir='ltr'>Schlottanu&amp;</span> <span class='ocrx_word' id='word_1_231' title='bbox 1795 2681 1833 2712; x_wconf 86' lang='lat' dir='ltr'>et</span> <span class='ocrx_word' id='word_1_232' title='bbox 1849 2675 1977 2722; x_wconf 66' lang='lat' dir='ltr'>Gotti-</span> 
     </span>
     <span class='ocr_line' id='line_1_31' title="bbox 358 2734 1639 2779; baseline -0.001 -8"><span class='ocrx_word' id='word_1_233' title='bbox 358 2735 492 2772; x_wconf 76' lang='lat' dir='ltr'>fredus</span> <span class='ocrx_word' id='word_1_234' title='bbox 513 2736 743 2771; x_wconf 76' lang='lat' dir='ltr'>Rhedanus.</span> <span class='ocrx_word' id='word_1_235' title='bbox 767 2734 828 2771; x_wconf 75' lang='lat' dir='ltr'>Cf.</span> <span class='ocrx_word' id='word_1_236' title='bbox 851 2735 1038 2779; x_wconf 66' lang='lat' dir='ltr'>HANsEN‚</span> <span class='ocrx_word' id='word_1_237' title='bbox 1063 2735 1322 2771; x_wconf 67' lang='lat' dir='ltr'>Rlzeim‘sclle</span> <span class='ocrx_word' id='word_1_238' title='bbox 1340 2735 1537 2777; x_wconf 68' lang='lat' dir='ltr'>Akten...‚</span> <span class='ocrx_word' id='word_1_239' title='bbox 1558 2735 1639 2771; x_wconf 70' lang='lat'>309.</span> 
     </span>
    </p>

    <p class='ocr_par' dir='ltr' id='par_1_8' title="bbox 405 2794 1042 2831">
     <span class='ocr_line' id='line_1_32' title="bbox 405 2794 1042 2831; baseline -0.002 0"><span class='ocrx_word' id='word_1_240' title='bbox 405 2796 416 2814; x_wconf 77' lang='lat'><em>²</em></span> <span class='ocrx_word' id='word_1_241' title='bbox 468 2794 677 2831; x_wconf 83' lang='lat' dir='ltr'>Gerardus</span> <span class='ocrx_word' id='word_1_242' title='bbox 698 2794 922 2830; x_wconf 83' lang='lat' dir='ltr'>Mathisius.</span> <span class='ocrx_word' id='word_1_243' title='bbox 945 2794 1042 2830; x_wconf 84' lang='lat' dir='ltr'>Ibid.</span> 
     </span>
    </p>

    <p class='ocr_par' dir='ltr' id='par_1_9' title="bbox 405 2853 1088 2899">
     <span class='ocr_line' id='line_1_33' title="bbox 405 2853 1088 2899; baseline -0.001 -9"><span class='ocrx_word' id='word_1_244' title='bbox 405 2856 416 2873; x_wconf 79' lang='lat'><strong>⁸</strong></span> <span class='ocrx_word' id='word_1_245' title='bbox 469 2854 644 2890; x_wconf 77' lang='lat' dir='ltr'>Mathias</span> <span class='ocrx_word' id='word_1_246' title='bbox 664 2853 851 2890; x_wconf 80' lang='lat' dir='ltr'>Kremer.</span> <span class='ocrx_word' id='word_1_247' title='bbox 872 2853 986 2899; x_wconf 87' lang='lat' dir='ltr'>Ibid.,</span> <span class='ocrx_word' id='word_1_248' title='bbox 1007 2853 1088 2890; x_wconf 72' lang='lat'>275.</span> 
     </span>
    </p>

    <p class='ocr_par' dir='ltr' id='par_1_10' title="bbox 358 2913 1977 3075">
     <span class='ocr_line' id='line_1_34' title="bbox 404 2913 1977 2959; baseline 0 -10"><span class='ocrx_word' id='word_1_249' title='bbox 404 2915 417 2932; x_wconf 74' lang='lat'>⁴</span> <span class='ocrx_word' id='word_1_250' title='bbox 468 2914 534 2949; x_wconf 81' lang='lat' dir='ltr'>Ad</span> <span class='ocrx_word' id='word_1_251' title='bbox 554 2914 762 2949; x_wconf 83' lang='lat' dir='ltr'>consilium</span> <span class='ocrx_word' id='word_1_252' title='bbox 783 2913 944 2949; x_wconf 85' lang='lat' dir='ltr'>admissi</span> <span class='ocrx_word' id='word_1_253' title='bbox 963 2919 1054 2949; x_wconf 86' lang='lat' dir='ltr'>sunt</span> <span class='ocrx_word' id='word_1_254' title='bbox 1082 2913 1125 2950; x_wconf 81' lang='lat' dir='ltr'>P.</span> <span class='ocrx_word' id='word_1_255' title='bbox 1154 2913 1334 2959; x_wconf 73' lang='lat' dir='ltr'>joannes</span> <span class='ocrx_word' id='word_1_256' title='bbox 1365 2913 1552 2959; x_wconf 71' lang='lat' dir='ltr'>Rethius,</span> <span class='ocrx_word' id='word_1_257' title='bbox 1587 2918 1626 2949; x_wconf 86' lang='lat' dir='ltr'>et</span> <span class='ocrx_word' id='word_1_258' title='bbox 1658 2913 1702 2949; x_wconf 88' lang='lat' dir='ltr'>P.</span> <span class='ocrx_word' id='word_1_259' title='bbox 1736 2913 1977 2949; x_wconf 81' lang='lat' dir='ltr'>Franciscus</span> 
     </span>
     <span class='ocr_line' id='line_1_35' title="bbox 358 2973 1977 3019; baseline 0 -10"><span class='ocrx_word' id='word_1_260' title='bbox 358 2974 564 3009; x_wconf 83' lang='lat' dir='ltr'>Costerus.</span> <span class='ocrx_word' id='word_1_261' title='bbox 586 2973 629 3009; x_wconf 78' lang='lat' dir='ltr'>P.</span> <span class='ocrx_word' id='word_1_262' title='bbox 647 2973 824 3019; x_wconf 75' lang='lat' dir='ltr'>joannes</span> <span class='ocrx_word' id='word_1_263' title='bbox 843 2973 1016 3009; x_wconf 85' lang='lat' dir='ltr'>Rethius</span> <span class='ocrx_word' id='word_1_264' title='bbox 1034 2973 1106 3009; x_wconf 79' lang='lat' dir='ltr'>fuit</span> <span class='ocrx_word' id='word_1_265' title='bbox 1126 2974 1302 3009; x_wconf 85' lang='lat' dir='ltr'>decanus</span> <span class='ocrx_word' id='word_1_266' title='bbox 1320 2973 1522 3009; x_wconf 72' lang='lat' dir='ltr'>facultatis</span> <span class='ocrx_word' id='word_1_267' title='bbox 1538 2973 1685 3009; x_wconf 84' lang='lat' dir='ltr'>artium</span> <span class='ocrx_word' id='word_1_268' title='bbox 1702 2973 1750 3009; x_wconf 83' lang='lat' dir='ltr'>ab</span> <span class='ocrx_word' id='word_1_269' title='bbox 1767 2985 1870 3009; x_wconf 79' lang='lat' dir='ltr'>anno</span> <span class='ocrx_word' id='word_1_270' title='bbox 1888 2973 1977 3009; x_wconf 73' lang='lat'>1557</span> 
     </span>
     <span class='ocr_line' id='line_1_36' title="bbox 358 3032 850 3075; baseline 0.002 -8"><span class='ocrx_word' id='word_1_271' title='bbox 358 3032 406 3067; x_wconf 83' lang='lat' dir='ltr'>ad</span> <span class='ocrx_word' id='word_1_272' title='bbox 429 3032 528 3068; x_wconf 73' lang='lat'>1558.</span> <span class='ocrx_word' id='word_1_273' title='bbox 551 3032 648 3068; x_wconf 91' lang='lat' dir='ltr'>Ibid.</span> <span class='ocrx_word' id='word_1_274' title='bbox 666 3032 748 3075; x_wconf 73' lang='lat'>287,</span> <span class='ocrx_word' id='word_1_275' title='bbox 769 3032 850 3068; x_wconf 71' lang='lat'>788.</span> 
     </span>
    </p>

    <p class='ocr_par' dir='ltr' id='par_1_11' title="bbox 405 3091 1072 3137">
     <span class='ocr_line' id='line_1_37' title="bbox 405 3091 1072 3137; baseline 0.003 -11"><span class='ocrx_word' id='word_1_276' title='bbox 405 3091 416 3109; x_wconf 74' lang='lat'>⁵</span> <span class='ocrx_word' id='word_1_277' title='bbox 473 3091 658 3128; x_wconf 65' lang='lat' dir='ltr'>Andreas</span> <span class='ocrx_word' id='word_1_278' title='bbox 679 3092 902 3137; x_wconf 48' lang='lat' dir='ltr'>Boe-catius,</span> <span class='ocrx_word' id='word_1_279' title='bbox 924 3092 1072 3129; x_wconf 84' lang='lat' dir='ltr'>frisius.</span> 
     </span>
    </p>
   </div>
   <div class='ocr_carea' id='block_1_7' title="bbox 2044 114 2051 225">
    <p class='ocr_par' dir='ltr' id='par_1_12' title="bbox 2044 114 2051 225">
     <span class='ocr_line' id='line_1_38' title="bbox 2044 114 2051 225; textangle 90"><span class='ocrx_word' id='word_1_280' title='bbox 2044 114 2051 225; x_wconf 55' lang='grc' dir='ltr'>--..,Λ-</span> 
     </span>
    </p>
   </div>
  </div>
 </body>
</html>
