2051 3516
437 303 775 341 21.-—FE=‹RAR1A
802 312 984 340 INEUNTE
1011 312 1122 337 Axxo
1151 302 1240 337 1557
1565 301 1605 337 91

88 402 156 448 12.
221 401 304 446 Ad
326 404 528 445 nostros
552 399 809 454 accedere,
837 398 943 443 iam
968 401 1174 453 tempus
1198 396 1373 452 ipsum
1388 397 1662 452 postulare

27 479 248 526 uidetur.
282 475 638 521 Confessiones
662 482 678 502 ³
709 483 820 519 sunt
850 472 1304 530 frequentissimae,
1330 472 1398 517 ita
1434 481 1487 517 ut
1520 472 1661 518 festis

26 549 197 595 diebus
220 547 304 593 uix
322 547 502 601 cibum,
525 547 606 592 uel
628 555 765 591 certe
790 544 1110 600 tardiuscule,
1132 543 1476 588 sacerdotibus
1501 559 1658 589 sume-

28 643 82 673 re
107 627 267 672 liceat.
295 624 665 680 Discipulorum
689 638 924 680 numerus
952 620 1327 679 nonagenarius
1351 630 1442 675 est,
1480 629 1528 666 et
1560 636 1658 665 ma-

28 718 249 761 gnopere
273 702 320 747 in
344 702 520 746 litteris
537 699 815 757 proficiunt,
837 714 929 744 nec
947 714 1044 743 non
1064 698 1110 743 in
1128 698 1364 742 moribus.
1387 686 1659 742 Sunt-enim

26 796 88 826 ex
111 779 183 824 his
207 778 372 835 aliqui,
401 777 479 834 qui
503 793 600 822 non
626 775 671 821 in
697 791 916 822 mensem
943 776 1015 832 (ut
1038 791 1146 821 mos
1170 776 1265 829 est)
1295 773 1659 820 confessionem

26 856 278 912 differunt,
305 856 392 900 sed
417 854 565 900 etiam
592 854 797 911 singulis
820 853 1211 898 hebdomadibus
1235 851 1581 897 confiteantur.

87 932 155 978 13.
222 932 392 988 Nuper
416 942 518 976 tres
542 930 728 975 fratres
759 930 821 975 ad
856 939 1081 975 nostram
1112 929 1427 974 admissimus
1461 927 1657 985 religio·
1725 922 1730 929 ’

27 1025 152 1064 nem,
194 1024 377 1066 eosque
412 1008 713 1065 perspicaci
752 1007 933 1064 ingenii
965 1007 983 1033 b
1014 1007 1124 1052 acie
1162 1010 1457 1063 exornatos,
1496 1007 1661 1052 mode-

26 1087 120 1132 stia
145 1086 397 1143 insignes,
426 1084 681 1142 diligentia
706 1084 941 1139 eximios,
969 1083 1244 1128 humilitate
1280 1083 1508 1128 illustres
1539 1089 1575 1138 ⁰,
1613 1083 1659 1128 in

27 1163 266 1208 obeundis
286 1161 466 1207 officiis
483 1161 732 1206 consuetis
751 1161 965 1206 caeteris
984 1160 1399 1217 praestantiores;
1419 1169 1472 1206 ut
1488 1176 1662 1205 omnes

26 1240 342 1296 admiremur,
386 1253 446 1284 cic
485 1253 570 1284 eos
608 1239 814 1284 attoniti
843 1239 1178 1294 suspicimus:
1216 1253 1340 1283 unus
1375 1253 1549 1283 eorum
1583 1253 1658 1283 sa-

26 1318 123 1363 cris
146 1316 400 1362 ordinibus
425 1316 684 1372 insignitus
703 1324 777 1360 est
802 1317 832 1360 ¹.
856 1315 995 1360 Multi
1016 1316 1165 1360 etiam
1187 1324 1471 1371 expectant,
1494 1330 1554 1360 ac
1572 1331 1661 1360 nos

28 1394 242 1451 quotidie
267 1394 530 1447 solicitant,
560 1403 612 1439 ut
636 1393 978 1447 admittantur,
1007 1408 1215 1449 quorum
1240 1393 1497 1438 desideriis
1517 1408 1661 1449 opor—

26 1482 142 1518 tune
166 1470 390 1517 satisfiet.

89 1550 156 1594 14.
223 1549 328 1594 Nec
347 1549 464 1594 illud
482 1549 959 1604 praetermitendum
984 1564 1094 1594 esse
1118 1548 1251 1599 duxi,
1280 1548 1410 1605 quod
1434 1548 1528 1593 hoc
1552 1564 1661 1604 pro—

28 1627 157 1672 xime
184 1627 353 1683 elapso
379 1626 454 1672 die
478 1626 821 1683 Innocentum,
854 1626 1072 1671 maximo
1107 1626 1356 1671 hominum
1394 1642 1658 1681 concursii,

28 1704 281 1761 orationes
306 1704 433 1749 duae
459 1704 659 1749 habitae
685 1713 813 1759 sunt,
852 1704 1014 1749 altera
1048 1704 1243 1760 quidem
1279 1703 1339 1748 de
1373 1703 1527 1748 natali
1562 1703 1661 1748 Do-

29 1781 158 1837 mini,
186 1782 346 1826 altera
381 1790 548 1826 autem
574 1781 633 1826 de
657 1780 1021 1826 Innocentibus
1045 1781 1236 1826 Deinde
1261 1781 1472 1826 duorum
1496 1790 1659 1837 pasto—

29 1875 136 1904 rum
161 1859 344 1904 natalis
368 1859 461 1904 diei
487 1859 678 1916 insigne
708 1859 945 1916 gaudium
981 1874 1040 1904 ac
1071 1859 1363 1904 beneficium
1403 1859 1660 1904 declaran-

29 1935 147 1981 tium
171 1936 391 1981 exhibita
415 1946 489 1981 est
513 1937 725 1982 iocunda
749 1935 767 1962 ‘³
800 1938 995 1993 ecloga,
1023 1946 1163 1982 tanta
1188 1936 1469 1982 auditorum
1506 1945 1661 1981 atten-

33 2012 159 2058 tione
193 2028 253 2058 ac
287 2014 494 2072 silentio,
518 2023 570 2060 ut
593 2030 763 2060 omnes
788 2014 1169 2059 admiraremur.
1193 2014 1533 2060 Interfuerunt
1568 2014 1660 2070 pri-

31 2090 93 2135 mi
118 2090 321 2136 huiusce
345 2091 481 2136 urbis
505 2101 553 2137 et
587 2092 856 2137 doctissimi
882 2092 1059 2149 quique
1084 2107 1144 2137 ac
1168 2092 1449 2148 politiorum
1475 2091 1661 2136 littera-

31 2181 138 2212 rum
163 2167 475 2224 professores
498 2169 677 2225 publici
702 2179 1080 2214 concurrerunt.

118 2243 274 2289 Multa
299 2260 427 2290 nunc
452 2246 856 2301 praetermittere
881 2261 1056 2302 cogor,
1084 2262 1144 2291 ne
1169 2246 1226 2291 T.
1255 2246 1315 2291 R.
1349 2246 1401 2291 P.
1441 2246 1663 2303 prolixus

31 2320 218 2367 uidear.
246 2322 571 2379 Quapropter
595 2322 738 2368 finem
763 2324 954 2369 dicendi
978 2324 1179 2381 faciam,
1206 2324 1246 2369 si
1271 2340 1299 2369 a
1324 2333 1372 2369 te
1396 2340 1545 2369 unum
1577 2323 1661 2368 im·-

29 2407 250 2457 peti-aro,
277 2410 328 2445 ut
362 2401 491 2446 hunc
524 2400 882 2447 ferrariensem
918 2418 1097 2459 agrum
1133 2402 1179 2446 in
1215 2402 1310 2447 tuis
1349 2402 1661 2447 orationibus

34 2476 426 2522 commendatum
452 2478 656 2534 habeaS,
684 2487 735 2523 ut
769 2479 917 2524 animi
948 2479 1197 2524 hominum
1232 2479 1563 2535 emolliantur,
1602 2493 1663 2523 ne

81 2691 98 2711 ³
118 2684 391 2722 confessiones
406 2698 505 2722 uero
520 2686 558 2722 in
575 2687 739 2733 templo.
795 2686 813 2714 b
845 2686 1023 2733 ingenio.
1063 2694 1129 2715 —c
1145 2692 1402 2734 praestantes
1419 2692 1472 2722 et.
1511 2685 1577 2712 —d
1603 2686 1664 2722 iu-

36 2744 175 2781 cunda.

82 2942 93 2961 ¹
145 2941 319 2979 Videtur
336 2944 521 2980 alludere
540 2944 590 2981 ad
608 2944 653 2981 P.
676 2943 948 2992 Organtinum
968 2951 1007 2981 et
1022 2945 1120 2981 duos
1139 2945 1226 2993 ejus
1241 2944 1400 2982 fratres.
1419 2944 1482 2982 Cf.
1500 2945 1664 2981 Poma-

37 3010 130 3047 CUM,
150 3002 226 3039 loc.
246 3002 326 3045 cit..
347 3002 427 3040 201.
447 3003 602 3040 Eorum
620 3004 783 3041 nomina
798 3011 915 3041 erant
925 3004 1105 3052 joannes
1119 3003 1325 3040 Antonius
1340 3009 1380 3041 et
1393 3004 1573 3052 joannes
1588 3005 1663 3042 Ba-

36 3060 168 3105 ptista.
188 3061 249 3098 Ita
267 3063 526 3100 nominantur
544 3063 585 3099 in
603 3065 777 3110 quadam
795 3063 1079 3101 informatione
1099 3065 1272 3100 Romam
1292 3064 1413 3101 missa
1431 3078 1537 3101 anno
1558 3065 1660 3103 1557.

36 3117 82 3154 In
98 3119 232 3157 codice
253 3121 485 3167 Iizsormczt.
508 3125 732 3170 antiquae,
753 3136 791 3161 n.
811 3123 869 3165 38,
892 3124 1002 3171 prius
1020 3124 1101 3160 444.
