2051 3516
574 293 894 338 lot—Corona,
921 292 944 328 2
970 291 1176 329 Oc'ronffls
1207 292 1294 328 1:337
1627 292 1697 328 393

119 391 191 435 bri
227 390 362 435 Deus
386 405 474 446 per
497 405 614 433 suos
639 390 759 434 uiles
785 388 1034 434 ministros
1070 387 1113 431 in
1148 387 1242 432 hoc
1277 388 1440 432 uineto
1474 387 1739 433 coloniensi

117 466 316 524 operari
351 467 584 522 dignatus
618 476 708 521 cst,
746 465 964 511 breuiter
998 464 1059 509 ad
1093 473 1142 510 te
1175 464 1567 520 perscribamus3
1606 473 1740 521 opta-

120 559 222 588 rem
245 543 410 600 utique
435 543 675 588 maiorem
709 552 931 588 nostram
956 541 1106 586 fuisse
1132 541 1452 597 diligentiam,
1481 550 1528 586 et
1557 539 1741 597 gratio-

120 636 199 665 res
232 636 292 666 ac
326 620 632 677 copiosiores
665 620 858 666 fructus
891 619 945 664 P.
972 619 1031 663 T.
1060 618 1376 663 offerremus.
1405 618 1648 663 Dabimus
1672 627 1740 663 ta-

119 713 228 742 men
268 708 505 753 quantum
546 713 826 753 possumus,
869 696 1066 753 quando
1107 706 1341 753 quantum
1385 696 1610 740 uolumus
1648 711 1742 740 non

117 775 246 820 licet.

205 851 423 896 Aduenit
453 851 650 897 tandem
676 851 832 908 pridie
855 851 962 895 idus
985 849 1293 906 Septembris
1328 850 1407 895 diu
1443 851 1743 905 multumque

117 938 410 985 expectatus
435 928 591 973 Dnus.
619 928 914 974 Leonardus
940 930 951 952 ¹
978 943 1087 973 cum
1111 928 1172 973 R.
1203 927 1253 973 P.
1282 927 1518 972 Evrardo
1550 927 1742 972 Mareu-

116 1005 272 1061 riano,
299 1005 378 1062 qui
408 1006 575 1061 paucis
610 1006 780 1051 diebus
814 1006 943 1063 apud
978 1021 1066 1050 nos
1100 1017 1455 1061 commoratus,
1484 1013 1623 1049 recta
1649 1004 1742 1047 Lo-

117 1082 313 1128 uanium
339 1082 594 1139 profectus
618 1093 708 1128 est.
736 1083 850 1128 Fuit
873 1083 1068 1139 quidem
1093 1082 1249 1128 Dnus.
1276 1081 1572 1128 Leonardus
1596 1081 1741 1126 adue-

115 1160 252 1206 niens
287 1176 382 1205 non
416 1160 538 1205 satis
562 1160 699 1206 firma
726 1160 1022 1217 ualetudine,
1051 1160 1137 1205 sed
1167 1175 1427 1217 speramus
1450 1159 1497 1204 in
1522 1159 1622 1203 dies
1647 1174 1742 1202 me-

117 1238 255 1282 liora.
285 1237 396 1282 Non
431 1237 558 1282 enim
593 1237 862 1295 denegabit
891 1238 955 1283 illi
989 1235 1141 1283 robur
1175 1248 1222 1282 et
1256 1237 1389 1282 uires
1424 1236 1578 1289 Deus,
1606 1236 1743 1281 cuius

114 1330 267 1371 opera
291 1324 551 1371 tantopere
576 1315 737 1361 adhuc
760 1331 883 1372 opus
906 1316 1055 1361 habet
1085 1315 1366 1373 Agrippina
1392 1314 1616 1360 Colonia.
1645 1313 1743 1358 Ha-

115 1392 256 1437 beret
305 1392 453 1437 etiam
498 1408 621 1449 opus
659 1393 724 1438 M.
772 1392 1086 1438 Theodorico
1140 1391 1628 1445 Amsterodamensi,
1676 1391 1741 1435 M.

117 1470 432 1515 Theodorico
472 1469 692 1527 Canisio,
729 1473 793 1516 M.
832 1471 1074 1516 Balduino
1114 1480 1162 1516 et
1200 1470 1415 1516 caeteris
1449 1471 1480 1515 2.
1518 1468 1617 1514 Sed
1657 1469 1746 1513 hos

115 1547 304 1592 frustra
328 1547 566 1593 hactenus
597 1548 988 1604 expectauimus.
1019 1547 1282 1594 Credimus
1305 1557 1470 1593 tamen
1495 1563 1580 1592 eos
1605 1547 1651 1591 in
1676 1547 1744 1592 iti-

114 1639 233 1669 nere
267 1624 363 1669 iam
399 1638 524 1681 esse3
562 1625 688 1681 quod
725 1625 771 1670 ni
806 1625 882 1681 sit,
920 1625 1100 1671 obnixe
1133 1640 1374 1682 rogamus
1407 1624 1467 1669 R.
1508 1624 1559 1669 P.
1597 1624 1654 1669 T.
1695 1634 1745 1668 ut

114 1716 242 1746 nunc
266 1702 548 1758 expectanti
575 1701 815 1747 Coloniae
847 1701 1073 1748 misereri
1098 1702 1231 1759 uelit,
1260 1711 1308 1747 et
1332 1717 1478 1759 quam
1513 1701 1745 1746 citissime

116 1778 329 1824 mittere.
1245 1770 1251 1776 ²

175 1854 218 1901 2.
285 1855 528 1912 Quamuis
562 1856 706 1912 pauci
741 1856 821 1913 qui
856 1856 1069 1902 doceant
1092 1872 1278 1913 sumus,
1306 1872 1556 1913 nunquam
1581 1865 1743 1901 tamen

116 1933 354 1978 hactenus
390 1942 594 1989 coeptas
628 1933 864 1979 lectiones
889 1934 1158 1979 omisimus.
1187 1934 1252 1979 M.
1282 1933 1528 1979 Henricus
1561 1933 1744 1989 Diony-

115 2010 230 2063 sius,
269 2010 334 2055 M.
373 2009 676 2056 Franciscus
711 2010 953 2057 Costerus
988 2022 1035 2056 et
1070 2027 1184 2069 ego,
1222 2011 1461 2057 absolutis
1496 2010 1582 2068 eis,
1619 2026 1746 2068 quae

115 2088 275 2143 prima
298 2087 546 2143 promotio
582 2088 866 2145 theologica
895 2089 1199 2145 requirebat,
1228 2088 1464 2145 proximis
1489 2088 1660 2134 diebus
1684 2088 1746 2133 ad

115 2165 327 2210 alteram
371 2173 419 2210 et
459 2165 521 2210 ad
568 2165 865 2222 Magistrum
911 2166 1283 2212 Sententiarum
1322 2167 1523 2212 admissi
1561 2182 1743 2212 sumus.

116 2242 270 2288 Dnus.
310 2242 554 2288 Costerus
594 2243 691 2288 iam
727 2253 893 2289 actum
931 2246 1204 2289 secundum
1240 2245 1529 2300 celebrauit,
1567 2254 1615 2289 et
1648 2260 1745 2289 una

115 2335 225 2364 cum
253 2320 460 2376 epistola
493 2320 652 2377 prima
687 2320 749 2366 D.
787 2320 1001 2379 Ioannis,
1038 2322 1338 2378 Magistrum
1373 2320 1745 2367 Sententiarum

115 2397 307 2452 publice
342 2397 478 2454 legit.
518 2397 583 2442 M.
620 2397 868 2444 Henricus
904 2407 952 2444 et
986 2415 1082 2456 ego
1113 2400 1267 2454 breui,
1297 2400 1490 2445 uolente
1516 2399 1744 2455 Domino,

116 2483 284 2519 actum
309 2474 535 2518 eumdem
559 2475 863 2521 celebraturi
888 2492 1071 2521 sumus.

172 2550 215 2596 3.
282 2551 461 2596 Visum
485 2553 656 2598 amicis
681 2554 864 2599 nostris
887 2553 994 2603 fuit,
1026 2563 1076 2600 vt
1100 2555 1375 2600 huiusmodi
1412 2554 1746 2611 promotiones

115 2629 496 2686 suscipere1nUS‚
524 2639 572 2674 et
598 2631 792 2686 quidem
817 2647 913 2676 non
937 2641 1142 2690 temere;
1174 2633 1351 2677 vberes
1383 2631 1563 2676 etenim
1587 2647 1651 2677 ex
1674 2633 1746 2678 his

116 2706 507 2762 promotionibus
542 2708 768 2753 metimus
805 2709 1018 2765 quotidie
1050 2709 1256 2755 fructus.
1294 2709 1409 2754 Sine
1443 2710 1516 2754 his
1549 2710 1742 2766 quidem

116 2783 307 2840 publice
332 2784 635 2841 theologiam
661 2786 881 2842 profiteri
917 2787 1113 2832 minime
1148 2802 1439 2832 concessum
1465 2787 1571 2833 fuit:
1601 2787 1741 2845 profi-

164 2927 173 2945 ¹
225 2926 270 2962 P.
292 2926 533 2964 Leonardus
552 2927 715 2971 Kessel,
736 2929 899 2975 collegii
919 2934 1064 2966 rector.

162 2985 174 3004 ‘²
225 2985 450 3022 Balduinus
470 2987 519 3023 ab
538 2986 706 3034 Angelo
727 2990 838 3025 venit
858 2988 1070 3025 Coloniam
1091 2988 1212 3034 paulo
1232 2994 1319 3034 post
1340 3002 1430 3026 cum
1458 2991 1628 3028 Andrea
1649 2991 1746 3028 Boc—

115 3045 232 3087 catio,
254 3044 377 3090 frisio,
399 3051 442 3082 ut
461 3046 607 3083 dicitur
626 3047 794 3084 inlerius
814 3049 854 3084 in
875 3049 990 3095 epist.
1009 3049 1087 3084 diei
1109 3048 1152 3084 19
1170 3048 1427 3087 Novembris.
1448 3050 1565 3095 Quod
1585 3052 1633 3088 ad
1649 3052 1746 3088 duos

115 3103 387 3141 Theodoricos
406 3106 564 3149 attinet,
588 3107 679 3144 vide
699 3120 834 3155 supra,
858 3121 950 3154 pag.
973 3108 1055 3152 297,
1077 3113 1212 3145 annot.
1232 3108 1266 3145 3.
