2051 3516
415 332 462 368 90
883 334 1100 371 LITTERAE
1128 336 1482 379 QUADRIMESTREs

367 429 599 485 quoniam
631 429 828 485 singula
863 444 1162 485 percurrere
1186 424 1392 487 nequeo,
1420 430 1515 474 iam
1555 445 1643 475 nos
1677 431 1991 477 sanctissima

367 504 731 550 existimatione
763 520 823 550 ac
853 505 1070 550 maxima
1094 505 1519 551 commendatione
1543 506 1724 551 florere
1748 506 1894 562 scias;
1922 506 1991 553 ita

366 591 420 627 ut
443 597 553 627 cum
573 591 852 639 aegrotent,
877 583 1036 627 nullos
1059 582 1080 602 a
1099 593 1364 627 accersant
1384 598 1530 638 quam
1548 592 1762 640 nostros;
1785 598 1897 628 cum
1915 599 1990 629 sa-

366 673 504 704 crum
529 657 702 703 audire
727 658 1024 715 desiderant,
1050 660 1340 704 sacerdotes
1357 658 1476 716 Jesu
1496 659 1755 716 aduocent;
1784 675 1894 704 cum
1913 660 1990 705 de-

365 735 509 792 nique
528 735 821 792 moriuntur,
843 751 931 780 nos
950 735 1146 791 adeant,
1166 745 1315 792 utque
1335 735 1570 793 adsimus,
1592 736 1770 782 obnixe
1789 746 1988 794 rogant,

366 827 425 857 ac
449 827 558 857 sese
576 812 822 868 supplices
846 812 909 857 ad
933 822 1129 857 nostros
1154 814 1302 868 pedes
1322 812 1573 858 abiiciunt.

427 888 493 934 10.
562 888 654 933 Hic
688 904 784 933 non
818 890 881 934 ab
916 904 969 934 re
1003 888 1110 934 fore
1145 890 1330 945 putaui,
1358 889 1545 935 afferre
1570 889 1684 945 quid
1715 889 1788 934 his
1821 889 1991 935 diebus

364 975 561 1021 gestum
595 965 672 1010 sit.
710 965 924 1022 Quidam
960 982 1020 1010 ex
1054 966 1270 1011 ciuitatis
1304 966 1567 1022 primariis,
1603 975 1651 1011 et
1686 967 1765 1023 qui
1799 967 1926 1011 alter
1960 981 1990 1011 a

364 1041 487 1087 duce
511 1057 634 1097 pene
658 1052 783 1098 erat,
811 1057 959 1098 saepe
984 1043 1115 1099 apud
1140 1043 1296 1098 ipsum
1320 1043 1495 1088 ducem
1528 1057 1617 1087 nos
1643 1043 1771 1087 clam
1796 1042 1989 1087 morde-

363 1119 464 1175 bat,
491 1128 539 1163 et
563 1118 609 1162 in
632 1133 721 1162 nos
746 1119 980 1173 latrabat,
1008 1128 1055 1163 et
1080 1120 1345 1164 uerborum
1371 1119 1557 1164 aculeis
1582 1134 1805 1175 pungere
1841 1135 1987 1164 cona-

363 1196 527 1241 batur.
555 1194 780 1251 Denique
804 1195 885 1240 ubi
910 1195 1111 1240 minima
1144 1211 1267 1240 ansa
1302 1196 1531 1252 dabatur,
1558 1195 1604 1239 in
1629 1210 1719 1239 nos
1749 1195 1986 1251 grauissi-

362 1287 438 1317 me
462 1282 510 1317 et
534 1271 882 1316 accerbissime
916 1272 1257 1317 inuehebatur.
1286 1272 1481 1317 Accidit
1507 1281 1558 1316 ut
1581 1271 1628 1316 in
1655 1273 1883 1316 morbum
1917 1271 1980 1316 in—

362 1348 563 1405 cideret,
602 1348 681 1404 qui
716 1358 926 1393 mortem
962 1364 1155 1404 quoque
1190 1349 1232 1393 ei
1266 1349 1444 1393 attulit.
1473 1348 1613 1393 Tunc
1646 1364 1734 1393 nos
1769 1348 2006 1404 benigne·

362 1425 644 1481 aduocauit,
672 1440 731 1469 ac
763 1434 812 1468 ut
836 1440 946 1469 eum
971 1424 1220 1469 consolari
1261 1426 1517 1481 uellemus‚
1545 1423 1791 1469 humiliter
1824 1424 1978 1481 petiit.

362 1500 525 1545 Media
560 1509 703 1545 nocte
738 1501 891 1545 nostri
925 1510 1138 1557 surgunt
1162 1516 1221 1546 ac
1245 1501 1326 1545 citi
1353 1501 1414 1545 ad
1439 1501 1543 1545 cius
1573 1501 1768 1546 domum
1793 1516 1845 1545 se
1871 1517 1979 1546 con-

360 1576 542 1633 ferunt,
571 1577 704 1621 nullo
735 1585 835 1621 tum
870 1564 1112 1622 monacho
1146 1588 1427 1634 praesente,
1454 1578 1585 1622 nullo
1620 1587 1795 1622 extero
1820 1592 1984 1625 sacer-

361 1653 472 1697 dote
507 1664 796 1710 apparente,
830 1670 890 1699 ac
925 1654 1091 1698 tandiu
1126 1654 1169 1698 ei
1204 1641 1488 1710 adfuerunt,
1515 1654 1765 1711 quamdiu
1789 1653 1808 1680 b
1833 1654 1985 1699 uitam

360 1744 470 1773 curn
497 1738 655 1774 morte
680 1730 907 1775 mutauit
925 1737 955 1774 ⁰.

422 1806 489 1850 11.
557 1806 762 1850 Multum
788 1822 909 1851 uero
931 1807 1208 1851 detrimenti
1235 1806 1304 1850 rei
1328 1806 1571 1862 spirituali
1596 1806 1758 1851 attulit
1778 1816 1977 1864 quarta-

360 1892 422 1921 na
441 1880 548 1933 tna,
570 1891 597 1921 0
623 1877 772 1921 Pater
796 1877 1060 1922 Pelletarie
1085 1879 1102 1903 ‘¹
1130 1880 1156 1921 ¹.
1184 1877 1446 1922 Permultis
1471 1877 1616 1931 enim,
1639 1877 1793 1934 iisque
1813 1878 1984 1922 ciuita-

359 1953 418 1997 tis
444 1954 757 2009 primoribus,
792 1970 997 2010 operam
1029 1959 1172 1999 tuam
1208 1954 1573 2011 exoptantibus,
1607 1955 1804 1999 inuitus
1836 1968 1980 2011 sane,

359 2029 652 2074 satisfacere
686 2031 947 2086 nequiuisti
980 2038 1018 2075 Β.
1048 2031 1283 2075 Attamen
1315 2031 1541 2075 ducissae
1566 2031 1748 2087 liberis,
1776 2031 1980 2087 ancillis,

359 2106 738 2162 domesticisque
773 2107 881 2162 (etsi
917 2123 1011 2152 non
1047 2108 1244 2152 omniuo
1279 2124 1308 2152 a
1341 2107 1468 2152 febri
1502 2107 1644 2163 liber)
1669 2123 1981 2163 nequaquam

358 2182 554 2228 defuisti
584 2182 620 2240 f;
657 2184 850 2227 illarum
885 2184 1061 2228 etenim
1096 2184 1434 2228 confessiones
1468 2183 1697 2228 audiuisti
1729 2191 1763 2240 g,
1806 2192 1853 2228 et
1892 2183 1982 2228 illis

359 2259 543 2305 Christi
566 2275 747 2316 corpus
771 2261 1160 2316 sanguinemque
1185 2261 1513 2305 administrati
1538 2260 1574 2304 ¹¹.
1603 2260 1731 2316 Quin
1763 2260 1910 2305 etiam
1934 2270 1982 2305 et

358 2337 460 2393 ipse
479 2337 578 2381 dux
603 2338 617 2361 ²
642 2337 727 2382 tibi
755 2336 763 2363 i
802 2337 893 2381 hoc
928 2338 1079 2381 natali
1105 2353 1194 2381 sua
1218 2347 1425 2393 peccata
1456 2337 1703 2381 humiliter
1728 2337 1977 2394 patefecit3

357 2428 416 2457 ac
441 2413 610 2458 tandiu
635 2413 679 2457 in
704 2414 934 2458 eiusdem
958 2414 1142 2469 palatio
1168 2413 1497 2458 remansistii
1527 2414 1781 2458 audiendis
1800 2414 1979 2459 aulico-

358 2506 465 2535 rum
490 2490 765 2535 sceleribus
792 2490 825 2546 Κ,
852 2499 903 2534 ut
928 2506 1025 2533 nox
1050 2490 1342 2545 intempesta
1367 2499 1511 2544 esset,
1539 2504 1649 2534 cum
1669 2490 1867 2535 domum
1898 2506 1979 2535 ex-

357 2576 583 2622 pectatus
607 2567 805 2612 tandem
830 2566 1012 2611 rediisti
1053 2566 1076 2611 ¹.

404 2708 422 2726 ²²
473 2710 605 2744 nullos
630 2709 741 2744 alios.
796 2708 860 2734 -b
886 2708 1025 2743 donec.
1080 2714 1140 2734 ——C
1166 2712 1443 2743 commutaret.
1498 2708 1562 2734 —d
1589 2708 1721 2744 Patris
1753 2708 1975 2745 Pelletarii.

356 2774 418 2793 -e
441 2768 526 2814 ejus
546 2768 788 2813 optantibus,
811 2767 973 2803 minime
1001 2766 1235 2802 satisfacere
1256 2767 1396 2812 potuit.
1450 2767 1507 2793 —f
1533 2767 1671 2803 defuit.
1726 2776 1789 2802 —g
1810 2767 1976 2803 audiuit.

356 2826 420 2852 —11
454 2827 761 2863 administrauit.
816 2825 869 2852 =i
897 2826 946 2862 ei.
1002 2825 1054 2859 —i
1084 2826 1269 2861 eumdem
1302 2825 1485 2862 detinuit.
1542 2826 1605 2852 —k
1638 2826 1970 2863 confessionibus.

357 2883 410 2909 ——l
438 2885 568 2920 rediit.

404 3009 412 3026 ¹
467 3006 530 3043 Cf.
553 3007 797 3053 Pomm-CUM,
823 3008 990 3051 Onon,
1012 3007 1084 3050 VI,
1109 3007 1272 3043 197-198.

402 3066 413 3084 ²
465 3066 664 3102 Hercules
684 3067 719 3103 Π
738 3068 785 3103 de
806 3067 916 3109 Este,
938 3068 1095 3103 ducissa
1114 3079 1210 3103 vero
1230 3072 1317 3102 erat
1336 3068 1496 3103 Renata
1520 3068 1679 3112 (Renee
1707 3067 1755 3103 de
1782 3066 1972 3112 France);

355 3137 493 3160 eorum
511 3124 618 3160 filiae
638 3126 844 3172 innuptae,
866 3126 1059 3162 Lucretia
1079 3133 1117 3161 et
1140 3125 1354 3162 Eleonora.
