2051 3516
347 310 416 347 326
811 312 1029 347 LITTERAE
1056 311 1408 356 QUADRlMESTRES

360 404 402 451 2.
468 405 557 450 His
580 405 751 451 diebus
774 405 911 451 festis
941 405 1193 450 inuisimus
1223 414 1460 460 aegrotos
1492 403 1537 448 in
1563 403 1752 449 duobus
1781 402 1938 448 huius*

299 481 517 526 ciuitatis
540 482 851 534 nosocomiis,
890 491 937 527 et
960 482 1023 527 ibi
1056 482 1117 526 ad
1152 489 1390 536 aegrotas
1424 479 1657 524 mulieres
1692 480 1750 524 de
1784 495 1924 525 more

301 557 669 613 concionamur,
693 574 789 615 qua
809 574 862 603 re
882 557 932 603 fit
952 568 1002 603 ut
1024 571 1325 614 magnopere
1344 565 1772 613 commoueantur,
1794 557 1922 612 quod

301 633 566 690 lachrymis
590 643 802 679 testatae
828 644 954 679 sunt.
983 635 1322 689 Aegrotorum
1348 632 1427 688 qui
1452 647 1480 676 a
1505 632 1689 677 nostris
1722 632 1922 677 uisitan-

300 719 396 764 tur,
432 709 513 754 alii
547 720 827 765 proponunt
861 710 1156 755 nosocomiis
1192 708 1473 753 ministrare
1508 707 1601 753 Dei
1640 717 1689 753 et
1726 708 1925 764 pietatis

301 801 489 837 amore,
517 786 596 830 alii
622 786 910 842 religionem
937 786 1141 841 intrare,
1163 784 1243 829 alii
1263 783 1690 840 peregrinationes
1709 784 1920 840 suscipe-

301 877 371 916 re,
398 862 477 906 alii
503 877 664 906 mores
689 862 970 918 emendare,
999 862 1077 906 alii
1102 860 1298 917 saepius
1323 858 1544 905 confiteri
1575 869 1623 904 et
1657 860 1922 905 communi-

304 953 437 983 care.
464 937 732 983 Perusinus
757 938 950 994 quidam
976 938 1232 983 habitabat
1256 951 1366 981 cum
1391 935 1594 989 iudaeis,
1622 936 1763 992 iisqui
1782 936 1921 981 fami-

300 1014 559 1059 liarissime
584 1015 831 1067 utebatur,
859 1015 953 1059 iam
979 1014 1057 1058 diu
1082 1014 1388 1059 abstinuerat
1412 1028 1441 1057 a
1464 1012 1792 1065 confessione,
1819 1013 1919 1058 illu-

301 1090 510 1135 debatur
533 1090 730 1146 saepius
754 1106 783 1134 a
808 1091 1047 1135 daemone
1072 1090 1116 1134 in
1141 1088 1338 1145 somnis;
1367 1088 1527 1144 coepit
1546 1097 1833 1145 aegrotare,
1860 1104 1920 1133 ac

304 1165 495 1211 uisitari
519 1182 548 1211 a
572 1166 764 1211 duobus
787 1166 985 1211 medicis
1004 1165 1231 1210 haebreis
1250 1164 1633 1222 praestantibus;
1658 1165 1830 1210 morbo
1848 1174 1918 1210 ta-

302 1258 411 1286 men
437 1242 651 1298 quotidie
675 1242 1073 1298 ingrauescente,
1107 1242 1275 1286 statuit
1310 1241 1371 1286 ad
1405 1241 1740 1286 nosocomium
1773 1242 1920 1298 quod-

302 1319 412 1364 dam
438 1319 680 1375 publicum
706 1320 970 1375 diuertere,
998 1319 1060 1364 ibi
1095 1329 1362 1375 persuasus
1395 1333 1423 1362 a
1455 1318 1637 1363 nostris
1670 1318 1919 1363 constituit

303 1395 430 1440 nolle
454 1411 563 1440 cum
590 1396 775 1440 iudaeis
799 1396 1023 1441 habitare
1057 1405 1140 1440 aut
1175 1394 1367 1440 uersari
1402 1410 1512 1439 cum
1545 1395 1630 1449 eis,
1668 1394 1925 1450 uitamque-

300 1473 563 1517 emendare
588 1481 635 1517 et
659 1472 855 1528 saepius
879 1472 1116 1528 confiteri,
1140 1472 1267 1527 quod
1289 1471 1401 1516 fecit
1421 1481 1608 1526 postea.
1631 1471 1732 1516 Vbi
1751 1480 1916 1516 autem

302 1549 394 1593 hoc
418 1548 688 1604 proposuit,
717 1549 879 1593 statim
906 1548 1059 1593 febris
1083 1547 1319 1603 discessit,
1347 1547 1476 1603 quod
1511 1563 1604 1592 non
1641 1547 1800 1605 pauci,
1836 1548 1915 1604 qui

299 1634 443 1669 erant
467 1625 512 1669 in
536 1624 837 1676 nosocomio,
865 1625 1253 1669 admirabantur.
1290 1624 1367 1668 Ad
1402 1624 1462 1668 D.
1500 1624 1678 1669 Annae
1712 1639 1913 1669 nosoco-

298 1701 426 1745 mion
465 1701 503 1745 is
537 1701 616 1757 qui
653 1711 889 1756 aegrotos
928 1711 1086 1756 curat,
1127 1702 1407 1745 testabatur
1447 1701 1624 1745 multos
1664 1699 1917 1745 confessos

297 1777 447 1822 fuisse
491 1793 550 1822 ac
594 1778 982 1822 communicasse
1022 1777 1443 1822 cohortationibus
1488 1787 1772 1822 nostrorum
1817 1776 1914 1821 fra<

301 1862 449 1898 trum.

355 1929 398 1974 3.
465 1929 559 1985 Qui
585 1945 704 1974 uero
729 1930 775 1974 in
799 1945 1005 1975 carcere
1031 1931 1335 1985 distinentur,
1363 1931 1493 1986 apud
1517 1930 1640 1974 duos
1663 1946 1725 1975 ex
1758 1930 1914 1975 Patri-

298 2006 387 2050 bus
411 2006 590 2050 nostris
616 2005 809 2051 affatim
834 2015 945 2050 sunt
970 2006 1198 2063 confessi,
1227 2007 1352 2051 inter
1377 2022 1498 2061 quos
1532 2006 1678 2062 aliqui
1703 2015 1915 2062 quatuor

298 2090 383 2126 aut
417 2082 628 2138 quinque
662 2098 816 2126 annos
850 2092 1251 2138 contempserant
1287 2081 1662 2127 confessionem.
1701 2081 1914 2138 Quidam

300 2173 418 2202 uero
444 2158 521 2214 qui
547 2167 733 2214 septem
759 2158 898 2202 annis
922 2158 980 2203 de
1000 2159 1098 2203 suis
1119 2159 1334 2214 peccatis
1353 2175 1600 2215 nunquam
1620 2158 1783 2203 fuerat
1801 2174 1913 2204 con-

298 2233 471 2289 fessus,
499 2243 546 2279 et
570 2235 905 2279 execrabatur
931 2236 1094 2290 palam
1118 2234 1296 2291 Deum,
1323 2244 1370 2279 et
1394 2244 1593 2280 sanctos
1612 2250 1780 2280 omnes
1804 2251 1914 2280 con-

298 2310 426 2356 uitiis
450 2320 497 2355 et
522 2311 792 2356 maledictis
816 2310 1009 2355 nefaria
1036 2327 1156 2356 uoce
1182 2312 1534 2365 insectabatur,
1561 2312 1697 2356 aiens
1727 2327 1779 2357 se
1810 2313 1913 2357 nul-

298 2388 343 2431 lo
368 2387 389 2407 a
414 2402 627 2444 unquam
652 2396 875 2443 tempore
900 2388 1025 2432 uelle
1049 2387 1270 2432 confiteri
1296 2404 1386 2432 nec
1411 2388 1570 2433 Deum
1607 2403 1714 2433 esse
1749 2389 1913 2434 crede-

298 2479 367 2517 re,
394 2463 615 2521 aliosque
640 2464 754 2508 item
780 2479 808 2508 a
833 2463 1143 2509 confessione
1162 2465 1449 2510 deterrebat
1474 2481 1532 2510 ac
1557 2466 1915 2511 dehortabatur

297 2555 477 2596 magno
502 2556 608 2585 cum
634 2556 803 2585 eorum
829 2541 1138 2598 detriment03
1160 2543 1362 2591 ,tandem
1382 2542 1522 2587 furiis
1541 2558 1600 2587 ac
1619 2543 1748 2587 malo
1767 2542 1919 2599 genio*

298 2617 423 2661 adeo
449 2618 710 2673 agebatur,
750 2626 799 2662 ut
832 2633 927 2661 non
963 2618 1164 2662 multum
1199 2618 1396 2663 abesset
1431 2620 1539 2675 quin
1575 2629 1785 2665 mortem
1824 2620 1913 2665 sibi

299 2693 399 2748 ipse
423 2693 769 2738 conscisceret.
797 2693 941 2738 Hunc
975 2693 1241 2738 miseratus
1274 2695 1470 2750 quidam
1504 2711 1566 2740 ex
1599 2695 1795 2751 nostris,
1834 2692 1914 2751 qui
1973 2743 1976 2747 ,

298 2777 399 2812 tum
424 2768 470 2813 in
494 2784 698 2814 carcere
723 2778 847 2823 erat,
869 2769 933 2814 illi
953 2770 1320 2825 perhumaniter
1338 2771 1537 2827 assedit,
1560 2772 1913 2817 blandioribus-

298 2860 390 2899 que
414 2846 576 2889 uerbis
600 2860 658 2889 ac
684 2846 877 2891 monitis
900 2861 1010 2890 eum
1036 2846 1264 2903 leniebat,
1298 2857 1345 2891 et
1381 2863 1491 2907 curn
1527 2848 1707 2893 diutius
1736 2847 1923 2905 juuene

298 2920 468 2965 silente
493 2931 622 2965 esset
648 2923 854 2978 locutus,
880 2922 1077 2967 tandem
1103 2924 1353 2978 respondit
1376 2924 1593 2969 emollito
1618 2940 1677 2969 ac
1706 2925 1929 2970 subactou

886 3067 910 3081 κ

343 3087 362 3105 a
417 3088 498 3122 ullo
519 3098 597 3123 ms.
