2051 3516
334 280 403 317 >308
798 279 875 315 L1T
882 288 1017 314 rERAE
1044 277 1399 322 QUADRIMESTRES

289 392 399 421 nem
423 390 588 431 saepe,
614 374 845 430 implorat
870 371 1054 417 Christi
1077 371 1406 427 clementiam,
1435 371 1660 416 declarat
1678 372 1909 416 nonnulla

290 452 438 498 etiam
473 450 571 495 alia
605 464 732 506 quae
766 449 971 494 celarat.
1009 446 1315 504 Gaudemus,
1351 456 1399 492 et
1432 463 1492 492 ne
1525 446 1640 492 ficta
1673 447 1768 492 sint
1807 447 1907 503 illa,

290 543 490 573 oramus
515 526 691 571 Deum.
719 526 861 570 Alias
885 525 1033 570 etiam
1056 525 1232 570 lamias
1251 525 1298 569 in
1316 539 1524 570 carcere
1542 539 1708 569 sumus
1727 524 1907 568 allocu-

288 605 322 650 ti
361 615 407 649 et
446 604 508 648 ad
542 602 892 659 poenitentiam
925 601 1124 658 hortati,
1162 617 1284 658 quas
1317 601 1586 657 lacrymari
1620 600 1828 645 uidimus
1861 610 1909 644 et

289 680 385 725 alia
419 679 562 735 signa
601 678 910 724 contritionis
948 678 1114 735 edere;
1148 678 1438 723 daemonem
1468 677 1673 723 uocibus
1707 692 1908 722 execra-

290 756 326 800 ri
354 764 401 800 et
425 754 677 800 Christum
702 755 950 800 dominum
975 753 1214 799 confiteri.

345 832 388 877 8.
457 830 727 877 Caeterum
752 831 1047 888 vrgentibus
1070 831 1116 876 in
1141 831 1243 876 dies
1267 831 1427 887 magis
1450 846 1510 875 ac
1529 830 1689 886 magis
1707 829 1910 875 aestiuis

288 909 554 964 caloribus,
581 917 693 953 orta
716 907 960 964 canicula,
987 908 1150 964 coepit
1173 907 1441 952 cardinalis
1464 915 1633 952 noster
1660 906 1793 951 ilium
1827 906 1908 951 do-

289 986 393 1030 lore
433 985 607 1031 uexari
641 995 689 1030 et
722 984 944 1030 febribus
979 999 1344 1041 nonnunquam;
1383 999 1591 1040 cumque
1624 998 1747 1041 opus
1780 994 1910 1028 esset

288 1063 333 1107 in
369 1062 622 1108 ciuitatem
656 1062 857 1116 reuerti,
895 1061 1094 1107 Patrem
1130 1060 1379 1118 Gartiam,
1406 1062 1486 1118 qui
1511 1076 1702 1106 mecum
1725 1061 1908 1116 fuerat,

289 1156 400 1185 curn
420 1140 611 1185 duobus
636 1139 900 1185 uisitationi
923 1139 1192 1196 praefectis
1215 1139 1277 1184 ad
1302 1149 1536 1183 montana
1554 1138 1684 1183 misit
1704 1137 1910 1182 vlterius

295 1228 341 1261 vt
365 1217 427 1262 ad
461 1232 599 1262 mare
634 1232 787 1273 usque
822 1217 1138 1273 peruaderet,
1178 1225 1225 1261 et
1264 1215 1490 1261 doctrina
1529 1215 1798 1260 christiana
1832 1230 1908 1258 ru-

289 1292 454 1338 diores
488 1294 752 1338 instrueret
785 1294 1007 1349 populos.
1044 1292 1153 1349 Ipse
1187 1308 1308 1338 uero
1339 1291 1583 1349 dispositis
1617 1292 1766 1336 rebus
1800 1306 1909 1336 cum

289 1369 440 1414 Patre
485 1368 715 1425 Gaspare
759 1369 1043 1425 regreditur
1091 1369 1326 1425 paulatim
1376 1369 1590 1413 domum.
1643 1367 1911 1412 Constituit

290 1455 455 1491 autem
481 1445 640 1491 obiter
664 1445 916 1495 ecclesias.
945 1445 1133 1501 quasin
1157 1445 1330 1490 itinere
1353 1445 1577 1501 haberet,
1605 1443 1783 1500 visere,
1816 1444 1910 1488 cle-

291 1521 420 1567 ricos
445 1521 702 1567 exhortari
727 1531 774 1566 et
797 1521 1104 1575 examinare,
1133 1537 1208 1566 me
1238 1530 1285 1566 et
1319 1536 1428 1566 cum
1466 1521 1653 1566 vicario
1687 1520 1909 1576 generali

291 1616 396 1655 suo,
424 1615 566 1656 quem
588 1599 741 1656 uulgo
766 1598 1076 1655 prouisorem
1102 1607 1299 1655 uocant⁷
1327 1609 1374 1643 et
1399 1599 1611 1654 quodam
1647 1598 1742 1642 alio
1769 1613 1910 1653 prae-

290 1677 439 1732 fecto,
465 1676 563 1720 alia
588 1676 669 1720 uia
691 1675 889 1731 Burgos
914 1675 1057 1731 misit,
1086 1685 1138 1719 vt
1163 1676 1337 1720 eodem
1372 1676 1515 1719 modo
1550 1690 1671 1730 quas
1706 1675 1910 1719 habere-

292 1768 398 1798 mus
442 1752 615 1797 obuias
653 1752 891 1797 ecclesias
929 1753 977 1798 in
1013 1752 1203 1808 itinere,
1246 1752 1534 1796 uiseremus.
1583 1750 1911 1795 Conuocabat

291 1829 471 1885 passim
498 1829 750 1885 generalis
774 1829 850 1873 ille
875 1829 1090 1874 uicarius
1114 1829 1347 1885 episcopi,
1374 1844 1558 1885 magna
1581 1828 1833 1884 grauitate
1864 1837 1912 1873 et

291 1906 541 1961 aequitate
562 1904 653 1961 uir,
676 1920 738 1950 ex
757 1905 961 1961 singulis
981 1905 1289 1950 dioecesibus
1308 1905 1532 1959 clericos3
1553 1904 1913 1949 conueniebant

292 1992 459 2028 autem
484 1982 544 2027 ad
570 1984 873 2038 generalem,
902 1998 1048 2038 quam
1076 1992 1270 2037 uocant,
1300 1981 1628 2027 uisitationem
1649 1981 1912 2037 aliquando

292 2059 515 2115 triginta,
558 2058 822 2115 aliquando
858 2058 1208 2115 quadraginta,
1246 2074 1594 2115 nonnunquam
1632 2057 1690 2102 60
1728 2056 1910 2114 clerici,

293 2136 372 2193 qui
397 2136 628 2185 omnium,
656 2151 752 2191 qua
777 2137 1257 2192 transcurrebamus‚
1285 2151 1530 2192 pagorum
1565 2150 1737 2180 curam
1771 2150 1911 2190 gere-

294 2215 425 2258 bant.
453 2211 599 2268 Quod
623 2221 790 2257 autem
816 2212 924 2256 mihi
951 2228 980 2256 a
1003 2212 1148 2257 Rmo.
1185 2212 1425 2257 cardinali
1458 2211 1728 2269 injunctum
1764 2221 1894 2256 esset

293 2289 502 2334 clericos
527 2289 799 2345 exhortari,
827 2289 1059 2334 sedebam
1084 2289 1174 2334 illis
1195 2289 1644 2346 circumstantibus,
1666 2288 1913 2344 fungebar

295 2382 515 2422 munere,
543 2366 716 2410 deinde
740 2366 1086 2411 examinabam
1112 2367 1335 2411 clericos.
1374 2366 1576 2423 Quanta
1610 2381 1731 2410 uero
1766 2366 1912 2422 impe-

297 2442 407 2487 ritia
433 2442 660 2486 laborent
684 2443 836 2497 multi,
864 2457 987 2498 quos
1011 2442 1093 2487 uix
1118 2444 1301 2499 legere,
1328 2443 1410 2487 uix
1443 2458 1569 2499 quae
1603 2441 1813 2499 legerint
1846 2441 1910 2485 in·

295 2520 519 2575 [elligere
559 2518 1005 2575 deprehendebam‚
1048 2519 1211 2564 dicere
1250 2535 1345 2564 non
1386 2520 1638 2575 morabor3
1681 2518 1912 2563 breuitati

295 2596 420 2640 enim
445 2595 692 2640 studuisse
716 2595 896 2652 fateor,
923 2605 971 2640 et
994 2611 1341 2652 nonnunquam
1366 2597 1515 2641 etiam
1537 2610 1728 2640 summa
1747 2610 1913 2639 rerum

294 2672 457 2727 capita
503 2672 869 2728 perstrinxisse.
916 2671 1038 2717 Illud
1078 2685 1173 2717 no'n
1212 2673 1511 2728 praeteribo:
1550 2672 1689 2717 nobis
1733 2673 1794 2717 ad
1837 2687 1926 2725 sap

295 2757 663 2793 eramentorum
687 2748 922 2805 frequens
946 2749 1157 2794 studium
1183 2765 1497 2805 summopere
1516 2749 1911 2805 adhortantibus,

296 2824 599 2869 cardinalem
624 2834 847 2869 nostrum
871 2825 1158 2870 societatem
1183 2826 1450 2871 instituisse
1485 2842 1630 2882 quam
1661 2826 1720 2870 de
1749 2826 1912 2881 poeni-

295 2900 448 2944 tentia
473 2901 791 2957 nuncupauit3
819 2902 1025 2957 singulis
1047 2902 1093 2946 in
1119 2917 1178 2946 ea
1207 2901 1448 2947 fratribus
1479 2911 1656 2958 quater
1689 2901 1911 2947 confiteri

296 2976 554 3030 quotannis
578 2977 951 3032 praescribitur,
979 2987 1152 3023 taxata
1177 2978 1377 3034 insuper
1400 2979 1585 3024 mulcta
1608 2979 1672 3023 ab
1701 2978 1771 3023 eis
1805 2993 1912 3034 per-

296 3052 548 3109 soluenda,
588 3053 668 3108 qui
702 3054 764 3098 ab
799 3053 961 3099 officio
996 3054 1300 3099 deflexerint.
1334 3054 1507 3099 Mutua
1532 3054 1620 3100 sibi
1655 3063 1913 3111 praestant
