2051 3516
503 261 824 298 197fC0mxm
855 261 901 297 ‘28
928 261 1190 299 SEPTEMBRIS
1221 260 1311 296 155&
1599 258 1670 294 813

81 340 205 402 rium
240 362 312 413 (ut
346 358 498 412 vulgo
524 357 616 402 dici
646 357 791 413 solet)
817 357 1034 401 omnium
1060 370 1305 401 consensu
1331 353 1519 398 electus
1543 362 1635 397 est.
1661 352 1713 397 In

76 435 170 479 hac
196 433 447 478 functione
474 450 567 478 non
589 435 774 490 exigua
799 433 1133 489 amplissimae
1160 431 1331 477 messis
1357 446 1468 486 spes
1495 430 1715 486 reposita

77 521 167 556 est.
190 510 556 566 praeceptores
572 526 742 555 omnes
762 526 821 555 ac
842 511 1028 556 fratres
1050 520 1185 555 recte
1203 509 1372 553 valent
1388 517 1435 553 et
1451 522 1542 552 suo
1560 508 1716 563 probe

75 587 350 643 funguntur
373 586 533 632 offitio
558 587 672 632 dum
698 597 745 632 et
770 588 812 631 in
840 588 1022 644 pietate
1048 597 1095 632 et
1130 586 1176 631 in
1201 586 1354 631 literis
1375 599 1715 643 *progressum

78 680 174 709 non
198 663 545 719 poenitendum
572 664 757 708 faciunt
784 672 817 708 ²¹.
847 664 911 708 M.
940 663 1159 722 Joannes
1179 662 1406 714 Berckel,
1429 661 1612 718 elapsis
1631 660 1716 705 ali-

79 751 196 796 quot
220 740 409 796 diebus,
433 756 605 796 nempe
625 740 681 785 ‘22
700 739 1007 796 Septembris
1026 740 1071 784 in
1093 755 1130 784 s,
1154 739 1407 795 theologia
1429 753 1517 794 pro
1537 738 1716 782 bacca-

78 819 308 862 laureatu
332 832 444 861 cum
471 817 657 862 honore
683 817 950 873 respondit.
980 816 1104 861 Sunt
1128 826 1176 860 et
1201 816 1282 861 alii
1307 816 1387 871 qui
1425 815 1486 860 ad
1513 830 1717 871 respon·

79 895 244 940 siones
268 895 312 939 in
339 895 512 939 eadem
537 895 777 940 facultate
801 910 854 939 se
889 894 1153 949 diligenter
1178 904 1373 949 parant.
1411 893 1462 937 In
1499 892 1717 937 lectioni-

80 974 170 1018 bus
195 972 365 1017 eodem
392 983 616 1028 perstant
639 972 859 1024 feruore,
888 971 984 1016 imo
1008 988 1060 1016 se
1088 972 1287 1015 vincere
1321 970 1535 1015 student.
1566 970 1713 1014 Prae-

81 1060 338 1106 ceptorum
368 1050 604 1094 sedulitas
628 1049 890 1105 diligentes
915 1048 1063 1093 etiam
1092 1048 1251 1092 reddit
1271 1048 1536 1103 discipulos
1562 1047 1580 1073 ¹³
1603 1084 1610 1091 .
1634 1047 1716 1092 Di-

81 1137 162 1172 ctu
187 1126 381 1181 mirum,
409 1127 495 1171 sed
520 1143 615 1171 non
636 1127 795 1170 relatu
816 1126 1119 1170 mirandum
1142 1132 1171 1178 ς,
1196 1134 1381 1180 quanta
1400 1124 1717 1169 animositate

80 1214 128 1249 et
171 1203 435 1248 alacritate
467 1204 720 1248 orationes
755 1203 1037 1246 declamant
1072 1200 1332 1246 Ciceronis
1367 1200 1582 1245 flosculis
1619 1215 1715 1244 non

80 1281 370 1326 inconcinne
396 1280 558 1325 illitas.
588 1280 698 1336 Ego
718 1280 763 1324 in
789 1278 945 1324 sacris
964 1278 1286 1323 concionibus
1312 1292 1603 1334 perseuero;
1632 1277 1717 1322 sed

80 1358 126 1403 in
147 1357 448 1414 amplissima
463 1373 620 1402 messe
641 1356 926 1413 operarium
940 1355 1208 1411 indignum,
1235 1354 1415 1400 vestris
1434 1354 1718 1410 flagrantis-

84 1435 218 1480 simis
245 1435 473 1491 precibus
497 1435 751 1490 adiuuate,
773 1449 869 1490 quo
893 1442 943 1478 et·
971 1448 1024 1477 se
1048 1441 1096 1476 et
1132 1430 1331 1476 Christo
1356 1432 1535 1476 multos
1569 1431 1713 1476 lucri-

81 1511 251 1567 faciat;
279 1513 359 1568 qui
383 1512 445 1557 R.
484 1512 537 1557 P.
575 1512 634 1556 T.
672 1526 784 1556 cum
819 1510 1045 1555 omnibus
1080 1508 1322 1554 fratribus
1357 1508 1437 1553 diu
1473 1508 1616 1554 nobis
1656 1508 1718 1553 ad

83 1590 296 1647 gloriam
322 1589 532 1634 nominis
565 1589 639 1634 sui
672 1597 842 1633 seruet
872 1586 1166 1632 incolumen.
1204 1585 1384 1631 Amen.
1422 1584 1720 1631 Scribebam

84 1666 325 1712 Coloniae
345 1665 402 1711 28
420 1663 748 1722 SeptenibriS‚
770 1679 900 1709 anno
917 1663 990 1709 58.
1014 1662 1348 1708 Consalutant
1364 1661 1424 1707 R.
1449 1662 1503 1707 P.
1526 1662 1584 1707 T.
1607 1677 1722 1707 cum

85 1744 310 1789 omnibus
334 1743 593 1797 fratribus,
615 1743 768 1788 Pater
792 1741 1088 1787 Leonardus
1108 1756 1220 1786 cum
1245 1740 1447 1797 reliquis
1471 1740 1712 1785 omnibus.

173 1839 437 1884 HENRICUS
482 1838 764 1884 Dioanan
807 1839 820 1861 ¹
871 1851 1051 1882 servus
1101 1835 1299 1883 inutilis,
1348 1851 1413 1880 ex
1464 1835 1723 1880 voluntate

86 1916 141 1963 P.
167 1915 437 1961 Leonardi.

174 2011 466 2067 stcrz'ptz'O.
504 2010 612 2056 R.<¹⁰
640 2010 687 2055 in
712 2008 914 2055 Christo
940 2007 1096 2063 Patri,
1130 2006 1183 2052 P.
1226 2007 1417 2066 Jacobo
1449 2006 1721 2063 Laynezio,

85 2088 310 2147 generali
334 2087 604 2134 Societatis
622 2087 717 2133 Ihs.
740 2087 1044 2143 praeposito,

178 2166 297 2211 Alia
320 2180 539 2211 manu...
565 2165 794 2211 Receuta
813 2179 843 2209 a
866 2163 895 2209 5
916 2163 963 2209 di
983 2162 1173 2210 Genn.⁰
1201 2162 1328 2209 1559.
1352 2161 1557 2207 Emend.

133 2340 151 2361 a
195 2333 231 2370 A
250 2344 289 2369 v.
312 2332 610 2378 Praeceptores
629 2330 792 2367 desunt
808 2331 855 2366 in
874 2329 928 2366 H.
980 2329 1048 2356 —b
1091 2329 1217 2375 Quae
1241 2330 1489 2374 sequuntur
1504 2336 1643 2373 usque
1661 2324 1723 2362 ad

88 2405 127 2430 v.
151 2392 352 2430 Coloniae
372 2391 535 2428 desunt
553 2392 599 2427 in
617 2390 672 2427 H.
727 2397 788 2417 -c
833 2389 1108 2426 iniocundum.

137 2552 146 2570 ¹
200 2548 554 2595 Noviomagensis,
575 2547 623 2584 de
643 2560 722 2594 quo
739 2559 864 2594 saepe
883 2547 923 2583 in
943 2546 1091 2583 litteris
1115 2544 1414 2582 coloniensibus
1441 2543 1593 2580 mentio
1619 2541 1727 2579 faeta

91 2615 165 2647 est.
188 2608 252 2647 Cf.
273 2623 338 2657 pp.
359 2607 394 2654 2,
415 2608 450 2653 3,
470 2608 530 2651 45,
549 2606 608 2651 61,
630 2613 707 2644 etc.
