2051 3516
353 300 422 336 858
816 299 1035 336 LITTERAE
1062 300 1415 345 QUADRIMESTRES

306 401 614 447 cessantibus
649 401 808 446 adhuc
843 402 1113 459 tormentis,
1141 402 1343 448 dixisset
1375 417 1427 448 se
1460 418 1490 448 a
1523 403 1704 448 nostris
1742 404 1918 450 instru-

306 487 436 523 ctum
460 493 584 534 esse,
611 493 672 522 ne
696 487 871 524 contra
896 478 1248 524 conscientiam
1273 479 1533 536 quicquam
1565 478 1824 525 fateretur.
1851 480 1920 525 At

306 554 460 599 nostri
494 553 703 612 judicem
737 555 1047 611 accedentes,
1074 555 1219 601 facile
1253 555 1316 601 ab
1350 571 1408 601 eo
1442 556 1500 601 de
1534 571 1672 601 more
1695 556 1757 601 ad
1781 556 1919 601 mise-
1962 592 1967 596 .

305 646 388 676 ros
426 631 545 676 istos
584 631 891 688 ingrediendi
931 631 1247 678 obtinuerunt
1284 631 1589 678 facultatem.
1632 631 1758 678 Erat
1796 632 1919 678 inter

305 708 429 754 alios
453 709 648 766 quidam
673 709 752 767 qui
776 718 949 766 sponte
967 724 1057 754 sua
1076 709 1240 754 omnia
1259 710 1477 766 pandens
1497 709 1702 755 crimina
1726 718 1774 755 et
1792 724 1919 754 mor-

306 786 366 830 tis
404 801 457 831 se
497 801 634 831 reum
674 801 782 831 esse
820 785 1167 842 pronuncians,
1204 786 1298 832 hoc
1333 802 1479 833 vnum
1514 786 1830 843 precabatur,
1866 795 1921 832 vt

306 862 414 908 aliis
447 863 705 908 tormentis
738 878 948 919 parcere
981 863 1180 919 vellent;
1213 863 1328 909 nihil
1361 872 1526 909 tamen
1559 863 1660 908 suis
1692 862 1920 920 precibus

307 939 488 995 effecit,
517 948 564 986 et
588 940 701 984 dum
725 940 787 985 ad
811 940 1188 997 perquirendam
1225 956 1285 985 ex
1318 955 1370 985 se
1405 940 1614 985 aliorum
1638 940 1917 996 veritatem,

305 1016 413 1062 dira
450 1016 743 1073 praeparari
783 1016 903 1062 vidit
936 1016 1189 1073 supplicia,
1226 1016 1452 1074 grauiter
1491 1016 1744 1073 suspirans
1782 1031 1921 1062 suum

306 1093 518 1139 Domino
544 1093 924 1139 commendabat
949 1093 1227 1151 negocium,
1250 1094 1460 1150 dumque
1484 1093 1546 1138 ad
1569 1093 1821 1151 sanguinis
1844 1108 1921 1138 vs-

308 1186 400 1228 que
424 1170 794 1227 expressionem
827 1179 1149 1227 torqueretur
1177 1177 1209 1227 ³,
1237 1170 1351 1215 nihil
1385 1185 1436 1216 se
1470 1184 1532 1215 ecl
1564 1172 1672 1215 vice
1695 1169 1714 1197 b
1738 1169 1922 1215 doloris

310 1248 613 1306 persensisse
656 1247 869 1305 ingenue
912 1247 1051 1293 nobis
1094 1248 1257 1293 fassus
1300 1256 1389 1293 est.
1436 1247 1754 1292 Postmodum
1798 1262 1920 1292 vero

306 1324 419 1370 dum
443 1323 756 1381 impatienter
780 1339 832 1369 se
856 1332 1074 1381 gereret,
1101 1323 1376 1369 horrendos
1406 1323 1600 1369 dicebat
1623 1339 1675 1369 se
1699 1323 1920 1380 pertulis-

305 1416 356 1447 se
380 1401 649 1446 cruciatus.
676 1400 805 1457 Quid
840 1401 1014 1446 multa?
1036 1400 1252 1445 Tantam
1287 1399 1478 1445 miseris
1502 1399 1606 1445 istis
1628 1400 1919 1445 consolatio-

305 1494 416 1524 nem
442 1479 814 1524 czdmz'nistmnt
834 1484 850 1505 ⁰
874 1477 1045 1533 nostri,
1068 1486 1120 1523 vt
1145 1493 1174 1523 a
1198 1486 1371 1523 nostra
1391 1477 1670 1523 visitatione
1694 1477 1919 1535 frequen-

304 1556 416 1602 tiori
449 1571 588 1601 suam
622 1555 873 1601 clamitent
902 1555 1116 1612 pendere
1140 1554 1366 1612 salutem,
1393 1564 1441 1600 et
1465 1564 1655 1601 tantum
1680 1556 1804 1601 bene
1830 1555 1920 1601 sibi

305 1647 413 1678 esse
436 1631 697 1687 affirment,
725 1647 833 1677 cum
867 1632 926 1677 de
959 1631 1139 1677 nostris
1174 1633 1253 1677 vel
1285 1632 1508 1688 cogitant
1532 1632 1816 1678 absentibus
1841 1632 1919 1678 vel

306 1718 593 1767 praesentes
618 1709 835 1755 audiunt.

361 1786 404 1832 8.
471 1785 543 1831 Vt
577 1794 740 1831 autem
774 1785 833 1831 de
868 1786 1109 1843 spirituali
1144 1786 1354 1831 fratrum
1390 1785 1615 1843 profectu
1649 1786 1829 1843 aliquid
1853 1786 1919 1832 di-

304 1879 430 1920 cam,
456 1862 534 1908 hic
566 1877 686 1908 sane
719 1878 813 1908 non
849 1863 1074 1920 vulgaris
1108 1872 1197 1919 est,
1223 1863 1308 1909 sed
1343 1863 1550 1909 eximius
1584 1864 1743 1921 plane,
1775 1863 1917 1921 siqui-

305 1941 412 1986 dem
445 1939 673 1985 certatim
707 1954 791 1985 eos
826 1940 888 1985 ad
921 1940 1238 1996 perfectionis
1270 1940 1461 1986 culmen
1485 1940 1801 1995 contendere,
1828 1955 1920 1986 nec

306 2017 404 2062 vlla
427 2016 590 2072 facile,
617 2031 743 2073 quae
767 2016 862 2062 huc
883 2016 1178 2071 conducant,
1199 2017 1359 2062 media
1383 2016 1553 2062 videas
1575 2017 1915 2063 intermittere.

304 2093 498 2139 Docent
521 2094 615 2139 hoc
636 2108 829 2138 summa
852 2092 899 2138 in
924 2093 1196 2138 obediendo
1232 2093 1566 2150 promptitudo
1596 2102 1744 2150 atque
1767 2093 1918 2139 facili-

304 2180 395 2227 tas,
432 2185 620 2216 necnon
655 2171 700 2216 in
735 2170 1021 2226 expetendis
1054 2185 1114 2215 ac
1147 2170 1278 2215 Vltro
1312 2171 1624 2227 peragendiS,
1661 2171 1837 2216 nedum
1872 2171 1918 2216 in

304 2247 623 2304 suscipiendis
647 2246 976 2304 poenitentiae
1008 2247 1238 2303 operibus
1269 2247 1537 2303 singularis
1560 2247 1774 2293 deuotio.
1801 2247 1918 2292 Pro-

304 2333 538 2380 posuerat
577 2323 731 2368 Rdus.
768 2322 821 2369 P.
858 2322 1087 2368 Victoria
1121 2322 1360 2369 fratribus
1394 2323 1552 2369 ardua
1591 2323 1832 2380 quaedam
1871 2332 1919 2369 et

304 2400 503 2446 maximi
529 2400 758 2446 momenti
783 2400 984 2456 negotia
1012 2399 1046 2458 d,
1073 2415 1162 2456 pro
1196 2401 1367 2456 quibus
1391 2400 1752 2446 {eruentissime
1776 2415 1918 2445 oran-

304 2478 416 2523 dum
445 2477 613 2523 aiebat
647 2477 914 2522 Dominum
949 2477 1151 2534 eiusque
1185 2477 1543 2534 implorandum
1577 2478 1829 2523 auxilium.
1856 2477 1920 2523 Et

304 2555 417 2600 dum
441 2555 544 2612 ipse
567 2555 783 2612 lzocfine
809 2561 824 2581 θ
845 2554 1088 2611 publicam
1109 2554 1245 2610 prior
1269 2555 1467 2601 fecisset
1490 2555 1808 2612 disciplinam,
1830 2570 1917 2600 suo

303 2631 476 2677 deinde
501 2631 671 2677 ordine
694 2631 704 2658 f
738 2631 1025 2688 subsequuti
1049 2640 1160 2677 sunt
1183 2632 1263 2677 alii
1288 2632 1489 2678 fratres.
1516 2633 1744 2679 Accessit
1766 2648 1918 2690 porro

304 2709 571 2765 spiritualis
610 2708 806 2766 quidam
841 2709 1081 2755 fratribus
1115 2709 1339 2755 omnibus
1377 2709 1547 2755 feruor
1580 2718 1628 2756 et
1659 2709 1721 2755 ad
1755 2709 1919 2755 diuina

305 2785 544 2842 obsequia
568 2784 803 2830 alacritas
829 2801 891 2830 ex
924 2784 1235 2831 foelicissimo
1259 2786 1340 2831 illo
1371 2786 1620 2843 generalis
1651 2786 1919 2843 praepositi

305 2860 571 2907 Societatis
595 2872 795 2907 nostrae
821 2862 1072 2907 electionis
1095 2876 1343 2919 successu,
1366 2878 1512 2919 quam
1536 2862 1750 2908 diuinam
1775 2863 1918 2919 plane

351 3068 368 3088 ³
402 3065 624 3108 torquetur.
676 3060 741 3087 —b
790 3065 897 3098 tunc.
956 3067 1019 3089 —c
1050 3059 1249 3099 adferunt.
1301 3061 1368 3088 —d
1402 3061 1462 3098 his
1493 3061 1645 3099 diebus.
1696 3069 1760 3090 —e
1792 3074 1840 3099 ea
1869 3062 1918 3099 de

305 3132 440 3157 causa.
492 3118 551 3146 -f
580 3131 684 3156 eum.
