2051 3516
342 296 389 333 80
812 295 1031 332 LITTERAE
1057 293 1411 339 QUADRIMESTRES
1473 308 1476 310 v

295 399 437 448 parte
460 406 551 447 por
575 405 666 446 que
690 403 835 445 spero
860 404 920 433 en
945 388 989 433 el
1013 387 1173 433 Sefior
1197 402 1290 443 que
1313 387 1385 432 105
1410 387 1599 432 Padres
1628 401 1722 443 que
1756 400 1916 442 agora

296 466 488 524 quedan
513 469 626 523 aqui
649 466 708 511 de
733 465 924 510 camino
948 480 1072 521 para
1096 464 1209 521 allai,
1237 478 1289 508 se
1313 463 1538 519 partimin
1562 472 1748 519 presto,
1774 470 1917 518 parte

296 559 483 601 porque
506 543 566 588 de
590 543 662 588 las
686 542 763 587 (161
786 541 949 587 Padre
972 541 1242 586 Francisco
1265 557 1296 596 y
1316 539 1394 584 del
1411 539 1574 584 Padre
1598 538 1873 595 prouincial
1897 539 1910 562 ¹

296 620 369 665 las
393 622 520 665 avrz'i
545 619 610 664 V.
638 619 691 664 P.
719 617 978 664 entendido
1002 616 1147 662 todas
1171 632 1199 661 o
1222 616 1427 660 muchas
1452 616 1620 660 dellas.

384 697 552 741 Todos
570 697 644 740 105
667 695 856 740 Padres
879 711 909 751 y
933 695 1198 739 hermanos
1233 693 1370 738 deste
1405 691 1616 748 collegio
1650 707 1739 736 nos
1774 706 1917 736 enco-

295 772 582 817 mendamos
606 787 665 817 en
690 772 764 816 las
783 771 1045 816 oraciones
1068 786 1099 825 y
1123 768 1394 814 sacrificios
1418 768 1476 813 de
1511 767 1577 812 V.
1615 767 1668 812 P.
1695 784 1727 824 y
1751 767 1810 812 de
1844 768 1917 812 105

297 849 464 894 demeis
489 848 678 894 Padres
701 865 733 904 y
755 848 1019 893 hermanos
1045 847 1102 891 de
1127 861 1237 891 essa
1262 861 1380 891 casa
1403 861 1434 901 y
1459 844 1689 900 collegio,
1715 861 1746 901 y
1770 844 1917 900 parti-

295 926 603 971 cularmente
618 936 689 981 'yo
714 940 855 970 como
881 926 987 969 meis
1009 922 1334 968 necess'itado.
1363 921 1423 966 El
1446 920 1608 966 Senor
1631 936 1721 976 por
1746 935 1803 965 su
1820 921 1915 966 cle-

296 1003 477 1048 mentia
501 1003 665 1048 llueua
688 1003 833 1047 sobre
858 1010 1090 1046 nosoti-os
1114 1000 1157 1044 61
1191 999 1364 1055 spiritu
1400 999 1459 1043 de
1492 996 1575 1043 sus
1609 998 1761 1042 dones
1794 1014 1825 1054 y
1859 998 1919 1043 (16

295 1094 380 1124 5115
403 1079 620 1135 gracias,
647 1095 678 1135 y
702 1094 761 1123 en
785 1078 852 1122 V.
880 1077 952 1134 P„
980 1091 1122 1122 como
1148 1091 1228 1120 sus
1253 1074 1378 1132 hijos
1402 1091 1461 1120 en
1486 1076 1528 1119 61
1553 1073 1713 1119 Senos
1738 1074 1783 1118 10
1813 1074 1918 1119 (165-

296 1170 492 1200 seamos
515 1173 547 1212 y
570 1170 776 1200 avemos
800 1162 1062 1199 menester.
1091 1153 1265 1197 Amen.
1289 1151 1365 1196 De
1387 1151 1564 1196 Alcala'i
1582 1167 1613 1207 y
1633 1150 1692 1195 de
1716 1149 1918 1195 Henero

297 1232 482 1288 ultimo,
510 1232 570 1276 de
597 1231 722 1277 1557.

384 1308 460 1354 De
485 1309 551 1353 V.
576 1308 630 1354 P.
658 1309 699 1353 61
725 1308 926 1352 minimo
950 1324 981 1363 y
1005 1322 1120 1362 muy
1144 1306 1344 1362 indigno
1369 1304 1467 1362 hijo
1492 1321 1550 1350 en
1577 1306 1621 1350 61
1644 1304 1820 1359 Sefior,

1449 1385 1476 1433 †

1206 1441 1372 1486 DIEGo
1408 1440 1673 1486 CARRILLO
1707 1441 1738 1485 2.

385 1520 675 1577 Inscriptio.
715 1523 742 1570 †
777 1519 872 1564 1115.
900 1519 965 1563 ΑΙ
998 1534 1113 1574 muy
1146 1518 1272 1563 Rdo.
1312 1534 1371 1563 en
1406 1517 1555 1562 Chro.
1594 1517 1670 1562 Ρ.Ε
1709 1532 1834 1571 n1·o.‚
1876 1515 1921 1561 61

296 1597 373 1642 Ρ.Ε
394 1597 460 1642 M.
481 1597 682 1646 Lasnez,
712 1596 901 1641 vicario
925 1596 1134 1652 general
1156 1595 1215 1640 de
1235 1595 1281 1639 la
1302 1593 1580 1650 Compasn'a
1600 1594 1658 1638 (16
1676 1593 1837 1652 Jesus,
1859 1608 1919 1637 en

298 1674 474 1719 Roma.

1081 1800 1136 1850 29

740 1917 1034 1964 PETRUS
1082 1907 1476 1963 MARTI'NEZ

792 2036 948 2061 GANDIA
978 2025 1020 2061 31
1048 2035 1246 2071 JANUARH
1277 2025 1366 2060 1537
1392 2025 1416 2060 ³.

501 2125 574 2161 1-2.
608 2125 671 2161 De
688 2128 935 2161 nostratum
954 2124 1149 2170 profectu
1170 2126 1215 2160 in
1238 2125 1449 2169 relzssgrz'osis
1467 2123 1715 2160 virtutihus.

681 2185 779 2219 3-11.
811 2184 876 2219 De
895 2185 1152 2220 ministeriis
1172 2194 1270 2227 erga
1290 2184 1525 2228 proximos.

360 2284 397 2328 1.
463 2288 488 2335 1
522 2284 768 2339 Perquam
807 2283 1103 2328 Reuerende
1143 2284 1187 2327 in
1223 2282 1423 2328 Christo
1463 2282 1627 2327 Pater.
1665 2283 1917 2327 Aeternus

296 2360 643 2416 omnipotentis
677 2376 817 2404 amor
852 2361 911 2405 sit
951 2376 1146 2416 semper
1179 2360 1225 2405 in
1265 2360 1428 2404 animo
1467 2368 1551 2404 tuo
1586 2359 1919 2420 omniumque2

296 2452 455 2481 amen.
482 2436 572 2481 His
596 2437 763 2492 literis,
791 2437 1078 2482 charissime
1104 2436 1270 2490 Pater,
1296 2445 1343 2481 16
1368 2436 1425 2480 (16
1450 2436 1523 2481 1115
1559 2435 1825 2481 certiorem
1848 2435 1916 2479 fa-

297 2512 422 2557 ciam
448 2528 573 2568 quae
598 2513 838 2557 Dominus
869 2522 1035 2558 noster
1069 2512 1299 2569 dignatus
1333 2520 1407 2556 est
1441 2527 1612 2556 eorum
1648 2511 1918 2556 ministerio

348 2662 356 2678 ¹
408 2660 452 2695 P.
474 2660 679 2696 Antonius
698 2660 848 2696 Araoz.

343 2719 355 2736 ²
405 2718 450 2754 In
477 2720 662 2765 catalogo
689 2719 852 2764 collegii
882 2718 1168 2765 complutensis
1195 2718 1288 2753 anni
1318 2718 1407 2753 1558
1435 2717 1489 2762 (in
1515 2717 1598 2753 cod.
1636 2717 1761 2752 solet.
1792 2717 1913 2760 Illa,

296 2776 363 2813 fol.
384 2777 442 2820 84)
464 2778 618 2813 dicitur:
644 2778 715 2814 «Ei
734 2778 800 2814 Re
823 2777 1012 2814 Carriilo.
1035 2777 1268 2820 Sacerdote3
1291 2776 1451 2812 natural
1471 2776 1518 2812 de
1538 2775 1717 2823 Tinajas3
1739 2775 1917 2811 acabado

296 2837 334 2871 el
353 2849 467 2872 curso
487 2837 534 2872 de
554 2837 771 2882 theologia3
793 2837 900 2873 tiene
920 2842 1117 2883 quarenta
1136 2841 1233 2872 anos
1252 2836 1300 2872 de
1321 2835 1434 2880 edad;
1456 2835 1507 2871 ha
1526 2835 1623 2871 ocho
1643 2840 1739 2870 anos
1767 2847 1844 2881 que
1873 2847 1916 2870 es

297 2894 346 2930 de
365 2896 405 2930 ia
425 2894 683 2941 Compania.»

342 2953 355 2972 ⁸
406 2953 467 2988 Ex
486 2954 672 2999 originali
692 2954 731 2989 in
750 2954 884 2990 codice
903 2954 1031 2999 Hz'sp.
1055 2953 1122 2996 95,
1146 2954 1160 2989 1
1183 2952 1264 2997 fol„
1287 2966 1324 2988 n.
1345 2953 1403 2997 37;
1431 2952 1540 2998 prius
1563 2951 1645 2988 367.
1676 2951 1848 2998 Aliquot
1876 2952 1916 2988 in

295 3012 370 3048 hac
397 3011 566 3058 epistola
590 3012 900 3059 orthographiae
926 3012 1071 3048 menda
1089 3012 1358 3058 reperiuntur,
1380 3023 1549 3057 quorum
1568 3010 1789 3056 praecipua
1806 3015 1915 3046 nota-

296 3083 396 3107 mus.
418 3071 526 3107 Usus
546 3076 605 3106 est
625 3071 697 3106 hac
717 3071 898 3116 epistola,
920 3076 963 3106 111
985 3071 1152 3112 videtur,
1175 3070 1395 3106 POLANCUS
1410 3070 1449 3104 in
1468 3069 1635 3111 Clwon„
1653 3068 1726 3112 VI,
1743 3068 1912 3105 520-521.
