2051 3516
374 314 445 352 328
839 316 1058 351 LITTERAE
1085 314 1437 360 QUADRIMESTRES

330 410 443 455 dum
478 418 526 455 et
560 410 662 467 ipse
697 420 1002 467 aegrotaret,
1039 422 1085 455 et
1119 409 1247 454 forte
1278 407 1459 463 aliquid
1490 407 1812 452 meditaretur
1837 409 1872 463 a,
1899 416 1952 452 ut

330 486 551 542 aegrotis
575 487 664 543 piis
689 503 778 532 usu
803 487 950 544 uenit⁷
980 488 1104 532 inter
1127 485 1458 530 meditandum
1484 483 1602 528 uidit
1625 483 1775 528 filium
1808 499 1949 528 suum

329 572 468 607 tanta
493 578 601 608 cum
627 563 814 608 laetitia
840 564 883 607 in
910 564 1101 608 coelum
1133 561 1250 615 tolli,
1291 570 1340 604 ut
1375 574 1568 605 summo
1603 575 1796 616 quoque
1829 574 1948 615 gau-

329 639 407 684 dio
446 639 548 695 ipse
583 650 725 695 pater
760 639 1062 693 afficeretur,
1101 653 1212 682 nam
1247 637 1451 681 simulac
1486 636 1843 692 contemplatus
1876 644 1951 680 est

327 714 477 760 filium
516 724 656 760 tanta
694 715 960 760 foelicitate
999 716 1301 759 exultantem
1342 713 1403 757 ad
1443 712 1601 757 Deum
1641 712 1778 767 ferri,
1821 712 1949 756 omni

327 792 581 847 uoluptate
606 806 664 836 ac
688 791 941 836 dulcedine
966 790 1193 847 perfusus
1218 800 1306 845 est3
1335 788 1463 843 quod
1486 803 1596 832 cum
1628 788 1729 844 ipse
1763 788 1947 843 cogita-

329 878 403 912 ret
426 868 728 923 sentiretque
762 882 814 912 se
849 883 908 912 ea
942 867 1128 912 laetitia
1164 865 1401 911 recreari„
1439 864 1782 909 admirabatur
1815 863 1946 920 quid-

328 959 442 988 nam
476 943 620 996 foret;
658 954 804 999 atque
839 958 955 988 ecce
989 943 1158 999 paucis
1192 951 1301 997 post
1335 941 1504 986 diebus
1538 941 1743 985 nuncius
1768 941 1947 984 allatus

327 1030 399 1064 est
423 1018 572 1064 filium
596 1035 622 1064 e
646 1019 793 1064 terris
818 1035 924 1064 esse
955 1020 1216 1064 sublatum.
1255 1017 1380 1061 Tum
1415 1016 1577 1061 subito
1612 1016 1676 1060 illi
1710 1017 1866 1061 uisum
1900 1016 1946 1060 in

327 1105 540 1141 mentem
574 1096 721 1146 uenit,
759 1105 806 1141 et
841 1096 1065 1151 quamuis
1099 1109 1282 1151 magno
1316 1093 1503 1139 affectu
1528 1092 1677 1138 filium
1703 1093 1950 1149 diligeret,

326 1173 502 1217 nuncio
526 1183 686 1217 tamen
714 1174 927 1217 laetatus
951 1182 1024 1217 est
1049 1182 1205 1227 pater,
1244 1186 1304 1215 ac
1340 1170 1499 1214 Deum
1534 1170 1838 1226 collaudans,
1866 1184 1944 1213 no-

326 1249 398 1293 bis
437 1249 600 1293 retulit
640 1251 668 1293 ¹.
708 1248 829 1293 Illud
864 1258 937 1293 est
969 1258 1133 1293 autem
1170 1248 1297 1303 quod
1334 1246 1492 1301 magis
1526 1246 1778 1298 miremur,
1817 1246 1945 1301 quod

326 1326 497 1370 eodem
523 1325 676 1370 ferme
701 1326 844 1369 modo
869 1334 916 1370 et
940 1326 1145 1370 honesta
1169 1324 1400 1375 foemina,
1428 1323 1582 1379 patris
1605 1338 1765 1378 soror,
1792 1323 1944 1367 amita

325 1401 578 1446 morientis
606 1401 698 1455 filii,
726 1413 774 1446 et
798 1402 902 1457 ipsa
929 1401 1045 1446 uidit
1069 1397 1611 1456 nepotem'Ferrariam
1639 1399 1941 1454 redeuntem,

325 1487 373 1522 et
395 1487 627 1533 tanquam
655 1494 780 1531 eum,
808 1478 887 1533 qui
912 1488 1041 1522 esset
1065 1478 1463 1526 crmcionaturus,
1502 1492 1560 1520 eo
1595 1476 1763 1520 habitu
1797 1486 1943 1531 atque

326 1555 507 1599 uestitu
546 1570 640 1610 quo
675 1554 859 1600 fratres
893 1553 1156 1599 Societatis
1192 1554 1387 1606 utimur,
1415 1562 1553 1598 tanta
1574 1553 1673 1597 oris
1696 1568 1755 1597 ac
1780 1554 1945 1597 uultus

325 1631 570 1687 probitate
621 1646 679 1675 ac
727 1631 986 1681 modestia,
1040 1640 1089 1674 ut
1143 1640 1357 1686 augusta
1406 1630 1510 1674 eius
1558 1629 1712 1674 facies
1762 1630 1944 1685 pietate

323 1707 534 1763 quadam
572 1707 788 1751 animum
830 1707 891 1751 illi
931 1707 1253 1756 demulceret,
1301 1715 1604 1762 cogeretque
1644 1717 1693 1750 ut
1732 1706 1942 1750 admira-

326 1794 463 1828 retur
502 1784 663 1829 subito
689 1793 874 1828 tantam
900 1784 944 1828 in
970 1784 1164 1828 'nomine
1204 1783 1543 1836 mutationem,
1581 1798 1727 1838 quam
1769 1783 1811 1826 in
1852 1781 1941 1827 So-

325 1860 520 1915 cietate,
563 1860 724 1916 quoad
764 1876 926 1905 mores
967 1860 1189 1915 pertinet,
1233 1860 1475 1904 induerat.
1515 1859 1623 1903 Hoc
1661 1859 1813 1903 uisum
1839 1858 1939 1903 foe-

326 1936 486 1981 minae
510 1936 574 1980 illi
600 1936 822 1992 uigilanti
847 1952 1002 1993 aeque
1027 1936 1271 1980 obiectum
1306 1946 1395 1979 est.
1435 1935 1577 1991 Quae
1613 1935 1739 1991 quod
1774 1935 1938 1991 templi

326 2012 482 2056 nostri
522 2012 941 2067 confessionisque
980 2012 1199 2056 studiosa
1239 2023 1326 2064 est,
1372 2011 1528 2055 uisum
1571 2026 1709 2055 suum
1750 2011 1811 2055 ad
1851 2027 1942 2055 nos

323 2088 509 2133 detulit.

378 2164 418 2209 7.
488 2164 765 2220 Collegium
817 2174 1034 2210 nostrum
1089 2176 1222 2209 recte
1273 2167 1420 2215 ualet,
1470 2158 1669 2209 Christo
1714 2165 1938 2217 authore,

319 2241 502 2286 fratres
542 2241 801 2297 proficiunt
838 2242 883 2286 in
926 2243 1094 2287 litteris
1135 2258 1290 2298 arsque
1325 2257 1382 2286 ac
1420 2242 1464 2285 in
1500 2242 1688 2297 spiritu,
1727 2242 1938 2298 prompti

320 2333 486 2363 omnes
511 2319 571 2363 ad
592 2319 798 2374 quoduis
819 2334 1007 2363 munus.

409 2394 745 2440 Externorum
769 2396 1116 2450 discipulorum
1142 2396 1264 2440 idem
1300 2410 1551 2449 numerus3
1591 2395 1798 2440 libenter
1823 2410 1933 2440 con-

318 2471 516 2516 fitentur
551 2481 596 2517 et
631 2472 903 2516 antediem
940 2472 1266 2528 prestitutam,
1303 2473 1349 2516 in
1386 2473 1547 2517 multis
1581 2482 1674 2516 non
1710 2488 1830 2527 opus
1864 2481 1938 2517 est

318 2548 574 2592 monitore.
604 2548 751 2593 Aucti
777 2548 871 2592 iam
896 2564 1063 2592 sumus
1090 2564 1183 2592 uno
1208 2548 1379 2600 fratre,
1404 2549 1480 2604 qui
1507 2548 1822 2593 ferrariensis
1841 2559 1929 2604 est,

318 2633 459 2678 aptus
493 2624 553 2668 ad
589 2624 795 2680 litteras,
832 2625 1062 2669 obediens
1097 2634 1144 2669 et
1180 2626 1336 2669 bonae
1371 2626 1487 2680 spei.
1528 2625 1636 2670 Deo
1672 2626 1793 2670 laus.
1830 2625 1936 2670 Nec

363 2835 381 2853 ³¹
434 2836 649 2871 ineditares
669 2847 747 2872 ms.

364 3030 371 3047 ¹
425 3028 485 3065 Cf.
511 3030 558 3065 de
580 3037 705 3067 morte
726 3032 841 3079 liujus
859 3031 993 3068 fratris
1014 3032 1165 3068 Laim'i
1184 3031 1391 3076 ΠοηιωηἼ
1414 3031 1461 3075 II,
1489 3032 1569 3076 ’ὀὶ-ζ
1602 3038 1640 3068 et
1669 3031 1933 3077 SAccHINUM,.

314 3087 427 3124 ‚Hisa
451 3088 540 3125 Soc.
555 3089 679 3134 Jeszl,
703 3096 802 3135 part.
824 3091 871 3134 II,
893 3091 960 3128 lib.
983 3091 1014 3131 Ι,
1035 3104 1101 3127 nn.
1125 3090 1289 3128 125-126.
