2051 3516
788 316 1021 344 PRAEFATIO
1630 315 1668 339 Xl

90 423 243 465 pagg.
271 408 371 462 271,
400 406 501 461 201,
528 406 628 462 293,
657 404 757 461 294,
783 403 886 458 314,
922 402 1023 454 316,
1058 400 1161 457 321,
1197 400 1299 455 346,
1335 400 1437 454 347,
1473 400 1575 453 369,
1612 399 1713 451 373,

87 486 189 538 376,
216 485 318 531 377.

176 562 347 618 Neque
371 561 434 607 ab
458 560 530 605 his
555 560 598 605 in
623 558 885 617 judicando
910 556 1269 611 scribendoque
1294 554 1516 599 dissentit
1548 554 1717 599 soller-

87 640 301 685 tissimus
325 638 378 684 P.
406 637 693 683 Bernardus
717 636 860 681 Duhr
884 635 929 680 in
956 633 1255 679 Gesclziclzte
1280 632 1372 677 der
1392 631 1629 688 Jesztilelz
1667 631 1717 675 in

87 717 185 762 den
209 716 457 761 Laudem
482 714 754 760 deutsclzer
785 712 986 769 Zztnge.
1024 711 1245 756 Litteras
1279 709 1405 755 enim
1443 708 1716 765 quadrime-

87 803 230 847 stres,
258 808 450 838 annuas
475 801 523 837 et
548 790 786 848 ejusmodi
822 789 962 844 alias,
998 791 1127 844 >quae
1162 803 1191 832 a
1224 787 1408 832 nostris
1443 785 1720 831 hominibus

85 869 443 916 aedificationis
499 884 653 914 causa
696 867 1068 921 scribebantur,
1116 880 1211 910 non
1255 879 1399 909 secus
1442 878 1503 908 ac
1548 862 1720 918 reliqui

85 957 318 993 auctores
342 947 404 993 ad
429 947 566 992 facta
591 944 885 1002 praesertim
919 943 1220 999 enarranda,
1258 950 1467 998 usurpat
1502 941 1547 986 in
1583 941 1718 997 pagi·

86 1025 159 1070 nis
180 1024 254 1081 48,
281 1024 352 1078 49,
379 1023 450 1079 73,
484 1023 581 1076 103,
613 1022 711 1077 104,
742 1022 839 1077 105),
871 1020 969 1076 106,
997 1021 1094 1075 110,
1120 1020 1218 1076 162,
1244 1018 1341 1075 168,
1368 1018 1464 1074 178,
1491 1018 1588 1073 181,
1616 1017 1718 1070 204,

87 1102 186 1158 205,
215 1101 316 1157 210,
345 1101 445 1157 224,
474 1100 575 1158 229,
602 1109 650 1145 et
674 1100 798 1145 alias
823 1115 972 1155 saepe
995 1098 1040 1143 in
1080 1098 1326 1143 volumine
1361 1096 1535 1153 primo,
1574 1095 1718 1140 idem-

87 1195 179 1235 que
204 1179 309 1224 fere
335 1178 557 1224 invenies
581 1178 626 1222 in
654 1186 867 1233 utraque
902 1186 1045 1233 parte
1081 1175 1343 1220 voluminis
1375 1173 1593 1227 secundi,
1631 1173 1720 1218 nisi

87 1256 215 1312 quod
240 1256 334 1301 huc
357 1271 608 1312 nunquam
633 1255 833 1311 proprie
858 1253 1266 1311 quadrimestres,
1288 1253 1373 1298 sed
1397 1267 1593 1297 annuae
1617 1260 1720 1296 tan-

89 1345 190 1378 tum
217 1332 514 1390 afferuntur3
544 1332 980 1389 quadrimestrium
1014 1346 1188 1387 nempe
1223 1331 1332 1375 loco
1366 1345 1562 1375 annuae
1596 1329 1720 1374 litte-

85 1427 172 1456 rae
196 1427 226 1456 a
249 1409 339 1456 Sti.
367 1410 624 1456 Francisci
652 1410 871 1467 Borgiae
894 1409 1201 1465 temporibus
1225 1407 1472 1453 conscribi
1507 1415 1716 1463 coeptae

91 1499 220 1533 sunt.

177 1564 321 1621 Quae
345 1580 458 1610 cum
483 1564 550 1609 ita
574 1565 684 1620 sint,
712 1564 792 1621 qui
826 1573 992 1610 tamen
1026 1563 1215 1609 factum
1251 1574 1323 1608 est
1358 1573 1407 1607 ut
1443 1560 1719 1618 quadrime-

87 1652 214 1688 stres
239 1643 437 1688 litterae
463 1643 591 1698 apud
615 1643 897 1698 complures
922 1642 1050 1686 male
1075 1641 1300 1687 audiant?
1323 1639 1524 1685 Scilicet
1551 1639 1721 1683 volun-

87 1729 164 1765 tas
187 1719 270 1764 illa
296 1735 376 1765 res
400 1719 628 1776 proprias
653 1719 853 1764 nimium
879 1718 1164 1773 extollendi,
1198 1733 1326 1774 quae
1361 1718 1405 1762 in
1441 1732 1616 1762 earum
1652 1716 1721 1760 lit-

88 1807 312 1842 terarum
357 1797 647 1853 quibusdam
693 1808 883 1853 aparet3
931 1813 1074 1841 amor
1118 1795 1314 1852 quidam
1360 1795 1595 1840 novitatis
1640 1794 1721 1838 tri-

88 1874 313 1919 buendae
347 1874 721 1919 narrationibus
756 1874 970 1931 alioquin
1006 1873 1133 1918 inter
1171 1889 1223 1918 se
1263 1888 1410 1929 quarn
1450 1871 1721 1924 simillimis,

86 1951 279 2007 aliquos
302 1951 586 2007 impellebat
609 1952 670 1997 ad
696 1967 807 1996 eam
836 1951 964 1996 viam
988 1950 1379 2007 ingrediendam,
1408 1965 1537 2006 quae
1572 1949 1722 1993 rebus

86 2028 333 2073 historicis
358 2044 533 2085 parum
558 2044 779 2073 consona
804 2038 893 2074 est.
922 2027 1083 2085 Hujus
1108 2028 1307 2085 generis
1332 2027 1611 2083 exemplum
1643 2042 1720 2082 pe-

86 2106 341 2164 regrinum
367 2106 519 2151 habes
544 2106 591 2151 in
615 2107 825 2162 epistola
849 2123 894 2152 n.
923 2107 995 2158 21,
1030 2107 1076 2151 in
1112 2122 1209 2162 qua
1243 2105 1464 2163 Joannes
1498 2105 1557 2150 de
1592 2105 1722 2149 Mar-

87 2183 199 2228 tinis
238 2183 557 2229 Pelletarium
597 2195 861 2240 rectorem,
905 2200 1001 2229 non
1041 2200 1186 2230 secus
1224 2183 1332 2229 fere
1366 2200 1426 2229 ac
1461 2183 1641 2229 Cicero
1676 2183 1721 2228 in

89 2260 355 2305 miloniana
380 2261 609 2306 oratione
633 2260 924 2319 Pompejum
951 2277 1039 2318 per
1069 2262 1405 2318 apostrophen
1441 2261 1719 2316 compellat.

180 2338 248 2383 At
272 2348 474 2394 praeter
498 2338 619 2401 istas
643 2354 826 2384 causas
850 2339 998 2384 aliam
1023 2338 1153 2384 forte
1179 2339 1438 2395 assignare
1464 2339 1590 2383 licet.
1624 2337 1721 2382 Ali-

89 2415 168 2471 qui
194 2414 461 2472 (fuerintne
487 2417 623 2461 multi
647 2432 709 2461 an
735 2416 878 2473 pauci
909 2416 1025 2461 nihil
1059 2416 1233 2473 refert)
1268 2416 1468 2461 fuerunt
1503 2416 1565 2460 ad
1599 2415 1723 2459 haec

88 2508 242 2549 usque
266 2501 511 2549 tempora,
540 2493 619 2550 qui
644 2494 935 2539 existimare
971 2494 1226 2540 videretur
1262 2493 1519 2538 Ecclesiae
1554 2492 1721 2537 catho-

91 2569 216 2615 licae
241 2579 326 2615 aut
350 2569 534 2615 ordinis
561 2571 778 2627 religiosi
802 2571 1076 2627 historiam,
1104 2571 1220 2615 nihil
1245 2580 1448 2627 praeter
1484 2569 1720 2614 virtutum

90 2648 319 2704 exempla
364 2648 599 2694 exhibere
644 2648 828 2694 debere
873 2649 939 2705 (v.
986 2664 1035 2705 g.
1082 2649 1313 2694 historias
1356 2648 1579 2692 virorum
1619 2647 1721 2691 illu-

90 2725 279 2781 strium,
307 2725 387 2781 qui
412 2726 546 2770 nulla
570 2726 615 2770 in
637 2741 691 2770 re
711 2725 997 2783 deficerent)
1018 2727 1062 2771 in
1087 2726 1260 2783 quibus
1282 2725 1498 2770 historiis
1518 2724 1599 2769 illa
1619 2734 1723 2769 tan-

91 2814 194 2847 tum
220 2812 547 2848 cernerentur
572 2819 698 2860 quae
724 2803 860 2849 Deus
884 2804 987 2860 ipse
1012 2805 1057 2849 in
1083 2804 1174 2849 illis
1200 2803 1475 2848 hominibus
1500 2811 1585 2848 aut
1614 2818 1722 2847 coe-

90 2879 219 2924 tibus
244 2879 405 2935 posuit
428 2879 721 2935 perfecitve‚
749 2896 877 2938 quae
901 2881 1095 2938 quidem
1129 2880 1293 2925 onmia
1328 2881 1458 2925 bona
1494 2879 1721 2936 profecto

90 2966 216 3001 sunt.
254 2956 367 3015 Jam
401 2957 473 3013 (ut
505 2956 552 3001 id
587 2972 782 3013 quoque
816 2973 904 3014 per
937 2966 1260 3002 transennam
1299 2956 1556 3013 dicamus),
1601 2957 1725 3002 haec

92 3032 298 3078 historia
322 3033 524 3090 selecta,
553 3034 705 3079 certis
730 3034 1038 3090 temporibus
1063 3033 1297 3090 adhibita,
1324 3033 1588 3079 dummodo
1613 3033 1726 3079 falsi

94 3110 210 3155 nihil
233 3110 525 3168 contineret,
554 3112 687 3157 nullo
712 3112 858 3157 modo
894 3120 1024 3156 esset
1047 3111 1393 3168 vituperanda.
1422 3111 1518 3158 Ast
1546 3112 1611 3157 illi
1644 3112 1724 3157 ho-
