2051 3516
1636 362 1653 369 -ι

481 362 870 401 209.—V1ND0130NA
899 362 940 399 31
972 362 1180 401 Ocrosms
1210 363 1299 400 1558
1586 362 1658 400 850

75 463 280 521 quaeuis
304 464 486 521 subire,
512 465 657 509 modo
682 480 711 509 a
735 475 995 521 parentum
1016 464 1162 522 impio
1182 464 1415 510 conuictu
1434 464 1636 509 liberari
1656 472 1704 509 et

74 541 258 587 nostris
297 551 497 598 possent
536 541 818 587 conuiuere.
866 542 1177 587 Mirabamur
1215 557 1385 587 omnes
1428 550 1617 586 tantam
1656 541 1702 586 in

76 617 242 674 pueris
275 617 380 663 istis
414 618 744 664 constantiam
783 627 932 675 atque
971 618 1301 673 sedulitatem,
1344 627 1391 664 et
1425 634 1521 676 quo
1555 626 1703 674 pacto

74 694 234 740 iustae
258 695 432 740 horum
458 696 679 752 petitioni
714 696 934 741 abnuere
968 705 1151 753 posset,
1189 711 1285 741 non
1320 696 1522 741 videbat
1555 695 1614 740 R.
1645 696 1699 741 Ρ.

74 772 409 829 prouincialis.
437 772 566 829 Quia
584 766 759 818 'tamen
783 773 1025 819 decimum
1050 782 1283 830 quartum
1312 773 1490 819 aetatis
1521 788 1701 818 annum

74 849 279 895 vixdum
299 860 638 905 excesserant,
662 859 709 895 et
727 866 966 906 praesens
981 866 1077 895 non
1095 851 1396 896 cernebatur
1412 850 1700 907 periculum,

75 943 186 973 cum
211 937 413 973 nostrae
437 927 597 972 adhuc
620 927 814 972 subsint
834 928 1134 983 disciplinae,
1162 927 1223 973 ad
1247 928 1486 984 pauculos
1510 942 1702 973 menses

75 1020 162 1051 eos
185 1004 325 1050 iussit
349 1013 638 1061 expectare,
667 1013 715 1049 et
740 1014 790 1049 vt
814 1003 860 1048 in
886 1005 1133 1061 frequenti
1154 1004 1346 1050 interim
1365 1020 1418 1050 se
1436 1004 1701 1050 confessio—

74 1097 135 1128 ne
154 1091 203 1128 et
221 1081 567 1127 communione
588 1090 873 1133 exerceant,
897 1081 1127 1126 hortatus
1146 1091 1235 1127 est.
1258 1081 1466 1127 Vtinam
1486 1082 1701 1138 aliquan-

75 1159 137 1205 do
161 1159 326 1204 diuina
350 1157 562 1215 bonitas,
590 1158 865 1203 antistitum
891 1167 939 1204 et
962 1159 1237 1215 principum
1262 1159 1452 1204 animos
1486 1158 1700 1204 efficaci-

74 1245 151 1283 ter
174 1245 485 1294 promoueat,
510 1246 562 1282 vt
582 1236 732 1282 tantis
750 1237 901 1282 semel
921 1236 967 1281 in
989 1237 1200 1282 veritate
1220 1237 1587 1293 compatiantur
1611 1237 1701 1283 Ec—

77 1313 666 1370 clesiae‘calamitatibus‚
695 1322 743 1359 et
773 1313 1044 1359 subsidium
1074 1314 1270 1370 aliquod
1301 1330 1363 1360 ex
1392 1314 1704 1371 amplissimis

76 1391 167 1437 illis
190 1390 512 1436 facultatibus
536 1406 814 1447 generosae
843 1390 956 1436 huic
986 1391 1225 1436 iuuentuti
1254 1401 1524 1447 praestent,
1558 1407 1699 1448 quae,

77 1468 369 1525 parentibus
393 1477 441 1513 et
466 1483 592 1525 quae
617 1468 780 1513 mundi
806 1467 948 1513 huius
972 1477 1083 1513 sunt
1107 1468 1366 1522 abdicatiS,
1395 1467 1595 1513 Christo
1619 1468 1702 1513 mi-

75 1546 235 1603 litare,
258 1545 362 1591 eius
380 1545 747 1591 sanctissimam
766 1544 909 1591 fidem
931 1545 1060 1601 apud
1079 1545 1298 1590 infideles
1324 1561 1608 1602 propagare
1632 1555 1703 1591 at-

77 1639 171 1680 que
196 1624 259 1669 ab
283 1623 650 1669 haereticorum
675 1623 870 1669 nefaria
894 1623 1172 1668 colluuione
1204 1622 1460 1668 vindicare
1485 1623 1703 1668 cernitur

76 1701 412 1758 paratissima.
441 1700 577 1746 Missi
602 1709 715 1746 sunt
749 1700 948 1757 quidam
982 1716 1045 1746 ex
1064 1700 1167 1746 istis
1187 1700 1415 1756 Romam,
1438 1709 1492 1746 vt
1515 1700 1580 1745 ibi
1605 1716 1703 1745 vna

75 1794 187 1825 cum
211 1779 468 1824 literarum
494 1777 699 1824 scientia
724 1778 909 1824 auitam
933 1778 1064 1823 illam
1090 1778 1326 1835 pietatem
1360 1787 1408 1823 et
1442 1793 1704 1834 synceram

76 1871 316 1902 romanae
356 1864 505 1912 atque
549 1855 826 1901 catholicae
865 1855 976 1901 fidei
1021 1856 1315 1911 doctrinam,
1363 1855 1702 1912 gratissimam

76 1933 323 1991 quondam
348 1932 479 1990 apud
497 1948 765 1990 germanos
784 1941 832 1978 et
852 1933 999 1989 longe
1019 1933 1413 1989 celeberrimam,
1437 1931 1704 1989 perfectius

76 2011 314 2057 imbibant
337 2011 538 2066 altaque
565 2019 729 2055 mente
765 2010 810 2055 in
844 2010 1039 2067 patriae
1074 2010 1450 2055 conuersionem
1473 2025 1561 2055 suo
1586 2018 1702 2056 tem-

75 2104 198 2146 pore
221 2087 580 2134 refundendam
604 2087 799 2133 interim
820 2097 1077 2144 reponant.

134 2167 178 2213 4.
244 2166 352 2211 Non
393 2181 592 2222 possum
632 2165 941 2211 committere
975 2165 1088 2221 quin
1127 2165 1478 2221 discipulorum
1512 2173 1701 2209 nostro-

78 2259 188 2290 rum
213 2242 458 2300 quaedam
483 2243 561 2288 hic
584 2251 953 2299 stratagemata
981 2243 1141 2288 obiter
1176 2251 1456 2295 annectam,
1494 2256 1619 2302 quae
1658 2241 1701 2286 in

79 2320 285 2367 aedibus
309 2329 572 2378 parentum
595 2320 962 2366 haereticorum
984 2320 1188 2366 subinde
1207 2319 1449 2365 factitant.
1474 2319 1705 2364 Nonnulli

78 2414 140 2444 ex
164 2399 235 2444 eis
258 2398 372 2444 dum
398 2414 427 2443 a
451 2398 741 2454 parentibus
768 2397 1028 2444 Ecclesiae
1048 2398 1237 2443 violare
1257 2407 1529 2454 praecepta
1548 2397 1594 2442 in
1618 2412 1705 2442 esu

78 2476 303 2522 carnium
343 2485 391 2522 et
429 2475 667 2521 similibus
706 2476 993 2530 inuitantur,
1039 2476 1115 2521 vel
1153 2475 1384 2521 iubentur
1423 2474 1588 2531 etiam,
1627 2475 1706 2520 vel

79 2554 377 2600 verberibus
401 2563 537 2599 certe
562 2554 849 2612 adiguntur,
877 2554 916 2600 si
939 2553 1021 2600 filii
1055 2555 1262 2599 honesta
1296 2568 1348 2599 se
1383 2553 1705 2599 excusatione

79 2647 177 2677 non
203 2632 371 2677 vident
394 2631 657 2689 proficere,
684 2632 857 2689 fugam
882 2632 1087 2678 subinde
1121 2632 1304 2687 ineunt,
1326 2631 1427 2687 pati
1451 2646 1541 2687 pro
1565 2629 1704 2676 Chri-

81 2718 159 2754 sto
184 2708 367 2754 famem
387 2709 523 2765 prius
546 2709 788 2766 volentes,
814 2725 961 2766 quam
985 2709 1161 2765 iniquis
1179 2717 1440 2765 parentum
1460 2708 1601 2753 iussis
1625 2709 1705 2754 ob-

79 2794 381 2843 temperare.
408 2786 552 2831 Alias
575 2795 741 2832 autem
765 2786 879 2831 dum
903 2802 956 2832 se
975 2785 1274 2832 constrictos
1298 2785 1466 2831 vident
1484 2794 1531 2830 et
1550 2786 1612 2831 ab
1631 2800 1705 2831 as-

79 2862 350 2908 sidentibus
373 2862 420 2907 in
446 2878 616 2909 mensa
640 2863 687 2908 vi
714 2864 929 2920 quadam
954 2863 1252 2919 detinentur,
1286 2862 1548 2908 comedere
1571 2878 1624 2908 se
1647 2862 1705 2908 si-

79 2940 284 2996 mulant,
311 2940 427 2985 nihil
451 2940 650 2986 interim
674 2941 1022 2999 deglutientes,
1059 2940 1145 2986 sed
1179 2949 1289 2986 arte
1323 2939 1537 2997 quadam
1570 2940 1707 2986 cibos

80 3017 263 3063 vetitos
286 3017 555 3064 eiicienteS.
583 3018 726 3065 Alias
758 3035 882 3064 vero
918 3017 1255 3063 infirmitatem
1289 3017 1592 3075 simulantes,
1627 3018 1706 3065 vel

79 3094 260 3140 famem
285 3104 424 3141 certe
444 3095 826 3154 dissimulantes,
854 3104 968 3141 ante
992 3110 1178 3141 coenae
1208 3095 1382 3141 horam
1416 3103 1610 3141 mature
1644 3095 1706 3140 ad

85 3173 299 3230 quietem
321 3187 374 3219 se
392 3172 651 3231 recipiunt.
