2051 3516
601 330 877 369 1.—CoLoxlA
904 330 950 365 25
978 322 1090 365 Auo.
1124 327 1213 363 1556
1645 317 1667 361 3

96 436 101 439 “
148 430 190 475 4.
258 416 352 474 Mr.
390 427 638 473 Henricus
663 425 930 483 Dionysius
953 410 1434 469 ‘dominicisdiebus'
1457 420 1715 465 conciona-

86 517 167 553 tur
191 506 237 552 in
262 506 478 563 quadam
513 505 726 550 ecclesia
750 506 780 556 ¹3
808 502 902 547 Mr.
931 501 1152 560 joannes
1182 497 1392 544 Rethius
1415 504 1432 524 ²³
1456 497 1627 542 diebus
1652 496 1716 541 fe·

88 584 176 630 stis
199 598 308 630 cum
332 581 463 627 omni
487 579 845 627 satisfactione.
880 578 1118 634 Magnum
1153 576 1281 621 enim
1302 575 1498 620 *habent
1532 573 1718 618 audito-

91 662 234 707 rium.
1599 649 1602 651 Δ

177 737 269 782 Mr.
284 736 585 782 Franciscus
603 736 634 789 2,
657 734 752 779 iam
771 733 910 779 breui
930 732 976 777 in
996 729 1359 776 mathematicis
1377 727 1558 785 aliquid
1578 743 1720 783 prae-

89 815 238 871 leget,
265 814 312 859 in
336 813 552 870 gratiam
575 811 927 864 studiosorum,
954 809 1081 854 solet
1114 817 1162 852 et
1196 807 1299 864 ipse
1322 805 1488 862 Magr.
1516 804 1719 849 Franci-

89 906 202 936 scus
220 900 362 936 sexta
379 889 507 935 feria
526 889 657 934 domi
676 897 880 933 nostrae
900 885 1131 931 studiosis
1150 883 1438 941 germanice
1462 882 1721 928 conciona-

91 967 149 1024 ri,
176 977 227 1012 ut
250 965 594 1024 germanicam
625 965 846 1021 linguam
880 962 1106 1008 addiscat
1129 961 1165 1018 b3
1200 960 1383 1006 eisdem
1413 959 1585 1004 diebus
1614 958 1723 1003 aliis

90 1059 237 1089 unam
260 1050 276 1071 ⁰
302 1043 562 1088 lectionem
602 1042 647 1086 in
687 1040 946 1086 dialectica
985 1039 1120 1084 facit.
1163 1038 1328 1094 Magr.
1369 1036 1589 1096 Joannes
1627 1035 1721 1080 Re-

91 1121 218 1166 thius
243 1136 330 1178 per
355 1121 533 1165 horam
559 1134 707 1164 unam
733 1117 1037 1163 rhetoricam
1056 1116 1217 1161 docet.

149 1199 192 1243 5.
261 1197 492 1254 Quatuor
516 1196 764 1242 studiosos
795 1193 1061 1240 Societatis
1085 1193 1298 1238 Romam
1323 1191 1558 1244 misimus,
1595 1189 1723 1247 quod

91 1275 321 1335 precibus
350 1274 512 1320 multis
536 1274 869 1331 impetrarunt
893 1287 923 1317 a
947 1271 1103 1323 nobis;
1131 1285 1337 1315 numero
1361 1254 1524 1315 adhuc
1562 1268 1615 1313 15
1648 1283 1720 1313 re-

94 1368 366 1408 manemus,
395 1352 609 1409 quinque
633 1351 923 1397 sacerdotes
947 1360 995 1394 et
1018 1348 1046 1393 9
1069 1347 1336 1394 Societatis
1359 1346 1581 1397 studiosi,
1608 1360 1721 1391 cum

86 1438 266 1476 'nostro
292 1445 467 1486 coquo.
498 1429 575 1474 Ex
609 1429 713 1474 istis
749 1443 838 1473 suo
872 1437 1099 1483 tempore
1133 1426 1293 1471 adhuc
1327 1423 1475 1480 aliqui
1510 1423 1726 1468 Romam

93 1508 364 1562 mittentur,
392 1517 444 1552 ut
468 1506 549 1552 alii
573 1506 620 1551 in
644 1521 817 1551 eorum
837 1505 999 1550 locum
1037 1502 1188 1559 recipi
1224 1501 1425 1559 possint,
1464 1500 1543 1557 qui
1577 1499 1727 1545 etiam

95 1585 333 1631 Societati
358 1600 409 1630 se
433 1585 642 1630 libenter
666 1583 858 1628 darent.
881 1581 1010 1627 Tres
1028 1580 1372 1626 adolescentes
1391 1577 1728 1625 buscoducen-

96 1678 174 1708 ses
194 1662 225 1719 ³,
252 1678 314 1707 ex
333 1661 504 1719 primis
523 1660 754 1717 ciuitatis,
777 1658 1031 1705 nobiscum
1052 1668 1180 1714 sunt,
1202 1672 1410 1713 quorum
1428 1671 1553 1700 unus
1572 1654 1628 1700 23
1646 1670 1729 1700 an-

94 1755 270 1785 norum
305 1738 403 1784 iam
438 1737 679 1784 exercitia
712 1735 988 1793 spiritualia
1022 1733 1237 1780 absoluit
1272 1748 1456 1790 magno
1481 1747 1601 1777 cum·
1628 1731 1728 1776 fru-

97 1827 193 1872 ctu,
217 1815 298 1873 qui
317 1831 428 1861 cum
448 1824 597 1860 antea
614 1824 748 1859 totus
767 1813 1042 1858 mundanus
1062 1821 1211 1867 esset,
1234 1820 1286 1855 ut
1304 1810 1445 1855 huius
1464 1809 1629 1854 mundi
1647 1824 1728 1853 no-

98 1894 218 1939 biles
242 1909 352 1939 esse
371 1898 471 1949 pro
495 1906 695 1949 magna
709 1895 862 1948 parte
886 1889 904 1916 <¹
926 1890 1099 1945 solent,
1122 1889 1189 1934 ita
1208 1897 1428 1933 mutatus
1447 1896 1536 1943 est,
1563 1895 1613 1931 vt
1632 1902 1729 1931 om-

97 1986 183 2017 nes
207 1985 297 2016 sua
320 1970 595 2015 humilitate
619 1978 667 2014 et
690 1968 954 2014 alacritate
978 1967 1025 2012 in
1050 1965 1264 2012 Domino
1288 1965 1488 2010 uincere
1512 1979 1572 2010 ac
1591 1980 1730 2021 supe-

101 2064 217 2094 rare
240 2048 485 2094 uideatur.
514 2046 726 2104 Optimis
749 2045 1065 2091 naturalibus
1097 2044 1307 2089 dotatus
1339 2052 1415 2088 est
1437 2049 1473 2099 ⁶³,
1500 2051 1615 2088 ante
1649 2058 1731 2087 an-

100 2142 188 2172 nos
213 2135 426 2183 quatuor
452 2124 660 2170 Louanii
681 2122 1065 2179 methaphisicus
1085 2120 1190 2166 fuit.
1212 2120 1407 2177 Reliqui
1428 2121 1522 2165 duo
1541 2118 1731 2164 nobiles

101 2203 253 2261 ipsius
296 2203 508 2260 uestigia
551 2212 753 2248 strenue
796 2200 1066 2256 imitantur,
1114 2209 1162 2244 et
1206 2207 1442 2256 quantum
1493 2196 1729 2253 intelligo,

103 2280 252 2326 etiam
291 2291 408 2326 uoto
447 2279 859 2326 scholasticorum
895 2293 946 2322 se
981 2275 1353 2322 confirmarunt.
1391 2274 1489 2319 Iste
1523 2283 1570 2318 et
1604 2273 1732 2319 alter

104 2358 315 2404 duorum
339 2367 453 2404 sunt
476 2366 649 2402 nostro
672 2356 945 2401 Francisco
971 2356 986 2378 4
1011 2354 1252 2411 sanguine
1284 2352 1449 2398 iuncti.
1478 2352 1619 2395 Alius
1653 2365 1733 2395 no-

104 2437 213 2485 bilis
238 2435 456 2482 eiusdem
480 2433 697 2480 ciuitatis
722 2433 819 2478 iam
844 2431 983 2478 breui
1009 2431 1169 2476 aderit
1191 2430 1347 2475 nobis.

164 2515 205 2562 6.
275 2511 548 2569 Speramus
571 2511 709 2568 quod
729 2509 1130 2555 buscoducenses
1155 2507 1295 2553 breui
1314 2506 1452 2550 nobis
1473 2504 1735 2560 collegium

153 2666 172 2685 a
222 2665 261 2700 in
281 2663 374 2700 alia.
430 2662 494 2688 —b
521 2661 680 2708 plenius
699 2659 889 2695 addiscat.
945 2665 1006 2684 -c
1034 2670 1114 2693 una
1135 2667 1214 2692 ms.
1270 2654 1334 2680 ed
1362 2653 1592 2696 plurimum.

156 2732 172 2752 e
224 2729 394 2760 naturae
415 2721 572 2758 dotibus
591 2724 756 2756 ornatus
775 2724 848 2755 est.

157 2858 167 2877 ¹
218 2855 434 2901 Templum
453 2852 564 2890 Stae.
584 2839 790 2897 Agathae.
812 2849 898 2885 Lz’t.
920 2847 1172 2894 Quadrima„
1192 2844 1265 2886 IV,
1286 2844 1367 2881 551.

157 2916 170 2936 ²
220 2914 460 2951 Franciscus
480 2911 689 2952 Costerus,
712 2907 1024 2946 mechliniensis.
1056 2906 1289 2949 Pomxctrs,
1324 2905 1399 2940 loc.
1433 2903 1514 2948 cit.,
1549 2902 1622 2945 VI,
1655 2902 1736 2946 418,

111 2981 151 3013 et
169 2974 336 3019 420-421;
359 2973 496 3019 Epist.
519 2971 657 3011 Μαί,
680 2969 733 3010 V,
755 2970 835 3006 450.

158 3035 171 3054 ²
221 3033 283 3070 Ex
303 3032 445 3080 oppido
463 3030 700 3067 Buscoduca
727 3029 774 3073 ('s
802 3025 1152 3072 Hertogenbosch,
1183 3023 1444 3067 Bois-le-duc)
1472 3024 1512 3059 in
1544 3022 1739 3059 Neerlan-

112 3094 189 3130 dia.
211 3093 275 3130 De
295 3092 356 3129 his
375 3091 423 3128 cf.
447 3091 583 3136 Epist.
606 3090 743 3133 le'xt.‚
765 3089 839 3124 loc.
862 3087 943 3125 cit.,
965 3084 1034 3120 482
1052 3097 1138 3130 sqq.

159 3154 173 3172 ‘¹
222 3151 463 3188 Franciscus
482 3149 739 3190 Hemerolus,
760 3144 1084 3182 buscoducensis.
1106 3142 1338 3187 POLANCUS,
1359 3143 1434 3179 loc.
1457 3142 1538 3187 cit.,
1559 3141 1627 3181 III,
1655 3139 1737 3176 267.
