2051 3516
389 270 458 306 850
852 270 1070 307 LITTERAE
1095 269 1449 315 QUADRIMESTRES

430 370 717 426 Inscriptio.
744 376 772 426 †
795 370 1076 416 Admodum
1100 370 1213 416 R.‘¹⁰
1236 372 1282 417 in
1307 370 1461 417 Chro.
1495 371 1631 417 Patri
1664 372 1770 418 Μ.ῐο
1804 372 1962 430 Jacob

343 447 563 504 Laynez,
591 447 875 504 praeposito
899 448 1122 505 generali
1145 447 1410 494 Societatis
1434 447 1568 507 Jesu.
1595 448 1802 495 Romae.

432 523 651 569 Polcmci
672 538 848 570 manu.
876 525 1195 571 Emendatae.

1096 724 1210 776 208

777 854 1052 901 GASPAR
1084 854 1180 900 DE
1212 853 1536 900 SALAZAR

814 977 1029 1004 COMPLUTO
1054 966 1101 1003 30
1126 976 1322 1003 OCToBRls
1351 966 1442 1003 1558
1470 968 1494 1004 ¹.

344 1065 375 1100 1.
399 1062 549 1100 Status
568 1063 739 1109 collegii
750 1067 1005 1109 prosperus·
1022 1063 1226 1100 exercitia
1246 1064 1285 1098 et
1303 1062 1395 1098 alia
1423 1063 1669 1099 ministeria
1695 1062 1969 1108 spiritualim

413 1133 625 1159 numerus
655 1126 918 1167 nostrorum,
948 1121 1167 1166 valetudo,
1194 1120 1395 1158 studium
1418 1121 1806 1167 perfectionis-2.
1832 1121 1965 1167 Magi-

415 1186 503 1219 ster
518 1182 638 1219 Desa
657 1182 1034 1228 disputationibus
1052 1181 1311 1226 theologicis,
1334 1180 1385 1216 P.
1407 1180 1568 1218 Petrus
1595 1181 1791 1218 Sanclzez
1818 1181 1967 1227 dispu-

414 1242 652 1279 tationibus
667 1243 982 1289 philosophicis
1000 1241 1123 1278 domi
1136 1239 1372 1287 praesidet,
1395 1251 1559 1286 magius
1579 1245 1829 1278 nostrorum
1850 1241 1965 1277 utili-

418 1304 504 1338 tate
522 1305 561 1338 et
579 1305 855 1339 externormn
875 1299 1277 1347 aedificatione—3.
1297 1299 1364 1335 De
1382 1299 1482 1336 Dsis
1518 1300 1705 1345 Vergara
1737 1300 1966 1346 beneficen-

418 1363 479 1397 tia
505 1372 604 1407 erga
625 1362 973 1407 collegz‘2.mz.—4.
1005 1361 1196 1397 Litteras
1215 1358 1561 1405 quadrimestres
1580 1360 1852 1406 reliquarum
1867 1364 1963 1405 pro-

415 1421 666 1457 vinciarum
687 1421 1004 1466 conzplzttenses
1023 1420 1290 1457 desiderant.

407 1515 444 1559 1.
505 1518 531 1569 †
553 1514 648 1561 Ihs.
675 1515 794 1572 Muy
817 1515 927 1562 R.d⁰
951 1516 1028 1562 Re
1047 1533 1155 1563 nro.
1183 1533 1243 1563 en
1274 1517 1425 1563 Chro.
1463 1516 1539 1562 La
1576 1515 1751 1572 gracia
1773 1530 1805 1571 y
1828 1528 1968 1559 amor

346 1599 517 1636 eterno
547 1591 605 1637 de
645 1590 841 1638 Christo
875 1603 1075 1639 nuestro
1110 1593 1270 1639 Sefior
1302 1609 1388 1640 sea
1422 1593 1634 1650 siempre
1667 1607 1726 1637 en
1764 1599 1966 1636 nuestro

348 1668 578 1714 continuo
597 1668 758 1715 fabor.
784 1669 962 1716 Amen.
990 1671 1064 1716 Lo
1088 1687 1179 1728 que
1198 1687 1251 1717 se
1271 1671 1438 1728 ofreee
1457 1685 1549 1727 que
1569 1668 1738 1715 auisar
1761 1683 1790 1714 a
1814 1667 1880 1713 V.
1902 1666 1963 1713 R.

347 1745 554 1801 despue's
577 1745 706 1791 dela
729 1747 899 1792 Vltima
923 1748 954 1804 ²,
991 1748 1048 1792 de
1084 1749 1156 1792 las
1190 1764 1335 1793 cosas
1374 1747 1510 1793 deste
1544 1746 1752 1804 eolegio‚
1788 1760 1841 1790 es
1874 1759 1967 1801 que

346 1837 437 1878 por
461 1823 508 1867 la
531 1822 725 1867 bondad
749 1823 825 1868 del
848 1821 1007 1869 Sefior
1033 1825 1176 1870 todas
1209 1826 1282 1870 las
1305 1839 1450 1870 cosas
1484 1824 1575 1881 del,
1613 1825 1721 1868 ansi
1744 1822 1966 1879 spiritua-

347 1899 418 1944 les
441 1913 582 1944 como
605 1900 921 1957 temporales,
949 1916 1045 1945 van
1069 1916 1184 1957 muy
1217 1901 1463 1947 adelante.
1490 1899 1716 1957 Siempre
1739 1914 1803 1955 ay
1827 1913 1967 1943 exer-

348 1976 557 2021 citantes
579 1992 611 2032 y
633 1976 811 2021 mucha
835 1986 983 2033 gente
1008 1993 1099 2033 que
1123 1977 1272 2023 desea
1295 1993 1352 2023 su
1381 1975 1853 2034 aproueehamiento
1877 1974 1969 2031 spi-

348 2053 511 2098 ritual.
533 2053 580 2098 A
600 2053 832 2098 eonfesar
850 2070 881 2110 y
899 2054 1163 2111 eomulgar
1182 2055 1372 2100 aeuden
1390 2063 1556 2100 tantos
1575 2069 1668 2110 que
1687 2053 1760 2098 los
1779 2051 1969 2097 Padres

349 2131 484 2175 deste
503 2130 695 2187 colegio
718 2146 780 2175 no
800 2131 991 2188 pueden
1014 2132 1221 2187 eumplir
1245 2147 1335 2177 eon
1356 2132 1514 2176 todos.
1536 2126 1763 2187 Algunos
1786 2129 1968 2174 desean

348 2223 431 2253 ser
455 2208 711 2253 reeebidos
735 2223 795 2253 en
819 2208 866 2253 la
890 2207 1180 2265 Compafn'a.
1211 2208 1284 2254 En
1309 2218 1413 2254 este
1437 2208 1632 2265 eolegio
1667 2209 1806 2252 este'm
1830 2214 1969 2251 entre

349 2283 536 2329 Padres
557 2301 589 2341 y
612 2285 875 2330 hermanos
900 2287 1005 2330 meis
1029 2285 1087 2330 de
1111 2295 1354 2342 quarenta
1373 2302 1403 2342 y
1422 2295 1614 2342 quatro.
1639 2283 1843 2339 Tienen,
1865 2282 1967 2339 glo-

351 2361 424 2406 ria
449 2362 496 2405 al
519 2360 695 2417 Sefior,
723 2361 880 2417 salud,
907 2377 1100 2418 aunque
1123 2371 1226 2407 tres
1249 2378 1277 2406 o
1302 2371 1477 2408 euatro
1503 2361 1562 2406 de
1596 2361 1668 2405 los
1692 2375 1786 2416 que
1820 2358 1968 2403 vinie-

352 2452 440 2482 ron
461 2438 518 2483 de
542 2438 589 2483 la
612 2438 884 2494 probaeidn
908 2437 967 2483 de
986 2437 1262 2495 Simancas,
1284 2442 1424 2484 esta'm
1443 2438 1656 2494 siempre
1675 2437 1965 2482 achaeosos.

350 2514 398 2559 A
420 2515 562 2559 todos
585 2514 656 2559 les
679 2514 741 2560 da
765 2524 966 2560 nuestro
991 2513 1151 2560 Seflor
1175 2515 1366 2571 grande
1406 2515 1553 2560 deseo
1589 2514 1648 2559 de
1681 2529 1737 2558 su
1761 2527 1968 2569 aproue—

352 2717 529 2754 seruello
547 2716 776 2762 ganardo...
799 2715 842 2754 Si
858 2721 999 2763 questo
1017 2718 1162 2765 jouene
1182 2720 1244 2752 sta
1258 2716 1371 2752 saldo
1390 2720 1430 2752 et
1449 2716 1480 2752 si
1496 2720 1669 2759 matura,
1687 2714 1719 2751 si
1738 2713 1902 2751 farebbe
1918 2726 1969 2749 vn

352 2776 458 2812 buon
483 2776 753 2823 supposito...»
787 2775 903 2820 Quod
934 2776 989 2812 ita
1020 2775 1205 2812 evenisse
1234 2774 1443 2811 didicimus
1474 2787 1523 2811 ex
1554 2773 1966 2817 SAccmNo-Possmo,

354 2836 517 2872 Histor.
549 2835 638 2871 Soc.
659 2835 801 2881 jesu„
830 2840 935 2881 part.
970 2834 1023 2879 V,
1053 2834 1119 2871 lib.
1146 2833 1217 2876 In,
1246 2846 1284 2870 n.
1316 2834 1374 2877 53,
1403 2833 1452 2870 ad
1480 2846 1631 2870 annum
1664 2832 1766 2877 1583,
1789 2832 1856 2868 ubi
1884 2832 1969 2879 ejus

354 2895 525 2931 emortui
544 2894 722 2940 elogium
741 2894 926 2931 habetur.

401 2956 411 2974 ¹
462 2953 525 2989 Ex
543 2953 807 2999 autographo,
829 2958 872 2989 ut
890 2952 1064 2998 videtur,
1084 2952 1125 2988 in
1143 2951 1278 2988 codice
1298 2951 1426 2998 Hisp.
1451 2951 1517 2996 96,
1545 2950 1568 2987 2
1594 2950 1653 2995 ff„
1680 2963 1746 2988 nn.
1779 2949 1857 2992 194,
1888 2949 1966 2994 195;

354 3013 464 3060 prius
481 3012 563 3049 357.

401 3072 414 3091 ²
464 3071 571 3108 Vide
591 3071 788 3118 superius,
809 3083 902 3118 pag.
922 3070 992 3108 716
1008 3083 1093 3118 sqq.
