2051 3516
586 282 997 318 14S.—ING0Ls>rAD10
1027 281 1069 317 18
1095 281 1256 317 MAR‘rn
1287 281 1376 317 15:ss
1685 280 1754 316 573

174 378 246 423 xit
280 378 417 423 Deus
451 388 503 423 ut
537 377 767 433 opinioni,
795 393 938 434 quam
974 376 1033 421 de
1067 376 1206 421 nobis
1236 387 1620 434 concoeperunt,
1655 376 1803 434 digne

174 455 582 511 respondeamus.

231 532 274 577 3.
341 530 484 576 Nunc
509 531 567 576 de
592 531 875 576 domesticis
894 545 1163 588 puerorum
1183 530 1364 575 scholis
1389 531 1555 587 aliqua
1581 530 1801 575 breuiter

171 609 479 653 subnectam.
508 607 764 663 Frequens
789 608 940 664 igitur
963 617 1036 652 est
1060 606 1122 651 ad
1147 622 1232 651 eas
1257 622 1523 662 puerorum
1556 607 1796 664 accessio,

172 685 218 729 in
242 694 344 729 tres
368 693 536 730 autem
562 684 865 740 potissimum
901 685 1085 729 classes
1116 693 1227 728 sunt
1252 683 1561 733 distributae,
1590 698 1800 740 quarum

174 777 498 818 unaquaeque
550 762 804 818 proprium
854 761 945 807 sibi
999 772 1377 817 praeceptorem
1434 761 1677 806 uendicat.
1725 761 1802 807 Ea

171 849 335 883 autem
372 838 668 894 praecl‘jmcz
691 844 707 864 ²¹
740 848 814 883 est
853 846 1139 882 nostrorum
1164 837 1300 881 circa
1325 836 1432 881 illos
1456 853 1594 890 cura,
1622 848 1673 882 ut
1697 838 1800 893 pri-

171 929 314 960 mum
340 915 478 960 bonis
503 915 721 960 moribus
746 931 804 960 ac
829 914 1075 960 catholica
1102 914 1341 970 religione
1367 914 1667 971 imbuantur,
1691 924 1800 971 post

170 1007 292 1036 uero
341 1001 391 1037 ut
436 992 482 1036 in
528 992 703 1036 litteris
747 991 1025 1048 proficiant.
1074 989 1388 1053 Confitentur
1432 991 1583 1048 igitur
1632 1007 1800 1037 mense

170 1069 404 1125 quolibet,
433 1084 633 1114 sacrum
665 1069 901 1125 quottidie
936 1078 1231 1113 reuerenter
1265 1067 1485 1124 audiunt,
1524 1069 1801 1114 doctrinam

168 1146 417 1202 xpianam.
447 1146 710 1202 diligenter
745 1146 1046 1202 perdiscunt,
1084 1154 1229 1190 orant
1263 1145 1516 1202 quottidie,
1553 1145 1797 1203 concioni,

169 1239 295 1280 quae
334 1223 396 1268 ad
437 1223 546 1268 illos
586 1223 973 1268 hebdomadibus
1012 1222 1220 1279 singulis
1262 1222 1492 1278 habetur,
1536 1223 1796 1281 intersunt3

166 1309 523 1356 praeceptores
548 1309 716 1345 autem
739 1316 855 1345 suos
882 1301 1086 1345 multum
1110 1308 1409 1344 reuerentur
1433 1310 1480 1344 et
1506 1300 1728 1357 diligunt,
1752 1309 1801 1345 et

168 1392 295 1433 quae
319 1386 496 1422 contra
529 1392 619 1422 nos
653 1377 856 1422 heretici
892 1376 1138 1431 effutiunt,
1166 1376 1259 1421 illis
1294 1377 1532 1421 referunt.
1561 1377 1614 1421 In
1646 1376 1800 1422 literis

168 1464 335 1499 autem
360 1470 456 1499 non
487 1454 730 1499 modicam
765 1455 905 1499 nobis
939 1454 998 1498 de
1033 1469 1085 1499 se
1120 1454 1235 1510 ipsis
1269 1470 1407 1510 spem
1442 1454 1699 1511 praebent,
1738 1454 1801 1499 ad

167 1532 404 1577 lectiones
443 1532 571 1577 enim
610 1532 884 1577 audiendas
923 1532 1120 1577 assidue
1160 1531 1475 1589 conueniunt,
1514 1532 1799 1588 disciplinae

167 1610 315 1655 etiam
340 1610 588 1655 humiliter
621 1611 842 1655 subsunt.
872 1610 1061 1655 Diebus
1091 1619 1258 1655 autem
1282 1610 1526 1655 anteactis
1562 1625 1657 1654 non
1692 1610 1799 1654 obs-

165 1703 288 1732 cura
326 1703 530 1732 suorum
566 1687 879 1744 ingeniorum
914 1687 1093 1732 indicia
1128 1687 1354 1732 omnibus
1389 1687 1646 1744 dederunt,
1685 1687 1800 1732 dum

166 1773 275 1820 post
298 1773 527 1809 ornatam
551 1764 831 1809 orationem
854 1780 884 1809 a
909 1765 1120 1821 quodam
1156 1781 1219 1809 ex
1252 1764 1434 1809 nostris
1460 1764 1701 1809 fratribus
1727 1779 1798 1809 Ve-

166 1841 379 1886 cl'tatam
410 1841 446 1897 ¹³,
473 1857 662 1898 graeca
687 1850 735 1886 et
759 1841 911 1887 latina
946 1841 1171 1886 carmina
1208 1842 1428 1898 pluribus
1456 1842 1800 1887 assistentibus

164 1917 209 1962 in
235 1934 420 1975 magna
445 1918 784 1964 uniuersitatis
808 1918 995 1975 schola,
1023 1919 1176 1964 multa
1201 1928 1465 1964 uenustate
1501 1920 1798 1975 pronuncia-

166 2003 295 2052 runt;
325 1995 416 2040 etsi
440 2011 499 2040 eo
524 2011 587 2040 ex
611 1995 746 2040 facto
771 2004 960 2040 tantam
997 1995 1087 2040 sibi
1124 1995 1366 2052 magister
1401 1996 1598 2052 quidam
1627 2004 1642 2022 ς
1667 2012 1797 2041 moe-

164 2071 293 2116 roris
323 2072 636 2117 occasionem
671 2072 953 2129 sumpserit,
989 2082 1038 2117 ut
1073 2087 1225 2129 usque
1255 2073 1317 2118 ad
1352 2082 1589 2118 externas
1624 2073 1798 2118 lachri-

164 2164 271 2193 mas
305 2149 608 2205 proruperit,
647 2150 777 2206 quod
811 2149 1041 2195 uidelicet
1071 2150 1232 2195 locum
1258 2160 1398 2195 tanta
1425 2151 1707 2196 reuerentia
1733 2151 1796 2196 di-

165 2241 334 2282 gnum,
362 2225 445 2271 ubi
467 2225 753 2282 grauissimi
777 2226 996 2271 homines
1021 2227 1351 2283 grauissimas
1376 2226 1656 2283 disciplinas
1687 2242 1798 2283 pro-

165 2302 310 2361 fiteri,
336 2312 384 2348 et
408 2303 454 2348 in
479 2319 575 2360 quo
601 2303 784 2349 celebri
815 2303 1075 2349 doctorum
1113 2304 1334 2349 uirorum
1370 2319 1605 2349 consessu
1630 2304 1796 2349 docto-

163 2396 244 2426 res
268 2396 329 2426 ac
351 2381 580 2438 magistri
606 2397 790 2438 magna
814 2397 925 2427 cum
951 2381 1192 2438 dignitate
1212 2381 1376 2427 creari
1402 2381 1793 2440 consueuissent3

161 2473 434 2514 puerorum
460 2469 749 2504 nostrorum
775 2459 1207 2505 decantationibus
1232 2459 1547 2504 dehonestari
1583 2459 1795 2504 arbitra-

163 2544 318 2582 retur.
347 2535 537 2581 Uerum
571 2552 667 2581 non
701 2536 781 2581 diu
816 2536 959 2582 dolor
994 2536 1073 2582 ille
1108 2537 1272 2582 animo
1307 2537 1412 2582 eius
1446 2536 1673 2593 inhaesit,
1710 2536 1797 2582 sed

161 2613 310 2669 paulo
336 2622 447 2670 post
471 2613 553 2670 (ad
577 2629 629 2659 se
654 2614 909 2671 reuersus)
934 2614 1237 2659 sedatiorem
1262 2614 1478 2659 animum
1500 2613 1733 2670 possedit.

221 2691 263 2735 4.
330 2689 421 2735 His
451 2690 600 2736 etiam
626 2691 985 2737 bachanalibus
1024 2691 1331 2736 comoediam
1367 2691 1615 2748 quandam
1650 2695 1797 2736 tanta

163 2768 420 2826 dignitate
443 2767 461 2794 d
487 2767 626 2825 pueri
652 2769 807 2813 nostri
829 2770 1247 2826 prommtz'ammt
1267 2776 1297 2822 e,
1321 2778 1372 2813 ut
1396 2769 1459 2814 ad
1484 2784 1593 2813 eam
1618 2770 1798 2814 iterum

163 2845 481 2890 referendam
516 2845 561 2890 in
597 2845 840 2902 publicam
876 2846 1092 2891 ciuitatis
1127 2846 1324 2890 domum
1360 2845 1543 2891 fuerint
1578 2846 1793 2892 euocati:

209 3043 227 3064 ἃ
285 3037 426 3084 prima.
482 3036 546 3064 —b
582 3036 904 3083 pronunciatam.
961 3044 1020 3063 ——C
1069 3036 1231 3083 quidam
1251 3042 1457 3074 externus.
1511 3036 1577 3063 ——d
1611 3043 1693 3073 tam
1713 3039 1796 3074 ele-

163 3101 320 3142 ganter.
375 3104 437 3123 -e
474 3102 660 3142 egerunt.
