2051 3516
498 291 791 328 196.-Bmzffls
815 290 862 326 ⁴24
889 289 1151 327 SEPTEMBRIS
1182 286 1272 323 1558
1583 285 1652 321 809

60 389 259 446 pietatis
279 387 534 443 obsequia,
556 386 770 432 defuncti
798 385 969 430 fratris
993 383 1231 440 exequias
1253 381 1395 439 justis
1422 380 1697 425 honoribus

63 475 445 522 prosequuntur.
474 464 668 508 Adiecit
693 464 887 508 demum
913 460 1182 507 cardinalis
1207 474 1329 517 quas
1354 457 1513 514 potuit
1539 456 1693 501 indul-

61 542 272 599 gentias,
301 557 395 597 quo
421 541 582 596 magis
607 541 669 584 ad
694 555 805 584 eam
841 555 943 584 rem
979 551 1183 583 suorum
1219 536 1410 581 animos
1445 534 1695 578 incitaret.

63 619 388 675 Compertum
414 617 535 662 satis
560 617 821 662 habuimus
848 626 1085 672 quantum
1110 614 1153 659 in
1177 613 1341 658 multis
1360 611 1551 668 oppidis
1571 620 1618 655 et
1637 610 1700 654 ad

62 694 395 751 expurganda
419 694 609 749 flagitia
635 704 683 738 et
718 693 939 737 homines
974 693 1018 736 in
1055 689 1219 735 officio
1259 687 1584 734 continendos
1619 702 1698 731 res

62 774 156 818 ista
181 771 468 828 profecerit.
1269 755 1272 759 ’

119 849 158 893 Q.
224 848 367 893 Nunc
390 851 486 904 jam
513 848 736 891 dominus
760 845 1028 891 cardinalis
1052 845 1316 900 burgensis
1353 844 1393 887 in
1432 842 1694 898 metropoli

60 937 419 977 commoratur,
450 925 561 969 licet
587 924 783 979 inuitus;
814 922 970 967 morbi
996 922 1140 974 enim,
1181 932 1230 965 ut
1266 921 1529 972 insinuant,
1568 918 1702 963 uiam

61 1005 325 1049 obstruunt
351 1018 410 1046 ne
435 1002 497 1046 ad
521 1016 638 1046 suos
661 1001 896 1046 festinato
922 1014 1097 1055 gressu
1126 1007 1408 1054 procurrat,
1436 997 1696 1041 ecclesias-

61 1096 171 1137 que,
201 1081 239 1125 si
264 1095 387 1135 opus
410 1079 577 1128 fuerit,
605 1077 857 1123 hostiatim
884 1076 1065 1121 uisitet.
1093 1075 1276 1120 Animo
1296 1084 1462 1119 tamen
1491 1089 1580 1129 per
1603 1089 1699 1118 me-

61 1158 168 1202 dias
192 1166 546 1202 montanorum
572 1156 725 1212 niues,
753 1153 975 1199 difficilia
1000 1168 1226 1209 quaeque
1262 1151 1508 1208 peruadit‚
1537 1151 1703 1207 singu-

62 1236 217 1291 lisque
245 1234 410 1289 rebus,
438 1249 565 1289 quae
590 1232 687 1277 illic
711 1240 973 1288 geruntur,
1003 1229 1283 1274 uehementi
1320 1228 1583 1281 desiderio,
1622 1228 1703 1272 ab·

61 1312 185 1356 senti
212 1312 325 1356 licet
349 1325 579 1367 corpore,
607 1323 849 1366 praesens
874 1316 966 1352 est.

124 1389 192 1434 10.
260 1388 362 1433 Nos
388 1387 572 1443 Burgis
596 1396 813 1442 angusta
844 1385 990 1429 domo
1026 1383 1312 1439 premimur;
1352 1390 1498 1426 curat
1533 1391 1701 1425 tamen

60 1467 142 1512 Pr.
172 1465 516 1511 Ferdinandus
541 1465 763 1509 Aluarez
789 1462 936 1507 aliam
961 1462 1253 1517 ampliorem
1290 1469 1375 1504 aut
1411 1474 1578 1504 emere
1615 1468 1703 1503 aut

60 1543 218 1600 pretio
243 1542 540 1588 conducere.
569 1539 789 1586 Studiosi
815 1540 942 1584 enim
964 1537 1117 1583 nostri
1138 1539 1486 1592 eleemosynas
1506 1536 1698 1590 oblatu·

61 1637 160 1676 ros,
189 1621 225 1665 si
252 1636 334 1665 res
358 1636 419 1664 ex
444 1618 688 1664 sententia
720 1616 974 1672 succedat,
1004 1615 1314 1672 pollicentur.
1352 1613 1546 1658 Domus
1580 1628 1697 1669 quo-

61 1715 170 1755 que,
198 1713 344 1754 quam
371 1696 481 1741 hinc
508 1711 602 1740 non
636 1696 781 1751 longe
808 1693 947 1738 nobis
979 1691 1210 1738 aedificat
1235 1691 1533 1736 Benedictus
1556 1689 1703 1747 Vgu-

60 1774 265 1820 chonius
291 1776 321 1829 ¹,
347 1772 447 1830 jam
473 1788 502 1817 a
528 1771 862 1817 fundamentis
889 1785 983 1814 non
1010 1785 1186 1825 parum
1220 1783 1505 1824 emergens,
1534 1767 1706 1823 primis

60 1852 296 1897 tabulatis
342 1850 659 1907 pulchrisque
700 1849 846 1893 enixa
882 1847 1218 1892 marmoribus
1243 1846 1472 1902 e‘rigitur3
1503 1845 1702 1889 ineunte

59 1928 159 1986 jam
179 1938 373 1974 aestate
397 1927 613 1984 aliquam
638 1925 745 1982 ejus
771 1934 963 1982 partem
989 1923 1205 1969 habitari
1226 1938 1371 1979 posse
1393 1920 1704 1967 confidimus.

150 2005 256 2061 His,
287 2003 562 2049 reuerende
588 2003 854 2048 admodum
882 2001 1048 2053 Pater,
1084 2015 1211 2057 quae
1249 2001 1307 2044 de
1345 1999 1531 2044 nostris
1556 1999 1708 2044 rebus

60 2083 282 2128 scribere
305 2081 470 2139 jussus
495 2096 618 2138 sum,
645 2095 795 2125 vnum
821 2079 914 2123 hoc
949 2087 1138 2123 tantum
1175 2077 1373 2132 addam,
1412 2092 1503 2121 nos
1533 2091 1708 2120 omnes

61 2161 260 2206 assiduo
286 2160 605 2204 Maiestatem
625 2158 842 2203 diuinam
861 2156 1140 2213 deprecari,
1164 2155 1385 2212 gratiam
1406 2154 1510 2209 tibi,
1533 2162 1706 2199 nostro

60 2239 277 2283 omnium
317 2237 528 2294 parenti,
567 2235 819 2292 largiatur
856 2234 1178 2287 vberi-imam,
1217 2248 1315 2289 qua
1355 2241 1402 2276 et
1445 2218 1706 2276 Ecclesiae

61 2326 266 2362 sanctae
306 2315 545 2372 prodesse
587 2313 869 2370 plurimum,
912 2322 959 2357 et
1003 2328 1093 2356 nos
1138 2312 1402 2368 omniaque
1442 2319 1617 2354 nostra
1659 2309 1705 2352 in

60 2394 224 2439 Deum
248 2391 365 2449 Opt.
394 2391 529 2437 Max.
558 2391 777 2447 dirigere
802 2389 993 2435 felicius
1018 2389 1193 2445 possis.
1227 2387 1411 2443 Burgis
1434 2386 1462 2432 8
1485 2387 1580 2431 cal.
1610 2384 1706 2431 Oc-

62 2471 235 2516 tObt‘iS.
1593 2462 1597 2468 ¹

152 2546 516 2593 Commissione
562 2544 639 2590 Ri.
690 2544 854 2589 Patris
901 2543 1127 2599 rectoris,
1172 2558 1349 2588 seruus
1394 2552 1442 2587 et
1487 2541 1613 2586 filius
1657 2540 1706 2584 in

65 2624 265 2670 Christo

274 2661 282 2679 ³
814 2689 842 2738 †
875 2679 1107 2739 JoANNes
1142 2679 1458 2724 FERNANDEZ
1493 2683 1518 2729 †
1553 2680 1583 2723 ².

110 2804 119 2822 ¹
172 2802 250 2839 Hic
269 2801 453 2838 fundavit
471 2801 693 2847 collegium
712 2801 752 2836 in
771 2800 915 2847 oppido
935 2799 1136 2842 Billimar,
1158 2810 1282 2845 prope
1302 2797 1446 2834 urbem
1466 2796 1644 2845 Burgos.

109 2862 122 2881 ²
172 2861 217 2897 In
235 2861 424 2907 catalogo
442 2860 607 2906 collegii
626 2859 903 2896 vallisoletani
922 2859 1100 2896 ineuntis
1114 2857 1301 2904 januarii
1323 2856 1415 2893 1565
1432 2857 1534 2893 haec
1562 2857 1707 2904 legun-

62 2928 141 2957 tur:
166 2920 254 2958 «Re
275 2921 414 2957 doctor
427 2919 535 2966 Juan
554 2919 811 2956 Fernandez.
832 2918 873 2955 A
893 2919 994 2956 ocho
1012 2923 1110 2955 anos
1130 2931 1155 2965 y
1174 2918 1196 2953 4
1215 2929 1349 2953 meses
1368 2929 1448 2963 que
1468 2921 1586 2954 entr6
1602 2929 1653 2953 en
1668 2917 1710 2953 la

64 2979 302 3027 Compani'a,
325 2994 349 3028 y
369 2983 455 3016 mas
474 2979 524 3016 de
542 2978 566 3015 6
580 2991 658 3026 que
673 2979 762 3016 hizo
777 2984 871 3016 uoto
888 2979 937 3015 de
955 2978 1155 3015 escholar.
1176 2976 1233 3013 Es
1249 2976 1299 3013 de
1314 2975 1485 3014 Toledo.
1506 2975 1643 3013 Antes
1658 2976 1709 3012 de

63 3045 202 3077 entrar
229 3052 279 3076 en
306 3041 347 3076 la
375 3038 604 3086 Compafii‘a
632 3039 753 3075 habia
780 3039 884 3086 oydo
911 3038 1130 3083 rhetorica,
1150 3036 1174 3074 3
1200 3041 1299 3073 anos
1326 3036 1375 3072 de
1403 3035 1550 3083 griego
1577 3050 1602 3083 y
1632 3039 1710 3082 offa

62 3100 270 3146 ‘theologi‘a
289 3113 314 3147 y
333 3099 497 3144 hebreo,
519 3112 543 3146 y
563 3099 663 3135 hera
680 3098 904 3135 licenciado
925 3111 975 3135 en
1003 3102 1111 3134 artes
1141 3109 1215 3143 por
1242 3095 1408 3133 Aleala.
1438 3095 1630 3142 Despues
1658 3096 1709 3132 de
