2051 3516
370 292 439 327 654
836 290 1052 327 L1rrERAE
1080 290 1433 334 QUADR1MESTRES

326 401 506 430 carcer
550 386 924 442 assumpserat),
972 385 1357 429 dimittebantur:
1415 384 1699 429 mulieribus
1752 399 1947 440 quoque

325 462 586 516 nonnullis,
615 462 856 507 nobilibus
878 462 1071 518 quidem
1106 461 1191 506 sed
1227 461 1445 506 maxima
1480 476 1644 506 rerum
1680 460 1947 506 laboranti-

324 540 415 584 bus
440 539 618 594 inopia,
644 538 766 583 satis
789 553 1050 595 superque,
1079 547 1130 583 ut
1153 537 1390 593 temporis
1413 537 1695 593 patiebatur
1731 537 1943 592 occasio,

325 617 389 661 ab
427 615 671 671 aliquibus
709 624 993 660 nostrorum
1034 614 1237 659 Patrum
1283 613 1683 670 persuasionibus
1721 613 1947 658 adductis

325 692 602 736 consultum
626 700 716 736 est.

382 769 424 813 5.
494 767 604 812 Huc
643 768 792 813 etiam
832 767 1082 824 pertinere
1121 766 1316 812 uidetur
1355 767 1483 822 quod
1522 767 1614 811 hac
1653 766 1946 822 praesertim

325 845 713 901 quadragesima
736 854 807 890 tot
831 844 1209 890 concionatores
1233 859 1295 888 ex
1319 843 1501 889 nostris
1525 844 1587 888 ad
1611 843 1810 888 diuersa
1840 844 1947 888 loca

324 923 525 968 summis
552 922 779 979 precibus
805 922 1210 973 accersebantur,
1239 930 1289 966 ut
1323 922 1362 966 si
1395 920 1691 966 satisfacere
1725 921 1949 965 omnibus

325 1000 633 1045 reuerendus
676 999 758 1044 Pr.
807 1009 974 1044 rector
1019 1000 1027 1022 ¹
1071 997 1203 1043 forte
1247 997 1497 1051 uoluisset,
1545 1013 1686 1042 nemo
1724 997 1948 1053 equidem

325 1076 452 1122 domi
489 1076 568 1132 qui
604 1075 891 1121 necessaria
914 1083 1133 1125 curaret,
1161 1073 1413 1119 adfuisset.
1446 1074 1519 1119 Ac
1548 1073 1664 1118 illud
1697 1089 1792 1129 ego
1827 1073 1948 1118 fate—

325 1154 432 1209 bor,
460 1153 539 1209 qui
574 1152 650 1197 hic
684 1161 828 1197 natus
862 1167 1049 1196 morem
1085 1150 1298 1195 ciuitatis
1331 1151 1484 1206 probe
1518 1149 1647 1205 noui,
1673 1165 1770 1194 non
1804 1149 1947 1194 modo

326 1247 506 1276 nouum
532 1239 579 1275 et
603 1230 871 1274 inauditum
900 1228 1009 1273 mihi
1044 1227 1195 1272 fuisse
1228 1227 1401 1282 uisum,
1429 1227 1513 1271 sed
1539 1227 1667 1283 quod
1699 1242 1948 1282 nunquam

325 1319 474 1353 antea
513 1307 750 1361 futurum,
786 1307 826 1351 si
865 1306 971 1362 quis
1006 1305 1226 1360 dixisset,
1260 1319 1411 1349 ausus
1446 1304 1647 1349 fuissem
1682 1302 1948 1348 affirmare.

327 1383 649 1430 Satisfactum
674 1393 748 1429 est
772 1393 935 1428 tamen
961 1383 1182 1438 pluribus
1207 1398 1351 1438 quam
1378 1371 1711 1426 credidissem.

383 1462 426 1507 6.
493 1461 598 1506 Nec
632 1461 850 1505 reticebo
884 1459 961 1503 hic
998 1459 1125 1515 quod
1160 1467 1269 1514 post
1302 1457 1718 1502 resurrectionem
1754 1456 1951 1501 Domini

326 1538 566 1584 accidisse
591 1553 780 1582 summa
804 1552 914 1581 cum
939 1536 1192 1591 uoluptate
1219 1534 1558 1579 recordamur.
1585 1532 1832 1578 Iubilaeus
1866 1549 1948 1577 nu-

327 1631 414 1672 per
438 1615 499 1659 ad
535 1624 731 1659 nostras
766 1624 935 1669 partes
968 1612 1288 1657 transmissus
1323 1611 1502 1655 multos
1537 1626 1645 1655 cum
1680 1610 1814 1655 uiros
1848 1619 1949 1655 tum
1989 1645 1992 1649 .

325 1691 556 1736 mulieres
581 1690 643 1735 ad
667 1699 865 1734 nostros
889 1688 1087 1744 pellexit
1117 1687 1306 1741 Patres,
1344 1688 1423 1743 qui
1457 1687 1548 1731 etsi
1582 1687 1808 1742 proxima
1832 1702 1946 1742 qua-

327 1767 610 1824 dragesima
643 1766 824 1811 nostris
864 1764 1075 1810 confessi
1116 1764 1478 1809 sanctissimum
1516 1764 1836 1819 sumpsissent
1874 1778 1949 1808 sa-

327 1854 652 1901 cramentum,
680 1858 853 1888 rursus
877 1852 1041 1887 tamen
1067 1842 1110 1886 in
1137 1851 1306 1886 nostro
1331 1842 1528 1897 templo,
1556 1851 1671 1886 tunc
1696 1849 1831 1885 certe
1866 1856 1947 1885 an-

326 1932 491 1977 gustO,
528 1920 711 1966 eisdem
746 1919 958 1964 confessi
995 1918 1202 1963 eundem
1237 1918 1398 1963 cibum
1434 1927 1481 1962 et
1515 1928 1684 1973 potum
1720 1918 1948 1973 degusta-

328 2007 456 2053 runt,
484 2013 606 2053 quos
630 1998 795 2052 plures
819 1996 970 2040 fuisse
995 2004 1165 2039 nostra
1190 1995 1404 2039 omnium
1431 1994 1655 2050 opinione
1688 2010 1781 2038 non
1817 1993 1948 2038 dubi-

326 2085 393 2119 to.
422 2073 495 2119 Sit
519 2074 760 2119 Dominus
779 2073 830 2118 in
855 2073 926 2117 his
950 2072 1172 2116 omnibus
1198 2071 1498 2116 benedictus.

385 2151 425 2196 7.
494 2150 672 2207 Quoad
697 2164 977 2194 mussaeum
1003 2149 1096 2192 hoc
1120 2157 1343 2192 nostrum
1367 2147 1797 2203 studiosorumque
1832 2147 1949 2191 mul-

327 2228 538 2284 tiplicem
574 2227 786 2283 pertinet
818 2225 1033 2280 frugem,
1075 2224 1204 2268 illud
1233 2225 1390 2269 latere
1422 2224 1675 2268 Reueren.
1711 2223 1769 2267 P.
1806 2227 1950 2268 tuam

328 2305 540 2348 minime
565 2304 734 2359 uelim,
761 2302 898 2359 qnod
920 2302 1016 2346 etsi
1036 2302 1252 2356 saepius
1269 2301 1593 2356 scripsimus,
1617 2300 1949 2355 repetendum

327 2381 383 2425 id
403 2385 574 2425 tmm’n
601 2380 837 2424 arbitror.
867 2378 1053 2424 Omnes
1078 2378 1333 2422 scholares
1358 2386 1596 2432 quotquot
1614 2387 1833 2421 nostram
1854 2376 1948 2420 fre-

328 2467 566 2514 quentant
611 2457 936 2511 academiam,
978 2456 1022 2500 in
1068 2455 1168 2499 suis
1212 2455 1415 2510 quisque
1461 2454 1641 2498 scholis
1685 2469 1773 2509 pro
1813 2469 1949 2497 more

327 2545 626 2580 exercentur
651 2550 745 2578 non
771 2534 816 2578 in
842 2532 994 2577 literis
1020 2532 1180 2587 modo,
1207 2531 1293 2575 sed
1319 2531 1465 2587 (quod
1501 2541 1673 2575 nostra
1708 2530 1949 2574 interesse

328 2613 487 2667 magis
512 2610 871 2663 existimamus)
896 2610 938 2653 in
966 2609 1155 2664 spiritu,
1182 2623 1242 2652 ac
1266 2608 1461 2663 optimis
1481 2606 1626 2651 officii
1654 2606 1944 2651 rationibus

329 2690 464 2733 Multi
490 2689 615 2733 enim
641 2688 687 2732 in
712 2687 960 2743 principiis
983 2701 1043 2730 ac
1068 2685 1401 2729 fundamentis
1425 2684 1795 2740 grammatices,
1833 2699 1948 2730 non-

328 2767 441 2810 nulli
467 2767 510 2810 in
538 2765 754 2821 epistolis
779 2762 1128 2819 componendis
1152 2776 1212 2805 ac
1237 2761 1478 2817 uersibus,
1506 2760 1653 2816 aliqui
1686 2760 1729 2804 in
1767 2760 1947 2804 oratio-

329 2844 468 2887 nibus
494 2841 808 2887 lucubrandis
839 2849 1152 2885 exercentur.
1189 2838 1279 2882 His
1313 2838 1559 2882 adduntur
1592 2837 1948 2893 disputationes

327 2920 370 2964 in
398 2920 647 2964 rhetorica
672 2918 936 2974 praecipue
961 2932 1020 2961 ac
1044 2915 1320 2969 dialectica,
1349 2914 1427 2959 ubi
1454 2930 1545 2958 non
1572 2914 1729 2958 solum
1754 2913 1946 2970 quibus-

378 3096 385 3113 ¹
439 3093 482 3129 P.
506 3093 657 3128 Paulus
675 3093 722 3128 de
745 3091 941 3127 Achilles.
