2051 3516
331 292 401 327 572
796 292 1015 329 LITTERAE
1042 294 1345 338 QUADRIMESTR
1355 304 1398 329 Es

281 377 429 430 etiam
468 385 655 441 diebus,
698 388 1044 442 pomeridianis
1080 388 1227 443 horis,
1271 388 1419 432 latine
1460 387 1671 432 uicissim
1711 388 1902 433 concio-

280 474 477 507 nantur.
516 461 699 508 Studiis
733 473 897 509 autem
932 480 1099 509 omnes
1134 464 1416 520 diligentem
1453 480 1655 520 operam
1695 474 1897 510 nauant.

281 537 381 583 Sex
406 554 469 583 ex
492 539 630 583 nobis
655 539 777 584 duas
803 540 1036 585 lectiones
1068 541 1376 596 theologicas
1410 540 1646 595 quottidie
1681 541 1898 594 audiunt,

280 631 429 671 super
474 615 648 671 quibus
693 617 943 672 quottidie,
987 617 1271 662 doctoribus
1310 617 1493 661 nostris
1536 617 1896 683 assistentibus,

280 692 510 747 priuatim
536 692 857 748 disputamus,
885 694 1182 748 easdemque
1217 693 1314 737 alia
1350 693 1474 738 hora
1508 708 1703 749 semper
1729 693 1901 749 repeti-

282 783 403 813 mus.
441 767 660 824 Singulis
698 778 862 814 autem
900 769 1288 815 hebdomadibus
1321 769 1635 824 theologicae
1670 770 1900 814 assertio-

279 861 365 890 nes
410 845 455 889 in
499 845 679 890 scholis
722 845 914 901 publice
958 855 1323 902 proponuntur,
1370 861 1512 902 quae,
1560 846 1901 901 praesentibus

277 921 426 966 etiam
466 922 607 966 huius
646 922 980 968 uniuersitatis
1021 922 1273 978 magistris
1307 937 1367 967 ac
1405 922 1715 978 doctoribus,
1762 923 1901 967 solle-

279 998 436 1042 mnius
461 1004 477 1024 ἃ
506 998 798 1054 quandoque
823 999 1148 1055 disputantur,
1177 1008 1324 1054 atque
1342 999 1475 1043 hisce
1495 999 1666 1044 diebus
1687 999 1899 1055 disputa-

277 1084 359 1120 tae
383 1085 510 1120 sunt.
540 1075 727 1120 Diebus
751 1085 917 1120 autem
943 1076 1116 1133 quibus
1141 1075 1362 1130 publicas
1387 1075 1620 1120 lectiones
1644 1091 1740 1119 non
1764 1075 1899 1120 audi—

278 1167 401 1207 mus,
430 1151 474 1195 in
510 1152 705 1196 casibus
739 1152 1069 1197 conscientiae
1104 1161 1151 1196 et
1185 1151 1454 1196 dialecticis
1488 1151 1898 1206 disputationibus

278 1228 490 1273 uicissim
516 1244 605 1273 nos
629 1244 934 1273 exercemus.
963 1228 1275 1273 institutores
1298 1237 1465 1272 autem
1499 1228 1653 1272 nostri
1678 1237 1791 1273 sunt
1815 1228 1897 1272 do-

277 1316 387 1350 ctor
412 1304 719 1350 Couillonius
747 1304 773 1360 ¹,
801 1305 880 1360 qui
905 1306 1029 1350 sicut
1053 1304 1412 1350 eruditissimus
1437 1313 1510 1349 est
1535 1305 1623 1361 uir,
1652 1305 1719 1349 ita
1744 1305 1894 1349 omni-

276 1381 368 1426 bus
401 1382 500 1426 suis
534 1381 843 1426 auditoribus
878 1381 1019 1437 (quos
1051 1381 1228 1436 plures
1259 1380 1278 1406 b
1307 1380 1474 1436 habet)
1510 1369 1685 1425 mir-um
1720 1381 1767 1425 in
1801 1396 1899 1426 mo-

277 1458 391 1502 dum
441 1457 700 1502 satisfacit.
752 1457 1002 1513 Praelegit
1053 1466 1217 1501 autem
1262 1457 1576 1513 euangelium
1630 1457 1898 1502 secundum

277 1534 567 1589 Mattheum,
595 1545 766 1590 estque
791 1535 919 1590 apud
945 1550 1112 1578 omnes
1138 1549 1353 1590 magnae
1387 1534 1700 1578 auctoritatis
1725 1534 1830 1589 ltin·
1852 1538 1901 1578 et

277 1612 452 1656 doctor
475 1611 792 1656 Hermannus
817 1612 848 1667 ²,
876 1611 952 1667 qui
979 1612 1123 1656 etiam
1149 1627 1243 1655 non
1269 1626 1443 1666 parum
1467 1611 1567 1656 suis
1586 1611 1896 1656 auditoribus

276 1689 454 1744 placet.
492 1687 747 1743 Praelegit
787 1693 959 1733 autem
995 1688 1259 1748 secundum
1300 1688 1477 1732 librum
1512 1688 1739 1743 Magistri
1779 1687 1897 1733 Sen-

276 1764 558 1810 tentiarum.
597 1764 820 1821 Linguas
864 1774 1026 1809 autem
1072 1780 1311 1820 graecam
1353 1769 1400 1809 et
1439 1765 1707 1809 hebraeam
1748 1763 1899 1809 Pater

275 1841 570 1886 Theodorus
605 1841 620 1864 3
655 1840 930 1897 profitetur,
959 1842 1178 1896 duasque
1204 1841 1440 1885 lectiones
1466 1847 1480 1867 ⁶
1508 1840 1769 1897 praelegit.
1798 1839 1900 1885 Sex

275 1927 441 1962 autem
467 1918 546 1962 alii
571 1934 634 1962 ex
657 1917 838 1962 nostris
863 1917 1099 1962 fratribus
1118 1917 1489 1962 humanioribus
1513 1917 1668 1962 literis
1691 1932 1895 1973 operam

274 2004 476 2038 nauant.
504 1994 769 2038 Lectiones
805 1994 1036 2049 priuatim
1072 1994 1288 2049 audiunt,
1316 1995 1495 2050 stylum
1526 1993 1572 2038 in
1603 2009 1896 2049 componen-

275 2071 337 2115 do
362 2080 614 2124 exercent,
642 2086 702 2115 ac
726 2070 925 2126 puritati
961 2071 1158 2127 linguae
1194 2071 1375 2115 latinae
1410 2071 1750 2128 assequendae
1785 2086 1895 2126 ope-

274 2164 382 2193 ram
407 2149 629 2193 sedulam
653 2148 951 2204 impendunt.
978 2147 1030 2192 In
1065 2159 1349 2192 sanctorum
1381 2157 1546 2192 autem
1573 2147 1893 2204 Chatarinae,

275 2222 513 2280 Stephani
558 2233 605 2268 et
648 2224 885 2283 Johannis
930 2224 1299 2268 celebritatibus
1343 2239 1614 2279 earumque
1658 2225 1895 2269 honorem

274 2309 377 2345 tres
400 2316 586 2357 graues
610 2310 758 2356 atque
782 2301 1036 2356 elegantes
1066 2300 1318 2344 orationes
1354 2316 1382 2344 a
1413 2300 1703 2355 quibusdam
1729 2316 1791 2345 ex
1815 2316 1895 2346 no·

272 2378 392 2422 stris
417 2378 656 2422 fratribus
693 2393 873 2433 magno
908 2376 1189 2422 auditorum
1226 2378 1465 2433 applausu
1501 2377 1546 2421 in
1582 2393 1766 2433 magna
1796 2377 1895 2422 uni·

274 2454 527 2499 uersitatis
552 2454 667 2499 aula
692 2454 884 2510 publice
908 2463 1020 2498 sunt
1044 2453 1257 2498 habitae.
1285 2454 1478 2498 Doctor
1502 2469 1696 2511 quoque
1732 2452 1893 2498 Couil-

274 2530 434 2575 lonius
459 2531 503 2575 in
528 2530 803 2575 sacerdotis
826 2529 1082 2575 cuiusdam
1115 2529 1331 2574 defuncti
1355 2530 1609 2586 honorem,
1637 2530 1894 2575 funebrem

273 2607 334 2651 ad
360 2608 593 2664 populum
618 2608 894 2652 orationem
919 2607 1130 2663 quodam
1155 2606 1199 2650 in
1225 2608 1407 2662 templo
1431 2607 1614 2652 habuit.
1642 2606 1785 2651 Unde
1820 2605 1889 2663 fit,

273 2694 325 2727 ut
351 2684 505 2728 nostri
532 2700 628 2728 non
653 2684 879 2729 modicae
902 2683 997 2728 sint
1021 2684 1149 2739 apud
1176 2698 1344 2728 omnes
1378 2683 1770 2729 existimationis.
1798 2683 1921 2728 Fa-.

321 2839 337 2857 2¹
406 2832 622 2867 solennius.
677 2831 743 2858 —b
787 2844 866 2868 non
885 2844 1044 2878 paucos.
1100 2837 1160 2857 ——C
1205 2830 1397 2867 lectiones
1418 2831 1608 2877 quotidie.

323 2970 331 2987 ¹
383 2968 431 3004 P.
453 2968 630 3014 joannes
651 2968 920 3005 Couillonius.

321 3029 332 3045 ”·’
384 3027 428 3063 Ρ.
450 3027 711 3063 Hermannus
730 3027 960 3074 Thyraeus.

319 3086 331 3105 ε
384 3086 427 3123 P.
449 3086 686 3123 Theodorus
705 3086 915 3123 Peltanus.
