2051 3516
408 247 478 284 362
872 249 948 285 er
959 259 1090 284 ιῈκΑΕ
1117 248 1468 293 QUAomMus‘fflEs

364 358 545 399 ponere
569 344 730 398 dubia,
759 344 1105 400 obtemperare
1130 344 1393 400 responsis,
1421 359 1512 389 nec
1536 359 1678 389 secus
1703 360 1849 400 quam
1867 344 1906 389 si
1925 344 1984 389 de

363 419 615 466 Societate
640 430 810 466 nostra
835 432 1014 473 essent,
1052 422 1155 466 eius
1189 421 1337 465 imbui
1372 420 1562 477 spiritu.
1602 420 1679 465 Ex
1713 420 1786 465 his
1822 422 1985 477 plures

365 507 607 543 vocantur
631 498 693 543 ad
718 498 982 555 dignitates
1007 508 1054 543 et
1079 506 1380 554 pastoratus,
1404 498 1531 542 vnde
1550 497 1659 542 hinc
1678 497 1986 543 discedentes

363 590 545 631 magno
580 575 822 620 desiderio
857 584 1122 631 expectant
1158 589 1480 631 progressum
1515 572 1796 631 Societatis,
1834 584 1885 618 vt
1923 574 1986 619 ad

364 666 449 696 eos
482 652 680 696 tandem
720 651 990 707 perueniat.
1034 651 1234 707 Aliquot
1269 650 1417 695 etiam
1441 659 1671 706 pastores
1695 666 1757 695 ex
1781 648 1985 695 circum-

364 727 638 773 iacentibus
657 728 939 773 ciuitatibus
963 737 1010 773 et
1030 728 1148 773 locis
1167 727 1428 771 confitendi
1449 727 1854 784 consultandique
1872 743 1984 783 gra-

363 803 430 848 tia
454 803 761 860 frequentius
784 804 879 849 huc
906 805 1120 849 veniunt.
1155 804 1332 848 Preter
1363 803 1490 848 liunc
1513 803 1849 859 quotidianum
1874 819 1986 849 con-

363 879 527 925 fitendi
572 897 734 938 usum,
780 881 903 926 alius
943 882 1133 926 accedit
1177 880 1564 937 pomeridianus,
1607 880 1796 925 festinis
1839 889 1986 937 atque

363 956 617 1001 dominicis
640 957 826 1009 diebus,
856 957 936 1002 vbi
962 967 1127 1001 tantus
1152 971 1419 1012 puerorum
1440 972 1499 1001 ac
1518 957 1793 1012 puellarum
1813 968 1885 1002 est
1903 973 1984 1002 nu-

362 1047 546 1090 merus„
574 1044 622 1078 ut
647 1049 742 1078 non
769 1034 923 1078 minus
948 1034 992 1078 in
1018 1034 1110 1078 illis
1135 1049 1278 1089 quam
1300 1041 1412 1077 ante
1432 1033 1685 1078 meridiem
1710 1033 1755 1077 in
1775 1033 1986 1078 comuni-

363 1125 480 1155 care
504 1111 812 1167 cupientibus
836 1111 1058 1155 inueniat·
1084 1119 1370 1165 occupatus.
1401 1109 1603 1166 Aliquot
1627 1109 1774 1154 etiam
1810 1110 1985 1155 Vtrius-

363 1202 455 1243 que
479 1202 627 1232 sexus
651 1204 710 1232 ex
735 1188 874 1233 nobis
898 1187 1242 1232 confitentibus
1260 1187 1353 1232 hac
1372 1195 1564 1231 aestate
1583 1186 1782 1232 diuersa
1800 1187 1986 1244 ingres-

362 1265 401 1309 si
436 1274 547 1310 sunt
582 1265 900 1310 monasteria.
938 1265 1124 1321 Magna
1158 1280 1271 1321 spes
1296 1273 1369 1309 est
1394 1273 1441 1309 et
1465 1263 1626 1320 Opinio
1652 1264 1740 1320 piis
1765 1264 1987 1310 omnibus

364 1341 506 1387 huius
545 1343 738 1397 patriae
777 1342 836 1386 dc
870 1341 1136 1394 Societate‚
1172 1341 1407 1397 multique
1440 1341 1695 1386 nobiscum
1729 1357 1844 1387 suos
1878 1357 1986 1386 eru-

361 1419 562 1464 diendos
586 1429 824 1475 cuperent
848 1420 1097 1464 collocare
1122 1418 1261 1462 filios.
1289 1417 1514 1462 Infirmos
1534 1418 1852 1474 consolando,
1874 1433 1985 1463 con-

362 1496 700 1553 fessionesque
725 1496 968 1540 audiendo
994 1495 1243 1540 inuisimus
1268 1495 1571 1550 frequenter.

419 1572 460 1617 2.
527 1572 589 1617 Hi
614 1588 735 1628 quos
759 1572 887 1617 domi
910 1573 1164 1627 habemus,
1192 1570 1453 1627 proficiunt
1481 1571 1811 1628 vnusquisque
1834 1571 1880 1616 in
1899 1586 1987 1616 suo
2014 1603 2018 1609 ·

361 1649 538 1694 studio.
570 1649 717 1694 Pater
741 1648 991 1694 Candidus
1018 1651 1027 1672 ¹
1056 1648 1100 1692 in
1128 1648 1334 1693 lectione
1355 1648 1611 1693 doctrinae
1634 1648 1863 1705 xpianae.
1888 1664 1966 1693 ma

361 1741 461 1782 gno
486 1725 785 1770 audientium
812 1726 1051 1782 applausu
1078 1725 1396 1782 progreditur
1420 1725 1664 1782 habetque
1689 1725 1986 1770 auditorium

361 1803 732 1864 amplissimum,
760 1818 852 1846 non
885 1817 1152 1858 puerorum
1188 1811 1392 1858 tantum,
1429 1802 1515 1846 sed
1548 1810 1890 1858 promotorum
1923 1818 1983 1847 ac

362 1880 619 1924 doctorum
644 1879 883 1923 virorum.
912 1878 1082 1935 Quare
1107 1894 1201 1923 non
1229 1878 1402 1934 puerili
1423 1878 1630 1937 dpcendi
1652 1878 1802 1923 vtitur
1820 1878 1984 1935 modo,

359 1957 447 2020 sed
471 1972 500 2001 a
524 1956 764 2012 preclaris
788 1956 1074 2000 auctoribus
1100 1955 1382 2000 vniuersam
1411 1955 1604 2000 uidetur
1637 1955 1818 2000 elicere
1852 1955 1985 2000 theo-

361 2033 562 2090 logiam,
591 2048 797 2089 eamque
822 2033 906 2077 tali
931 2032 1076 2077 modo
1102 2033 1165 2077 ob
1198 2032 1478 2078 auditorum
1513 2033 1683 2077 oculos
1716 2047 1986 2089 exponere,

361 2119 415 2155 vt
439 2110 779 2155 ecclesiastem
804 2109 961 2165 magis
987 2125 1133 2165 quam
1157 2110 1392 2154 lectorem
1418 2124 1573 2166 agere
1597 2109 1843 2154 videatur.

418 2187 461 2232 3.
527 2187 785 2232 Postremo
808 2200 1051 2231 vocamur
1074 2191 1095 2211 ²²
1119 2185 1425 2242 frequentius
1443 2186 1506 2230 ad
1526 2185 1725 2231 diuersa
1744 2186 1855 2230 loca
1873 2200 1984 2230 con-

361 2263 474 2308 finia
499 2265 561 2308 ab
586 2264 868 2319 optantibus
890 2262 1062 2307 audire
1087 2263 1353 2307 conciones
1387 2273 1602 2320 nostraS,
1638 2263 1721 2308 sed
1761 2262 1988 2308 omnibus

360 2340 650 2385 satisfacere
675 2356 770 2385 non
796 2341 956 2385 datur.
984 2339 1123 2384 Multi
1149 2339 1295 2384 etiam
1324 2348 1496 2385 nostra
1530 2339 1795 2397 exquirunt
1828 2339 1986 2385 consi-

361 2417 441 2474 lia,
479 2416 729 2473 cupientes
763 2416 854 2461 illis
889 2431 1076 2460 morem
1111 2431 1306 2472 gerere,
1344 2426 1392 2461 et
1427 2417 1693 2461 secundum
1732 2432 1792 2461 ea
1832 2416 1987 2461 vitam

362 2508 501 2538 suam
526 2493 757 2549 dirigere.
785 2492 918 2537 Inter
952 2508 1073 2549 quos
1108 2493 1375 2548 conspicua
1409 2502 1483 2538 est
1506 2492 1659 2538 Illma.
1687 2492 1749 2538 D.
1776 2492 1987 2538 Hocchi-

361 2578 562 2614 tratana
586 2570 616 2625 2,
645 2585 769 2626 quae
795 2578 896 2614 tum
923 2569 1054 2613 vitae
1077 2582 1197 2613 suae
1221 2570 1468 2626 exemplo,
1495 2578 1598 2614 tum
1624 2569 1722 2616 viui
1748 2569 1989 2615 sermonis

363 2661 457 2701 qua
482 2647 631 2702 pollet
653 2646 835 2703 gratia,
864 2646 1042 2690 multos
1067 2644 1295 2690 aedificat
1319 2655 1367 2691 et
1391 2646 1453 2691 ad
1477 2646 1682 2692 meliora
1706 2646 1875 2704 trahit,
1896 2659 1988 2692 nec

410 2794 428 2812 a
479 2807 669 2830 vocamus
690 2804 768 2831 ms.

412 2925 419 2942 ¹
473 2923 515 2960 P.
536 2923 743 2959 Adrianus
764 2923 980 2960 Candidus.
1002 2923 1155 2959 Laz'm'i
1172 2923 1381 2967 Monam„
1402 2923 1480 2959 loc.
1502 2923 1583 2968 cit.,
1603 2924 1686 2961 551.

411 2983 422 3002 ‘2
475 2981 688 3018 Comitissa
708 2983 756 3019 ab
778 2983 840 3019 Ho-
852 2983 1118 3030 >gl1st1-aeten.
1150 2981 1212 3019 Cf.
1241 2981 1489 3028 POLANCUM,
1524 2983 1692 3027 Clima„
1717 2983 1768 3027 V,
1797 2982 1878 3029 2933
1910 2982 1986 3027 VI,

369 3040 447 3077 429.
2017 3056 2019 3060 ’
