<?xml version="1.0" encoding="UTF-8"?>
<!DOCTYPE html PUBLIC "-//W3C//DTD XHTML 1.0 Transitional//EN"
    "http://www.w3.org/TR/xhtml1/DTD/xhtml1-transitional.dtd">
<html xmlns="http://www.w3.org/1999/xhtml" xml:lang="en" lang="en">
 <head>
  <title>
</title>
<meta http-equiv="Content-Type" content="text/html;charset=utf-8" />
  <meta name='ocr-system' content='tesseract 3.04.00' />
  <meta name='ocr-capabilities' content='ocr_page ocr_carea ocr_par ocr_line ocrx_word'/>
</head>
<body>
  <div class='ocr_page' id='page_1' title='image "./litteraequadrime17lain_0503.png"; bbox 0 0 2051 3516; ppageno 0'>
   <div class='ocr_carea' id='block_1_1' title="bbox 460 277 1626 316">
    <p class='ocr_par' dir='ltr' id='par_1_1' title="bbox 460 277 1626 316">
     <span class='ocr_line' id='line_1_1' title="bbox 460 277 1626 316; baseline -0.002 -1"><span class='ocrx_word' id='word_1_1' title='bbox 460 278 797 316; x_wconf 68' lang='lat' dir='ltr'>124.—C0RDm3A</span> <span class='ocrx_word' id='word_1_2' title='bbox 825 279 865 315; x_wconf 76' lang='lat'>31</span> <span class='ocrx_word' id='word_1_3' title='bbox 898 279 1140 315; x_wconf 69' lang='lat' dir='ltr'>DECEMBRIS</span> <span class='ocrx_word' id='word_1_4' title='bbox 1171 278 1259 314; x_wconf 66' lang='lat'>1557</span> <span class='ocrx_word' id='word_1_5' title='bbox 1557 277 1626 314; x_wconf 67' lang='lat'>469</span> 
     </span>
    </p>
   </div>
   <div class='ocr_carea' id='block_1_2' title="bbox 41 373 1679 2832">
    <p class='ocr_par' dir='ltr' id='par_1_2' title="bbox 41 373 1673 1047">
     <span class='ocr_line' id='line_1_2' title="bbox 43 373 1668 429; baseline -0.002 -9"><span class='ocrx_word' id='word_1_6' title='bbox 43 376 87 420; x_wconf 85' lang='lat' dir='ltr'>in</span> <span class='ocrx_word' id='word_1_7' title='bbox 112 375 247 420; x_wconf 86' lang='lat' dir='ltr'>uiros</span> <span class='ocrx_word' id='word_1_8' title='bbox 271 375 442 419; x_wconf 86' lang='lat' dir='ltr'>doctos</span> <span class='ocrx_word' id='word_1_9' title='bbox 468 389 710 419; x_wconf 85' lang='lat' dir='ltr'>euasuros</span> <span class='ocrx_word' id='word_1_10' title='bbox 735 374 1019 418; x_wconf 80' lang='lat' dir='ltr'>coniectare</span> <span class='ocrx_word' id='word_1_11' title='bbox 1045 373 1207 420; x_wconf 77' lang='lat' dir='ltr'>liceat.</span> <span class='ocrx_word' id='word_1_12' title='bbox 1234 374 1272 418; x_wconf 81' lang='lat' dir='ltr'>si</span> <span class='ocrx_word' id='word_1_13' title='bbox 1299 382 1349 418; x_wconf 91' lang='lat' dir='ltr'>ut</span> <span class='ocrx_word' id='word_1_14' title='bbox 1381 381 1668 429; x_wconf 83' lang='lat' dir='ltr'>coeperunt,</span> 
     </span>
     <span class='ocr_line' id='line_1_3' title="bbox 41 448 1668 508; baseline -0.002 -12"><span class='ocrx_word' id='word_1_15' title='bbox 41 466 255 508; x_wconf 77' lang='lat' dir='ltr'>pergere</span> <span class='ocrx_word' id='word_1_16' title='bbox 294 450 564 499; x_wconf 73' lang='lat' dir='ltr'>instituant:</span> <span class='ocrx_word' id='word_1_17' title='bbox 609 465 696 495; x_wconf 88' lang='lat' dir='ltr'>nec</span> <span class='ocrx_word' id='word_1_18' title='bbox 741 450 799 494; x_wconf 89' lang='lat' dir='ltr'>de</span> <span class='ocrx_word' id='word_1_19' title='bbox 846 448 1062 494; x_wconf 83' lang='lat' dir='ltr'>moribus</span> <span class='ocrx_word' id='word_1_20' title='bbox 1107 458 1180 493; x_wconf 89' lang='lat' dir='ltr'>est</span> <span class='ocrx_word' id='word_1_21' title='bbox 1221 449 1389 494; x_wconf 83' lang='lat' dir='ltr'>ultima</span> <span class='ocrx_word' id='word_1_22' title='bbox 1430 449 1668 506; x_wconf 73' lang='lat' dir='ltr'>quaestio,</span> 
     </span>
     <span class='ocr_line' id='line_1_4' title="bbox 43 515 1670 582; baseline -0.002 -10"><span class='ocrx_word' id='word_1_23' title='bbox 43 528 173 573; x_wconf 91' lang='lat' dir='ltr'>nullo</span> <span class='ocrx_word' id='word_1_24' title='bbox 211 527 338 572; x_wconf 90' lang='lat' dir='ltr'>enim</span> <span class='ocrx_word' id='word_1_25' title='bbox 379 526 536 571; x_wconf 81' lang='lat' dir='ltr'>ferme</span> <span class='ocrx_word' id='word_1_26' title='bbox 575 526 774 582; x_wconf 86' lang='lat' dir='ltr'>negotio</span> <span class='ocrx_word' id='word_1_27' title='bbox 810 525 1041 571; x_wconf 81' lang='lat' dir='ltr'>admoniti</span> <span class='ocrx_word' id='word_1_28' title='bbox 1080 525 1388 581; x_wconf 73' lang='lat' dir='ltr'>resipiscunt,</span> <span class='ocrx_word' id='word_1_29' title='bbox 1426 541 1574 581; x_wconf 85' lang='lat' dir='ltr'>seque</span> <span class='ocrx_word' id='word_1_30' title='bbox 1609 515 1670 569; x_wconf 82' lang='lat' dir='ltr'>ad</span> 
     </span>
     <span class='ocr_line' id='line_1_5' title="bbox 42 602 1668 659; baseline -0.002 -10"><span class='ocrx_word' id='word_1_31' title='bbox 42 604 293 649; x_wconf 88' lang='lat' dir='ltr'>meliorem</span> <span class='ocrx_word' id='word_1_32' title='bbox 319 603 517 659; x_wconf 76' lang='lat' dir='ltr'>frugem</span> <span class='ocrx_word' id='word_1_33' title='bbox 542 612 852 657; x_wconf 74' lang='lat' dir='ltr'>conuertunt3</span> <span class='ocrx_word' id='word_1_34' title='bbox 882 602 1006 647; x_wconf 87' lang='lat' dir='ltr'>adeo</span> <span class='ocrx_word' id='word_1_35' title='bbox 1033 612 1082 646; x_wconf 89' lang='lat' dir='ltr'>ut</span> <span class='ocrx_word' id='word_1_36' title='bbox 1107 617 1216 646; x_wconf 87' lang='lat' dir='ltr'>cum</span> <span class='ocrx_word' id='word_1_37' title='bbox 1242 602 1377 646; x_wconf 89' lang='lat' dir='ltr'>multi</span> <span class='ocrx_word' id='word_1_38' title='bbox 1410 602 1557 658; x_wconf 83' lang='lat' dir='ltr'>&lt;quod</span> <span class='ocrx_word' id='word_1_39' title='bbox 1594 602 1668 646; x_wconf 91' lang='lat' dir='ltr'>uel</span> 
     </span>
     <span class='ocr_line' id='line_1_6' title="bbox 42 679 1669 739; baseline -0.002 -13"><span class='ocrx_word' id='word_1_40' title='bbox 42 691 301 739; x_wconf 87' lang='lat' dir='ltr'>parentum</span> <span class='ocrx_word' id='word_1_41' title='bbox 337 681 552 729; x_wconf 74' lang='lat' dir='ltr'>diuitiae.</span> <span class='ocrx_word' id='word_1_42' title='bbox 595 681 671 724; x_wconf 87' lang='lat' dir='ltr'>uel</span> <span class='ocrx_word' id='word_1_43' title='bbox 713 681 912 734; x_wconf 75' lang='lat' dir='ltr'>generis</span> <span class='ocrx_word' id='word_1_44' title='bbox 951 680 1180 735; x_wconf 74' lang='lat' dir='ltr'>splendor</span> <span class='ocrx_word' id='word_1_45' title='bbox 1221 679 1552 734; x_wconf 83' lang='lat' dir='ltr'>permittebat)</span> <span class='ocrx_word' id='word_1_46' title='bbox 1593 694 1669 723; x_wconf 90' lang='lat' dir='ltr'>ne-</span> 
     </span>
     <span class='ocr_line' id='line_1_7' title="bbox 41 756 1668 815; baseline -0.003 -11"><span class='ocrx_word' id='word_1_47' title='bbox 41 760 142 804; x_wconf 85' lang='lat' dir='ltr'>scio</span> <span class='ocrx_word' id='word_1_48' title='bbox 168 775 263 815; x_wconf 79' lang='lat' dir='ltr'>qua</span> <span class='ocrx_word' id='word_1_49' title='bbox 289 758 696 808; x_wconf 86' lang='lat' dir='ltr'>uestimentorum</span> <span class='ocrx_word' id='word_1_50' title='bbox 725 758 901 807; x_wconf 73' lang='lat' dir='ltr'>forma,</span> <span class='ocrx_word' id='word_1_51' title='bbox 930 773 1056 813; x_wconf 84' lang='lat' dir='ltr'>quae</span> <span class='ocrx_word' id='word_1_52' title='bbox 1081 772 1190 801; x_wconf 87' lang='lat' dir='ltr'>cum</span> <span class='ocrx_word' id='word_1_53' title='bbox 1216 756 1359 801; x_wconf 86' lang='lat' dir='ltr'>huius</span> <span class='ocrx_word' id='word_1_54' title='bbox 1383 756 1583 801; x_wconf 86' lang='lat' dir='ltr'>scholae</span> <span class='ocrx_word' id='word_1_55' title='bbox 1611 757 1668 800; x_wconf 88' lang='lat' dir='ltr'>le-</span> 
     </span>
     <span class='ocr_line' id='line_1_8' title="bbox 41 834 1673 893; baseline -0.003 -11"><span class='ocrx_word' id='word_1_56' title='bbox 41 837 185 893; x_wconf 81' lang='lat' dir='ltr'>gibus</span> <span class='ocrx_word' id='word_1_57' title='bbox 209 851 434 892; x_wconf 89' lang='lat' dir='ltr'>pugnare</span> <span class='ocrx_word' id='word_1_58' title='bbox 461 835 739 884; x_wconf 81' lang='lat' dir='ltr'>uidebatur,</span> <span class='ocrx_word' id='word_1_59' title='bbox 768 835 1051 880; x_wconf 82' lang='lat' dir='ltr'>incederent</span> <span class='ocrx_word' id='word_1_60' title='bbox 1082 834 1250 886; x_wconf 74' lang='lat' dir='ltr'>induti,</span> <span class='ocrx_word' id='word_1_61' title='bbox 1289 834 1371 878; x_wconf 82' lang='lat' dir='ltr'>uix</span> <span class='ocrx_word' id='word_1_62' title='bbox 1406 834 1550 878; x_wconf 91' lang='lat' dir='ltr'>semel</span> <span class='ocrx_word' id='word_1_63' title='bbox 1589 842 1673 877; x_wconf 83' lang='lat' dir='ltr'>aut</span> 
     </span>
     <span class='ocr_line' id='line_1_9' title="bbox 43 911 1670 963; baseline -0.002 -5"><span class='ocrx_word' id='word_1_64' title='bbox 43 914 219 959; x_wconf 88' lang='lat' dir='ltr'>iterum</span> <span class='ocrx_word' id='word_1_65' title='bbox 243 912 493 962; x_wconf 78' lang='lat' dir='ltr'>admoniti.</span> <span class='ocrx_word' id='word_1_66' title='bbox 522 912 739 957; x_wconf 81' lang='lat' dir='ltr'>uestibus</span> <span class='ocrx_word' id='word_1_67' title='bbox 763 928 814 957; x_wconf 82' lang='lat' dir='ltr'>se</span> <span class='ocrx_word' id='word_1_68' title='bbox 849 911 1076 957; x_wconf 83' lang='lat' dir='ltr'>exuerint</span> <span class='ocrx_word' id='word_1_69' title='bbox 1112 911 1275 956; x_wconf 83' lang='lat' dir='ltr'>libenti</span> <span class='ocrx_word' id='word_1_70' title='bbox 1311 911 1491 963; x_wconf 58' lang='lat' dir='ltr'>animm</span> <span class='ocrx_word' id='word_1_71' title='bbox 1529 911 1670 955; x_wconf 88' lang='lat' dir='ltr'>hone-</span> 
     </span>
     <span class='ocr_line' id='line_1_10' title="bbox 42 989 661 1047; baseline -0.002 -12"><span class='ocrx_word' id='word_1_72' title='bbox 42 991 318 1047; x_wconf 82' lang='lat' dir='ltr'>stiores&#39;que</span> <span class='ocrx_word' id='word_1_73' title='bbox 349 989 661 1045; x_wconf 71' lang='lat' dir='ltr'>sumpserint.</span> 
     </span>
    </p>

    <p class='ocr_par' dir='ltr' id='par_1_3' title="bbox 41 1065 1678 2275">
     <span class='ocr_line' id='line_1_11' title="bbox 101 1065 1674 1123; baseline -0.002 -11"><span class='ocrx_word' id='word_1_74' title='bbox 101 1069 142 1113; x_wconf 77' lang='lat'>2.</span> <span class='ocrx_word' id='word_1_75' title='bbox 208 1067 350 1112; x_wconf 90' lang='lat' dir='ltr'>Nunc</span> <span class='ocrx_word' id='word_1_76' title='bbox 384 1067 446 1112; x_wconf 89' lang='lat' dir='ltr'>ad</span> <span class='ocrx_word' id='word_1_77' title='bbox 482 1067 753 1123; x_wconf 78' lang='lat' dir='ltr'>peculiaria</span> <span class='ocrx_word' id='word_1_78' title='bbox 787 1066 1101 1112; x_wconf 79' lang='lat' dir='ltr'>descendam.</span> <span class='ocrx_word' id='word_1_79' title='bbox 1139 1065 1356 1110; x_wconf 80' lang='lat' dir='ltr'>Primum</span> <span class='ocrx_word' id='word_1_80' title='bbox 1391 1081 1498 1110; x_wconf 87' lang='lat' dir='ltr'>sese</span> <span class='ocrx_word' id='word_1_81' title='bbox 1523 1065 1674 1110; x_wconf 73' lang='lat' dir='ltr'>offert</span> 
     </span>
     <span class='ocr_line' id='line_1_12' title="bbox 42 1143 1674 1203; baseline -0.002 -12"><span class='ocrx_word' id='word_1_82' title='bbox 42 1155 282 1203; x_wconf 88' lang='lat' dir='ltr'>patronus</span> <span class='ocrx_word' id='word_1_83' title='bbox 326 1154 495 1190; x_wconf 88' lang='lat' dir='ltr'>noster</span> <span class='ocrx_word' id='word_1_84' title='bbox 539 1144 869 1189; x_wconf 88' lang='lat' dir='ltr'>nobilissimus</span> <span class='ocrx_word' id='word_1_85' title='bbox 904 1143 1114 1188; x_wconf 85' lang='lat' dir='ltr'>Ioannes</span> <span class='ocrx_word' id='word_1_86' title='bbox 1161 1145 1189 1193; x_wconf 73' lang='lat'>¹,</span> <span class='ocrx_word' id='word_1_87' title='bbox 1238 1144 1313 1188; x_wconf 91' lang='lat' dir='ltr'>cui</span> <span class='ocrx_word' id='word_1_88' title='bbox 1360 1143 1674 1199; x_wconf 77' lang='lat' dir='ltr'>episcopatus</span> 
     </span>
     <span class='ocr_line' id='line_1_13' title="bbox 41 1221 1670 1278; baseline -0.001 -10"><span class='ocrx_word' id='word_1_89' title='bbox 41 1222 365 1269; x_wconf 87' lang='lat' dir='ltr'>cordubensis</span> <span class='ocrx_word' id='word_1_90' title='bbox 409 1222 661 1278; x_wconf 83' lang='lat' dir='ltr'>negotium</span> <span class='ocrx_word' id='word_1_91' title='bbox 706 1237 866 1277; x_wconf 86' lang='lat' dir='ltr'>omne,</span> <span class='ocrx_word' id='word_1_92' title='bbox 913 1230 1023 1278; x_wconf 91' lang='lat' dir='ltr'>post</span> <span class='ocrx_word' id='word_1_93' title='bbox 1061 1221 1299 1277; x_wconf 90' lang='lat' dir='ltr'>Leopoldi</span> <span class='ocrx_word' id='word_1_94' title='bbox 1335 1221 1603 1266; x_wconf 83' lang='lat' dir='ltr'>discessum</span> <span class='ocrx_word' id='word_1_95' title='bbox 1640 1222 1670 1273; x_wconf 81' lang='lat'>²,</span> 
     </span>
     <span class='ocr_line' id='line_1_14' title="bbox 45 1298 1672 1354; baseline -0.002 -8"><span class='ocrx_word' id='word_1_96' title='bbox 45 1301 195 1346; x_wconf 74' lang='lat' dir='ltr'>ferme</span> <span class='ocrx_word' id='word_1_97' title='bbox 221 1300 487 1345; x_wconf 90' lang='lat' dir='ltr'>iniunctum</span> <span class='ocrx_word' id='word_1_98' title='bbox 514 1308 604 1354; x_wconf 84' lang='lat' dir='ltr'>est,</span> <span class='ocrx_word' id='word_1_99' title='bbox 633 1299 865 1344; x_wconf 84' lang='lat' dir='ltr'>Patribus</span> <span class='ocrx_word' id='word_1_100' title='bbox 889 1298 1071 1344; x_wconf 88' lang='lat' dir='ltr'>nostris</span> <span class='ocrx_word' id='word_1_101' title='bbox 1095 1298 1414 1344; x_wconf 86' lang='lat' dir='ltr'>suadentibus</span> <span class='ocrx_word' id='word_1_102' title='bbox 1449 1298 1573 1343; x_wconf 87' lang='lat' dir='ltr'>adeo</span> <span class='ocrx_word' id='word_1_103' title='bbox 1608 1298 1672 1343; x_wconf 88' lang='lat' dir='ltr'>di-</span> 
     </span>
     <span class='ocr_line' id='line_1_15' title="bbox 43 1376 1674 1435; baseline -0.002 -11"><span class='ocrx_word' id='word_1_104' title='bbox 43 1379 252 1435; x_wconf 91' lang='lat' dir='ltr'>ligenter</span> <span class='ocrx_word' id='word_1_105' title='bbox 276 1394 335 1423; x_wconf 84' lang='lat' dir='ltr'>ac</span> <span class='ocrx_word' id='word_1_106' title='bbox 360 1378 436 1434; x_wconf 90' lang='lat' dir='ltr'>pie</span> <span class='ocrx_word' id='word_1_107' title='bbox 459 1378 607 1434; x_wconf 77' lang='lat' dir='ltr'>gerit,</span> <span class='ocrx_word' id='word_1_108' title='bbox 634 1387 685 1422; x_wconf 91' lang='lat' dir='ltr'>ut</span> <span class='ocrx_word' id='word_1_109' title='bbox 707 1394 804 1422; x_wconf 90' lang='lat' dir='ltr'>vna</span> <span class='ocrx_word' id='word_1_110' title='bbox 829 1377 1044 1422; x_wconf 91' lang='lat' dir='ltr'>omnium</span> <span class='ocrx_word' id='word_1_111' title='bbox 1069 1391 1192 1422; x_wconf 88' lang='lat' dir='ltr'>uoce</span> <span class='ocrx_word' id='word_1_112' title='bbox 1216 1376 1279 1421; x_wconf 89' lang='lat' dir='ltr'>ad</span> <span class='ocrx_word' id='word_1_113' title='bbox 1303 1377 1494 1422; x_wconf 91' lang='lat' dir='ltr'>coelum</span> <span class='ocrx_word' id='word_1_114' title='bbox 1520 1392 1674 1434; x_wconf 89' lang='lat' dir='ltr'>usque</span> 
     </span>
     <span class='ocr_line' id='line_1_16' title="bbox 43 1454 1674 1511; baseline 0 -11"><span class='ocrx_word' id='word_1_115' title='bbox 43 1456 330 1501; x_wconf 81' lang='lat' dir='ltr'>extollatur.</span> <span class='ocrx_word' id='word_1_116' title='bbox 377 1454 457 1500; x_wconf 79' lang='lat' dir='ltr'>Ad</span> <span class='ocrx_word' id='word_1_117' title='bbox 502 1455 710 1500; x_wconf 88' lang='lat' dir='ltr'>eandem</span> <span class='ocrx_word' id='word_1_118' title='bbox 758 1470 861 1500; x_wconf 92' lang='lat' dir='ltr'>rem</span> <span class='ocrx_word' id='word_1_119' title='bbox 906 1454 1111 1500; x_wconf 92' lang='lat' dir='ltr'>contulit</span> <span class='ocrx_word' id='word_1_120' title='bbox 1160 1454 1421 1511; x_wconf 90' lang='lat' dir='ltr'>plurimum</span> <span class='ocrx_word' id='word_1_121' title='bbox 1473 1456 1674 1500; x_wconf 88' lang='lat' dir='ltr'>morbus</span> 
     </span>
     <span class='ocr_line' id='line_1_17' title="bbox 43 1531 1674 1589; baseline 0.001 -14"><span class='ocrx_word' id='word_1_122' title='bbox 43 1541 310 1589; x_wconf 81' lang='lat' dir='ltr'>peracutus</span> <span class='ocrx_word' id='word_1_123' title='bbox 348 1548 439 1589; x_wconf 76' lang='lat' dir='ltr'>quo</span> <span class='ocrx_word' id='word_1_124' title='bbox 474 1541 738 1589; x_wconf 87' lang='lat' dir='ltr'>correptus</span> <span class='ocrx_word' id='word_1_125' title='bbox 772 1541 862 1587; x_wconf 82' lang='lat' dir='ltr'>est,</span> <span class='ocrx_word' id='word_1_126' title='bbox 899 1531 1026 1577; x_wconf 91' lang='lat' dir='ltr'>unde</span> <span class='ocrx_word' id='word_1_127' title='bbox 1060 1532 1183 1583; x_wconf 90' lang='lat' dir='ltr'>bene</span> <span class='ocrx_word' id='word_1_128' title='bbox 1214 1532 1388 1577; x_wconf 89' lang='lat' dir='ltr'>doctus</span> <span class='ocrx_word' id='word_1_129' title='bbox 1413 1532 1578 1577; x_wconf 90' lang='lat' dir='ltr'>omnia</span> <span class='ocrx_word' id='word_1_130' title='bbox 1612 1533 1674 1577; x_wconf 89' lang='lat' dir='ltr'>ad</span> 
     </span>
     <span class='ocr_line' id='line_1_18' title="bbox 42 1602 1672 1666; baseline 0 -12"><span class='ocrx_word' id='word_1_131' title='bbox 42 1625 257 1666; x_wconf 87' lang='lat' dir='ltr'>unguem</span> <span class='ocrx_word' id='word_1_132' title='bbox 298 1609 403 1654; x_wconf 83' lang='lat' dir='ltr'>fieri</span> <span class='ocrx_word' id='word_1_133' title='bbox 444 1609 709 1661; x_wconf 73' lang='lat' dir='ltr'>desiderat,</span> <span class='ocrx_word' id='word_1_134' title='bbox 753 1618 902 1666; x_wconf 79' lang='lat' dir='ltr'>atque</span> <span class='ocrx_word' id='word_1_135' title='bbox 941 1609 985 1654; x_wconf 90' lang='lat' dir='ltr'>id</span> <span class='ocrx_word' id='word_1_136' title='bbox 1021 1624 1172 1665; x_wconf 88' lang='lat' dir='ltr'>opere</span> <span class='ocrx_word' id='word_1_137' title='bbox 1206 1602 1457 1666; x_wconf 89' lang='lat' dir='ltr'>complere</span> <span class='ocrx_word' id='word_1_138' title='bbox 1493 1609 1672 1665; x_wconf 88' lang='lat' dir='ltr'>studet,</span> 
     </span>
     <span class='ocr_line' id='line_1_19' title="bbox 42 1686 1676 1743; baseline 0.001 -12"><span class='ocrx_word' id='word_1_139' title='bbox 42 1703 138 1731; x_wconf 90' lang='lat' dir='ltr'>non</span> <span class='ocrx_word' id='word_1_140' title='bbox 162 1696 329 1743; x_wconf 86' lang='lat' dir='ltr'>spreto</span> <span class='ocrx_word' id='word_1_141' title='bbox 356 1686 562 1732; x_wconf 84' lang='lat' dir='ltr'>Patrum</span> <span class='ocrx_word' id='word_1_142' title='bbox 588 1686 632 1731; x_wconf 90' lang='lat' dir='ltr'>in</span> <span class='ocrx_word' id='word_1_143' title='bbox 654 1687 880 1732; x_wconf 88' lang='lat' dir='ltr'>omnibus</span> <span class='ocrx_word' id='word_1_144' title='bbox 904 1686 1123 1742; x_wconf 88' lang='lat' dir='ltr'>consilio,</span> <span class='ocrx_word' id='word_1_145' title='bbox 1152 1687 1281 1743; x_wconf 85' lang='lat' dir='ltr'>quod</span> <span class='ocrx_word' id='word_1_146' title='bbox 1306 1687 1426 1732; x_wconf 87' lang='lat' dir='ltr'>tanti</span> <span class='ocrx_word' id='word_1_147' title='bbox 1451 1686 1586 1743; x_wconf 73' lang='lat' dir='ltr'>facit,</span> <span class='ocrx_word' id='word_1_148' title='bbox 1625 1696 1676 1732; x_wconf 88' lang='lat' dir='ltr'>ut</span> 
     </span>
     <span class='ocr_line' id='line_1_20' title="bbox 42 1763 1675 1820; baseline 0 -11"><span class='ocrx_word' id='word_1_149' title='bbox 42 1764 287 1809; x_wconf 81' lang='lat' dir='ltr'>existimet</span> <span class='ocrx_word' id='word_1_150' title='bbox 310 1764 356 1809; x_wconf 93' lang='lat' dir='ltr'>id</span> <span class='ocrx_word' id='word_1_151' title='bbox 382 1780 531 1808; x_wconf 90' lang='lat' dir='ltr'>unum</span> <span class='ocrx_word' id='word_1_152' title='bbox 556 1779 664 1809; x_wconf 84' lang='lat' dir='ltr'>esse</span> <span class='ocrx_word' id='word_1_153' title='bbox 691 1764 820 1820; x_wconf 87' lang='lat' dir='ltr'>quod</span> <span class='ocrx_word' id='word_1_154' title='bbox 845 1764 1058 1809; x_wconf 88' lang='lat' dir='ltr'>maxime</span> <span class='ocrx_word' id='word_1_155' title='bbox 1083 1763 1274 1809; x_wconf 86' lang='lat' dir='ltr'>deceat.</span> <span class='ocrx_word' id='word_1_156' title='bbox 1311 1764 1364 1809; x_wconf 91' lang='lat' dir='ltr'>In</span> <span class='ocrx_word' id='word_1_157' title='bbox 1399 1764 1675 1810; x_wconf 85' lang='lat' dir='ltr'>dominicae</span> 
     </span>
     <span class='ocr_line' id='line_1_21' title="bbox 42 1840 1677 1899; baseline 0.001 -13"><span class='ocrx_word' id='word_1_158' title='bbox 42 1840 315 1886; x_wconf 81' lang='lat' dir='ltr'>natiuitatis</span> <span class='ocrx_word' id='word_1_159' title='bbox 339 1841 600 1898; x_wconf 87' lang='lat' dir='ltr'>peruigilio</span> <span class='ocrx_word' id='word_1_160' title='bbox 624 1841 840 1886; x_wconf 84' lang='lat' dir='ltr'>studiose</span> <span class='ocrx_word' id='word_1_161' title='bbox 871 1841 1080 1897; x_wconf 79' lang='lat' dir='ltr'>curauit,</span> <span class='ocrx_word' id='word_1_162' title='bbox 1119 1850 1170 1886; x_wconf 93' lang='lat' dir='ltr'>ut</span> <span class='ocrx_word' id='word_1_163' title='bbox 1204 1841 1249 1886; x_wconf 92' lang='lat' dir='ltr'>in</span> <span class='ocrx_word' id='word_1_164' title='bbox 1285 1842 1501 1899; x_wconf 91' lang='lat' dir='ltr'>capitulo</span> <span class='ocrx_word' id='word_1_165' title='bbox 1536 1842 1677 1888; x_wconf 90' lang='lat' dir='ltr'>huius</span> 
     </span>
     <span class='ocr_line' id='line_1_22' title="bbox 41 1917 1675 1966; baseline 0.002 -3"><span class='ocrx_word' id='word_1_166' title='bbox 41 1919 201 1964; x_wconf 85' lang='lat' dir='ltr'>almae</span> <span class='ocrx_word' id='word_1_167' title='bbox 225 1919 467 1964; x_wconf 83' lang='lat' dir='ltr'>ecclesiae</span> <span class='ocrx_word' id='word_1_168' title='bbox 493 1918 684 1964; x_wconf 88' lang='lat' dir='ltr'>coactis</span> <span class='ocrx_word' id='word_1_169' title='bbox 708 1917 1038 1964; x_wconf 89' lang='lat' dir='ltr'>beneficiariis</span> <span class='ocrx_word' id='word_1_170' title='bbox 1062 1935 1187 1964; x_wconf 91' lang='lat' dir='ltr'>unus</span> <span class='ocrx_word' id='word_1_171' title='bbox 1211 1935 1274 1964; x_wconf 83' lang='lat' dir='ltr'>ex</span> <span class='ocrx_word' id='word_1_172' title='bbox 1298 1919 1531 1966; x_wconf 86' lang='lat' dir='ltr'>Patribus</span> <span class='ocrx_word' id='word_1_173' title='bbox 1565 1936 1675 1966; x_wconf 89' lang='lat' dir='ltr'>con-</span> 
     </span>
     <span class='ocr_line' id='line_1_23' title="bbox 41 1996 1676 2054; baseline 0.001 -13"><span class='ocrx_word' id='word_1_174' title='bbox 41 1996 232 2042; x_wconf 90' lang='lat' dir='ltr'>cionem</span> <span class='ocrx_word' id='word_1_175' title='bbox 255 1997 480 2052; x_wconf 78' lang='lat' dir='ltr'>haberet,</span> <span class='ocrx_word' id='word_1_176' title='bbox 510 1997 637 2049; x_wconf 87' lang='lat' dir='ltr'>unde</span> <span class='ocrx_word' id='word_1_177' title='bbox 663 1997 877 2042; x_wconf 87' lang='lat' dir='ltr'>resilisse</span> <span class='ocrx_word' id='word_1_178' title='bbox 902 1997 1203 2054; x_wconf 72' lang='lat' dir='ltr'>conficimus,</span> <span class='ocrx_word' id='word_1_179' title='bbox 1232 2006 1283 2043; x_wconf 91' lang='lat' dir='ltr'>ut</span> <span class='ocrx_word' id='word_1_180' title='bbox 1307 1997 1383 2043; x_wconf 88' lang='lat' dir='ltr'>die</span> <span class='ocrx_word' id='word_1_181' title='bbox 1408 1998 1676 2044; x_wconf 85' lang='lat' dir='ltr'>natiuitatis</span> 
     </span>
     <span class='ocr_line' id='line_1_24' title="bbox 41 2074 1676 2131; baseline 0.001 -12"><span class='ocrx_word' id='word_1_182' title='bbox 41 2090 210 2120; x_wconf 89' lang='lat' dir='ltr'>omnes</span> <span class='ocrx_word' id='word_1_183' title='bbox 250 2090 347 2120; x_wconf 87' lang='lat' dir='ltr'>vna</span> <span class='ocrx_word' id='word_1_184' title='bbox 385 2074 448 2120; x_wconf 89' lang='lat' dir='ltr'>ad</span> <span class='ocrx_word' id='word_1_185' title='bbox 486 2086 860 2120; x_wconf 84' lang='lat' dir='ltr'>sacrosanctam</span> <span class='ocrx_word' id='word_1_186' title='bbox 900 2075 1127 2131; x_wconf 84' lang='lat' dir='ltr'>synaxim</span> <span class='ocrx_word' id='word_1_187' title='bbox 1164 2075 1418 2120; x_wconf 77' lang='lat' dir='ltr'>vnanimes</span> <span class='ocrx_word' id='word_1_188' title='bbox 1453 2090 1676 2121; x_wconf 84' lang='lat' dir='ltr'>accesse-</span> 
     </span>
     <span class='ocr_line' id='line_1_25' title="bbox 42 2152 1678 2215; baseline 0.002 -19"><span class='ocrx_word' id='word_1_189' title='bbox 42 2152 152 2204; x_wconf 74' lang='lat' dir='ltr'>rint,</span> <span class='ocrx_word' id='word_1_190' title='bbox 195 2152 328 2215; x_wconf 65' lang='lat' dir='ltr'>quod&gt;</span> <span class='ocrx_word' id='word_1_191' title='bbox 362 2153 603 2198; x_wconf 88' lang='lat' dir='ltr'>hactenus</span> <span class='ocrx_word' id='word_1_192' title='bbox 641 2162 845 2208; x_wconf 89' lang='lat' dir='ltr'>propter</span> <span class='ocrx_word' id='word_1_193' title='bbox 884 2153 1229 2198; x_wconf 88' lang='lat' dir='ltr'>contentiones</span> <span class='ocrx_word' id='word_1_194' title='bbox 1274 2153 1528 2199; x_wconf 86' lang='lat' dir='ltr'>rarissime</span> <span class='ocrx_word' id='word_1_195' title='bbox 1572 2153 1678 2199; x_wconf 86' lang='lat' dir='ltr'>fieri</span> 
     </span>
     <span class='ocr_line' id='line_1_26' title="bbox 42 2230 315 2275; baseline 0.004 -1"><span class='ocrx_word' id='word_1_196' title='bbox 42 2230 315 2275; x_wconf 89' lang='lat' dir='ltr'>consueuit.</span> 
     </span>
    </p>

    <p class='ocr_par' dir='ltr' id='par_1_4' title="bbox 42 2306 1679 2832">
     <span class='ocr_line' id='line_1_27' title="bbox 99 2306 1673 2367; baseline 0.002 -15"><span class='ocrx_word' id='word_1_197' title='bbox 99 2307 142 2352; x_wconf 78' lang='lat'>3.</span> <span class='ocrx_word' id='word_1_198' title='bbox 210 2306 333 2352; x_wconf 84' lang='lat' dir='ltr'>Illud</span> <span class='ocrx_word' id='word_1_199' title='bbox 358 2323 467 2353; x_wconf 90' lang='lat' dir='ltr'>esse</span> <span class='ocrx_word' id='word_1_200' title='bbox 491 2308 693 2364; x_wconf 88' lang='lat' dir='ltr'>dignum</span> <span class='ocrx_word' id='word_1_201' title='bbox 719 2307 873 2353; x_wconf 89' lang='lat' dir='ltr'>literis</span> <span class='ocrx_word' id='word_1_202' title='bbox 897 2308 1055 2353; x_wconf 89' lang='lat' dir='ltr'>uisum</span> <span class='ocrx_word' id='word_1_203' title='bbox 1091 2318 1180 2354; x_wconf 88' lang='lat' dir='ltr'>est:</span> <span class='ocrx_word' id='word_1_204' title='bbox 1217 2309 1413 2355; x_wconf 84' lang='lat' dir='ltr'>Ioannis</span> <span class='ocrx_word' id='word_1_205' title='bbox 1447 2325 1476 2355; x_wconf 87' lang='lat' dir='ltr'>a</span> <span class='ocrx_word' id='word_1_206' title='bbox 1512 2309 1673 2367; x_wconf 86' lang='lat' dir='ltr'>Uega,</span> 
     </span>
     <span class='ocr_line' id='line_1_28' title="bbox 43 2384 1677 2443; baseline 0.002 -14"><span class='ocrx_word' id='word_1_207' title='bbox 43 2384 165 2441; x_wconf 89' lang='lat' dir='ltr'>regii</span> <span class='ocrx_word' id='word_1_208' title='bbox 205 2385 392 2430; x_wconf 87' lang='lat' dir='ltr'>consilii</span> <span class='ocrx_word' id='word_1_209' title='bbox 432 2385 674 2442; x_wconf 86' lang='lat' dir='ltr'>praesidis</span> <span class='ocrx_word' id='word_1_210' title='bbox 719 2385 1006 2442; x_wconf 75' lang='lat' dir='ltr'>dignissimi,</span> <span class='ocrx_word' id='word_1_211' title='bbox 1056 2385 1197 2439; x_wconf 78' lang='lat' dir='ltr'>filius,</span> <span class='ocrx_word' id='word_1_212' title='bbox 1245 2387 1324 2443; x_wconf 84' lang='lat' dir='ltr'>qui</span> <span class='ocrx_word' id='word_1_213' title='bbox 1367 2387 1586 2433; x_wconf 86' lang='lat' dir='ltr'>moribus</span> <span class='ocrx_word' id='word_1_214' title='bbox 1631 2400 1677 2433; x_wconf 89' lang='lat' dir='ltr'>et</span> 
     </span>
     <span class='ocr_line' id='line_1_29' title="bbox 42 2461 1675 2521; baseline 0.002 -15"><span class='ocrx_word' id='word_1_215' title='bbox 42 2461 143 2507; x_wconf 90' lang='lat' dir='ltr'>uita</span> <span class='ocrx_word' id='word_1_216' title='bbox 168 2472 425 2519; x_wconf 89' lang='lat' dir='ltr'>parentem</span> <span class='ocrx_word' id='word_1_217' title='bbox 450 2462 621 2518; x_wconf 78' lang='lat' dir='ltr'>refert,</span> <span class='ocrx_word' id='word_1_218' title='bbox 649 2463 742 2508; x_wconf 86' lang='lat' dir='ltr'>hac</span> <span class='ocrx_word' id='word_1_219' title='bbox 766 2463 1091 2519; x_wconf 80' lang='lat' dir='ltr'>praeteriens,</span> <span class='ocrx_word' id='word_1_220' title='bbox 1125 2473 1177 2509; x_wconf 90' lang='lat' dir='ltr'>ut</span> <span class='ocrx_word' id='word_1_221' title='bbox 1211 2479 1335 2521; x_wconf 83' lang='lat' dir='ltr'>erga</span> <span class='ocrx_word' id='word_1_222' title='bbox 1370 2463 1675 2510; x_wconf 82' lang='lat' dir='ltr'>Societatem</span> 
     </span>
     <span class='ocr_line' id='line_1_30' title="bbox 43 2540 1678 2600; baseline 0.003 -16"><span class='ocrx_word' id='word_1_223' title='bbox 43 2540 314 2585; x_wconf 89' lang='lat' dir='ltr'>beneuolus</span> <span class='ocrx_word' id='word_1_224' title='bbox 339 2550 428 2597; x_wconf 84' lang='lat' dir='ltr'>est,</span> <span class='ocrx_word' id='word_1_225' title='bbox 459 2556 547 2586; x_wconf 90' lang='lat' dir='ltr'>nos</span> <span class='ocrx_word' id='word_1_226' title='bbox 572 2541 738 2586; x_wconf 87' lang='lat' dir='ltr'>statim</span> <span class='ocrx_word' id='word_1_227' title='bbox 775 2541 953 2587; x_wconf 88' lang='lat' dir='ltr'>inuisit.</span> <span class='ocrx_word' id='word_1_228' title='bbox 991 2542 1136 2588; x_wconf 88' lang='lat' dir='ltr'>Hunc</span> <span class='ocrx_word' id='word_1_229' title='bbox 1170 2542 1381 2599; x_wconf 89' lang='lat' dir='ltr'>hospitio</span> <span class='ocrx_word' id='word_1_230' title='bbox 1416 2552 1678 2600; x_wconf 84' lang='lat' dir='ltr'>exceptum</span> 
     </span>
     <span class='ocr_line' id='line_1_31' title="bbox 43 2617 1679 2676; baseline 0.003 -15"><span class='ocrx_word' id='word_1_231' title='bbox 43 2632 72 2661; x_wconf 90' lang='lat' dir='ltr'>a</span> <span class='ocrx_word' id='word_1_232' title='bbox 96 2617 244 2662; x_wconf 90' lang='lat' dir='ltr'>nobili</span> <span class='ocrx_word' id='word_1_233' title='bbox 268 2617 468 2675; x_wconf 84' lang='lat' dir='ltr'>Ioanne,</span> <span class='ocrx_word' id='word_1_234' title='bbox 497 2618 711 2663; x_wconf 88' lang='lat' dir='ltr'>tertiana</span> <span class='ocrx_word' id='word_1_235' title='bbox 736 2617 889 2664; x_wconf 78' lang='lat' dir='ltr'>febris</span> <span class='ocrx_word' id='word_1_236' title='bbox 914 2620 1166 2676; x_wconf 69' lang='lat' dir='ltr'>corripuit,</span> <span class='ocrx_word' id='word_1_237' title='bbox 1206 2635 1332 2676; x_wconf 84' lang='lat' dir='ltr'>quae</span> <span class='ocrx_word' id='word_1_238' title='bbox 1363 2621 1543 2665; x_wconf 86' lang='lat' dir='ltr'>multos</span> <span class='ocrx_word' id='word_1_239' title='bbox 1577 2620 1679 2666; x_wconf 85' lang='lat' dir='ltr'>dies</span> 
     </span>
     <span class='ocr_line' id='line_1_32' title="bbox 43 2693 1674 2754; baseline 0.003 -16"><span class='ocrx_word' id='word_1_240' title='bbox 43 2693 289 2738; x_wconf 90' lang='lat' dir='ltr'>hominem</span> <span class='ocrx_word' id='word_1_241' title='bbox 314 2695 536 2750; x_wconf 85' lang='lat' dir='ltr'>uexauit,</span> <span class='ocrx_word' id='word_1_242' title='bbox 560 2695 637 2751; x_wconf 85' lang='lat' dir='ltr'>qui</span> <span class='ocrx_word' id='word_1_243' title='bbox 658 2704 774 2740; x_wconf 92' lang='lat' dir='ltr'>tunc</span> <span class='ocrx_word' id='word_1_244' title='bbox 794 2696 987 2741; x_wconf 91' lang='lat' dir='ltr'>demum</span> <span class='ocrx_word' id='word_1_245' title='bbox 1006 2712 1164 2753; x_wconf 88' lang='lat' dir='ltr'>aequo</span> <span class='ocrx_word' id='word_1_246' title='bbox 1187 2696 1351 2741; x_wconf 88' lang='lat' dir='ltr'>animo</span> <span class='ocrx_word' id='word_1_247' title='bbox 1376 2697 1674 2754; x_wconf 77' lang='lat' dir='ltr'>patIebatur,</span> 
     </span>
     <span class='ocr_line' id='line_1_33' title="bbox 43 2771 1676 2832; baseline 0.003 -17"><span class='ocrx_word' id='word_1_248' title='bbox 43 2785 152 2815; x_wconf 91' lang='lat' dir='ltr'>cum</span> <span class='ocrx_word' id='word_1_249' title='bbox 193 2771 422 2816; x_wconf 89' lang='lat' dir='ltr'>comitem</span> <span class='ocrx_word' id='word_1_250' title='bbox 462 2771 671 2817; x_wconf 90' lang='lat' dir='ltr'>haberet</span> <span class='ocrx_word' id='word_1_251' title='bbox 709 2772 799 2818; x_wconf 90' lang='lat' dir='ltr'>sibi</span> <span class='ocrx_word' id='word_1_252' title='bbox 839 2772 1040 2818; x_wconf 87' lang='lat' dir='ltr'>Patrem</span> <span class='ocrx_word' id='word_1_253' title='bbox 1079 2773 1290 2830; x_wconf 85' lang='lat' dir='ltr'>aliquem</span> <span class='ocrx_word' id='word_1_254' title='bbox 1325 2782 1411 2819; x_wconf 88' lang='lat' dir='ltr'>aut</span> <span class='ocrx_word' id='word_1_255' title='bbox 1450 2773 1676 2832; x_wconf 79' lang='lat' dir='ltr'>fratrem,</span> 
     </span>
    </p>
   </div>
   <div class='ocr_carea' id='block_1_3' title="bbox 44 2868 273 2871">
    <p class='ocr_par' dir='ltr' id='par_1_5' title="bbox 44 2868 273 2871">
     <span class='ocr_line' id='line_1_34' title="bbox 44 2868 273 2871; baseline 0 0"><span class='ocrx_word' id='word_1_256' title='bbox 44 2868 273 2871; x_wconf 95' lang='lat' dir='ltr'> </span> 
     </span>
    </p>
   </div>
   <div class='ocr_carea' id='block_1_4' title="bbox 46 2913 1678 3140">
    <p class='ocr_par' dir='ltr' id='par_1_6' title="bbox 91 2913 1318 2963">
     <span class='ocr_line' id='line_1_35' title="bbox 91 2913 1318 2963; baseline 0.002 -14"><span class='ocrx_word' id='word_1_257' title='bbox 91 2915 100 2933; x_wconf 82' lang='lat'>¹</span> <span class='ocrx_word' id='word_1_258' title='bbox 148 2913 329 2960; x_wconf 74' lang='lat' dir='ltr'>joannes</span> <span class='ocrx_word' id='word_1_259' title='bbox 348 2914 396 2950; x_wconf 92' lang='lat' dir='ltr'>de</span> <span class='ocrx_word' id='word_1_260' title='bbox 418 2913 619 2959; x_wconf 85' lang='lat' dir='ltr'>Cordoba;</span> <span class='ocrx_word' id='word_1_261' title='bbox 643 2915 733 2951; x_wconf 90' lang='lat' dir='ltr'>vide</span> <span class='ocrx_word' id='word_1_262' title='bbox 753 2928 888 2963; x_wconf 76' lang='lat' dir='ltr'>supra,</span> <span class='ocrx_word' id='word_1_263' title='bbox 911 2929 1001 2963; x_wconf 74' lang='lat' dir='ltr'>pag.</span> <span class='ocrx_word' id='word_1_264' title='bbox 1025 2916 1105 2955; x_wconf 72' lang='lat'>360,</span> <span class='ocrx_word' id='word_1_265' title='bbox 1129 2922 1263 2952; x_wconf 79' lang='lat' dir='ltr'>annot.</span> <span class='ocrx_word' id='word_1_266' title='bbox 1289 2917 1318 2952; x_wconf 86' lang='lat'>1.</span> 
     </span>
    </p>

    <p class='ocr_par' dir='ltr' id='par_1_7' title="bbox 46 2972 1678 3140">
     <span class='ocr_line' id='line_1_36' title="bbox 91 2972 1678 3022; baseline 0.003 -13"><span class='ocrx_word' id='word_1_267' title='bbox 91 2973 103 2992; x_wconf 83' lang='lat'><strong>²</strong></span> <span class='ocrx_word' id='word_1_268' title='bbox 156 2972 343 3020; x_wconf 84' lang='lat' dir='ltr'>Episcopi</span> <span class='ocrx_word' id='word_1_269' title='bbox 377 2973 556 3011; x_wconf 82' lang='lat' dir='ltr'>defuncti</span> <span class='ocrx_word' id='word_1_270' title='bbox 590 2987 738 3012; x_wconf 89' lang='lat' dir='ltr'>nomen</span> <span class='ocrx_word' id='word_1_271' title='bbox 773 2976 919 3012; x_wconf 87' lang='lat' dir='ltr'>omittit</span> <span class='ocrx_word' id='word_1_272' title='bbox 956 2977 1186 3022; x_wconf 75' lang='lat' dir='ltr'>exemplum</span> <span class='ocrx_word' id='word_1_273' title='bbox 1223 2976 1451 3022; x_wconf 84' lang='lat' dir='ltr'>hispanum.</span> <span class='ocrx_word' id='word_1_274' title='bbox 1497 2977 1678 3014; x_wconf 83' lang='lat' dir='ltr'>Functus</span> 
     </span>
     <span class='ocr_line' id='line_1_37' title="bbox 46 3032 1676 3084; baseline 0.002 -16"><span class='ocrx_word' id='word_1_275' title='bbox 46 3038 182 3069; x_wconf 86' lang='lat' dir='ltr'>autem</span> <span class='ocrx_word' id='word_1_276' title='bbox 202 3033 285 3069; x_wconf 73' lang='lat' dir='ltr'>vita</span> <span class='ocrx_word' id='word_1_277' title='bbox 305 3038 366 3069; x_wconf 88' lang='lat' dir='ltr'>est</span> <span class='ocrx_word' id='word_1_278' title='bbox 385 3032 617 3080; x_wconf 88' lang='lat' dir='ltr'>Leopoldus</span> <span class='ocrx_word' id='word_1_279' title='bbox 637 3035 685 3071; x_wconf 93' lang='lat' dir='ltr'>de</span> <span class='ocrx_word' id='word_1_280' title='bbox 704 3034 877 3071; x_wconf 73' lang='lat' dir='ltr'>Austria</span> <span class='ocrx_word' id='word_1_281' title='bbox 897 3035 959 3071; x_wconf 88' lang='lat' dir='ltr'>die</span> <span class='ocrx_word' id='word_1_282' title='bbox 978 3035 1023 3071; x_wconf 71' lang='lat'>‘27</span> <span class='ocrx_word' id='word_1_283' title='bbox 1043 3034 1295 3082; x_wconf 80' lang='lat' dir='ltr'>Septembris</span> <span class='ocrx_word' id='word_1_284' title='bbox 1316 3036 1433 3084; x_wconf 82' lang='lat' dir='ltr'>hujus</span> <span class='ocrx_word' id='word_1_285' title='bbox 1453 3038 1547 3074; x_wconf 83' lang='lat' dir='ltr'>anni</span> <span class='ocrx_word' id='word_1_286' title='bbox 1575 3038 1676 3074; x_wconf 70' lang='lat'>1557.</span> 
     </span>
     <span class='ocr_line' id='line_1_38' title="bbox 48 3090 1496 3140; baseline 0.003 -13"><span class='ocrx_word' id='word_1_287' title='bbox 48 3090 147 3127; x_wconf 67' lang='lat' dir='ltr'>VAx</span> <span class='ocrx_word' id='word_1_288' title='bbox 167 3090 501 3137; x_wconf 55' lang='lat' dir='ltr'>(wrm-Eunu,</span> <span class='ocrx_word' id='word_1_289' title='bbox 522 3092 787 3130; x_wconf 69' lang='lat' dir='ltr'>Hz&#39;erarclzia</span> <span class='ocrx_word' id='word_1_290' title='bbox 810 3094 1020 3130; x_wconf 76' lang='lat' dir='ltr'>catholica</span> <span class='ocrx_word' id='word_1_291' title='bbox 1043 3094 1181 3130; x_wconf 82' lang='lat' dir='ltr'>medii</span> <span class='ocrx_word' id='word_1_292' title='bbox 1196 3096 1306 3139; x_wconf 75' lang='lat' dir='ltr'>aevi,</span> <span class='ocrx_word' id='word_1_293' title='bbox 1327 3095 1394 3140; x_wconf 82' lang='grc' dir='ltr'>ΙΙΙ,</span> <span class='ocrx_word' id='word_1_294' title='bbox 1419 3096 1496 3133; x_wconf 73' lang='lat'>194.</span> 
     </span>
    </p>
   </div>
  </div>
 </body>
</html>
