2051 3516
355 325 424 362 332
824 326 1038 361 LITTERAE
1064 325 1416 370 QUADfflMEsrREs

307 421 536 476 exiguam
578 420 769 476 ipsimet
811 436 902 464 non
945 420 1069 464 adeo
1110 419 1272 475 magni
1314 417 1468 462 nostri
1507 417 1746 472 fautores,
1785 427 1832 462 et
1866 417 1926 461 de

306 512 516 552 quorum
541 495 635 540 fide
659 496 802 541 dubie
827 496 970 541 nohis
993 499 1191 540 constat
1226 501 1258 536 ³.
1304 516 1307 517 ν

364 572 406 617 6.
474 572 749 617 Puerorum
774 581 1055 617 nostrorum
1089 572 1278 616 animus
1314 570 1381 614 ita
1415 584 1540 625 erga
1575 585 1663 614 nos
1696 578 1770 614 est
1804 569 1924 614 affe-

307 658 430 701 ctus,
460 658 511 693 vt
535 664 564 693 a
590 648 728 693 nobis
758 658 806 693 et
830 648 1010 692 nostris
1036 647 1323 692 lectionibus
1349 645 1493 690 auelli
1525 645 1788 690 difficulter
1821 661 1927 701 pos-

307 725 417 776 sint,
444 724 757 781 quantumuis
781 724 871 768 illis
897 724 1202 768 reluctentur
1227 730 1472 777 parentes.
1497 720 1708 777 Quando
1743 721 1928 766 contin—

309 800 381 857 git
404 800 512 844 illos
546 816 575 844 a
609 800 748 845 nobis
783 799 1036 844 discedere
1074 810 1123 843 vt
1159 798 1253 842 alio
1289 798 1559 850 mittantur,
1587 812 1695 841 cum
1730 797 1845 841 fletu
1880 806 1928 841 et

306 876 505 920 tristitia
543 891 726 932 magna
764 875 1174 931 praeceptoribus
1216 873 1512 927 valedicunt,
1550 882 1603 918 vt
1641 873 1930 918 coniectura

309 967 636 1008 assequamur
670 952 848 1007 Deum,
884 952 1041 996 omnis
1077 951 1187 996 boni
1222 950 1424 1003 fontem,
1461 949 1621 994 adhuc
1654 949 1751 994 sibi
1772 948 1792 976 b
1823 949 1927 994 reli-

310 1028 507 1084 liquisse
542 1029 721 1073 bonum
761 1043 944 1072 semen.
982 1027 1114 1072 Idem
1156 1027 1343 1071 faciunt
1376 1026 1420 1070 in
1457 1025 1677 1071 discessu
1715 1025 1927 1070 fratrum

310 1113 608 1159 nostrorum,
647 1104 912 1160 lachrymis
947 1105 1140 1148 illorum
1176 1103 1360 1147 abitum
1395 1102 1631 1146 dolentes.
1660 1101 1786 1147 Cum
1819 1117 1928 1157 pro-

307 1181 437 1225 xime
462 1180 713 1225 auditores
738 1181 925 1235 primae
959 1180 1132 1224 classis
1166 1188 1543 1234 praeceptorem
1578 1178 1891 1223 Dominicum
1920 1183 1925 1205 ¹

309 1256 537 1311 Romam,
565 1272 660 1312 quo
686 1256 746 1300 R.
774 1256 835 1300 D.
872 1255 1092 1313 Joannes
1116 1272 1145 1300 a
1170 1255 1398 1300 Victoria
1435 1255 1567 1299 illum
1601 1254 1796 1299 mittere
1821 1269 1928 1310 pro-

309 1343 559 1388 posuerat,
597 1333 927 1377 discessurum
960 1331 1330 1387 intellexissent,
1364 1346 1390 1375 e
1425 1331 1634 1386 uestigio
1668 1346 1756 1375 nos
1790 1345 1928 1375 acce-

308 1409 444 1462 dunt,
482 1409 728 1453 humiliter
766 1409 1124 1464 lachrymando
1163 1408 1498 1464 supplicantes
1538 1417 1589 1451 vt
1623 1407 1800 1452 diutius
1838 1406 1930 1450 illis

307 1494 686 1540 praeceptorem
722 1486 848 1529 hunc
879 1485 1279 1539 concederemus,
1318 1483 1431 1539 quia
1465 1483 1505 1528 si
1544 1484 1720 1535 abiret,
1757 1492 1806 1527 et
1840 1483 1929 1539 ipsi

307 1561 446 1606 abire
481 1562 677 1606 omnino
711 1561 1094 1606 constituissent.
1127 1560 1238 1617 Quo
1269 1561 1454 1605 factum
1478 1570 1568 1615 est,
1596 1570 1649 1605 vt
1674 1560 1928 1605 retinueri-

308 1653 415 1682 mus
449 1638 655 1682 eundem
690 1637 1017 1692 Dominicum,
1056 1638 1265 1682 fratrem
1301 1647 1539 1689 nostrum,
1573 1637 1815 1693 tantisper
1849 1636 1928 1681 do-

307 1728 396 1758 nec
420 1713 550 1757 aliud
578 1713 816 1757 Dominus
841 1713 977 1758 Deus
1001 1714 1309 1769 suggesserit
1334 1713 1608 1758 consilium.

366 1789 407 1833 7.
474 1788 583 1833 Non
607 1804 782 1845 parum
807 1805 925 1833 sane
951 1806 1120 1834 omnes
1144 1790 1299 1834 nostri
1334 1789 1535 1834 studiosi
1570 1790 1785 1834 maiores
1816 1804 1927 1845 pro-

309 1865 476 1910 ficiunt
500 1876 600 1909 tam
625 1865 671 1909 in
697 1866 877 1921 pietate
902 1875 950 1911 et
974 1866 1197 1910 doctrina
1232 1866 1492 1923 catholica,
1520 1881 1668 1922 quam
1691 1866 1734 1910 in
1760 1866 1931 1910 huma-

309 1942 528 1987 nioribus
564 1943 754 1987 litteris
783 1943 1013 1999 Quotidie
1049 1944 1245 1999 ingenia
1279 1959 1370 1988 sua
1405 1952 1640 1988 exercent
1663 1942 1711 1987 in
1734 1958 1930 1999 compo-

307 2019 479 2064 nendis
513 2019 574 2063 de
606 2019 771 2064 variis
805 2020 1127 2076 mgmnentis
1159 2020 1393 2077 epistolis,
1421 2020 1739 2076 carminibus,
1772 2020 1929 2064 decla-

306 2096 620 2140 matiunculis
674 2107 720 2141 et
773 2096 1183 2152 disputationibus
1227 2097 1550 2147 scholasticis,
1598 2098 1771 2153 quibus
1813 2104 1828 2122 ⁰
1877 2111 1930 2142 se

308 2181 564 2228 promptos
587 2188 647 2217 ac
673 2173 926 2228 expeditos
960 2173 1186 2225 reddunt,
1215 2183 1267 2218 vt
1291 2189 1353 2218 ex
1375 2183 1599 2230 tempore
1623 2175 1728 2230 plus
1753 2174 1929 2218 doctri-

309 2263 402 2292 nae
446 2259 706 2304 praestare
740 2249 942 2305 possint,
980 2265 1125 2304 quam
1161 2250 1296 2294 multi
1330 2250 1533 2295 studiosi
1568 2250 1720 2294 adulti
1754 2250 1928 2294 acade-

310 2325 436 2369 miae
472 2325 766 2380 viennensis,
798 2341 920 2381 quos
944 2326 1091 2370 etiam
1118 2327 1282 2381 longis
1300 2328 1630 2384 parasangis
1662 2325 1680 2351 ‘¹
1702 2336 1929 2371 anteuer-

312 2412 435 2465 tunt.>
459 2400 588 2446 Hinc
610 2400 661 2445 fit
686 2410 738 2445 vt
761 2402 948 2458 magni
980 2406 1131 2458 atque
1163 2402 1366 2447 barbani
1386 2402 1643 2448 e'homines
1668 2419 1762 2447 non
1788 2418 1928 2448 vere-

311 2477 582 2521 cundentur
605 2477 733 2521 colla
756 2492 846 2521 sua
870 2477 987 2532 iugo
1012 2478 1294 2534 disciplinae
1317 2488 1520 2523 nostrae
1545 2494 1836 2535 supponere.

367 2557 408 2598 ὅ.
476 2553 686 2609 Propter
720 2554 942 2598 locorum
978 2555 1257 2610 angustiam
1293 2556 1521 2611 cogimur
1544 2572 1723 2601 nouam
1748 2556 1928 2600 iamdu-

310 2630 422 2673 dum
457 2639 780 2686 concoeptam
806 2640 853 2674 et
877 2631 1153 2686 incoeptam
1179 2632 1376 2676 domum
1406 2648 1495 2687 pro
1529 2622 1709 2678 scholis
1732 2642 1930 2678 extrue—

311 2721 380 2755 re,
408 2715 455 2749 et
488 2706 583 2749 iam
618 2705 665 2750 in
700 2706 801 2750 dies
835 2706 1109 2751 extruimus
1143 2723 1229 2762 per
1264 2709 1520 2763 operarios
1554 2709 1761 2765 italicos;
1798 2699 1929 2754 illam

359 2888 375 2906 ³
410 2881 649 2917 dubitamus.
713 2882 769 2908 „b
802 2882 841 2917 in
860 2882 1022 2918 illorum
1041 2883 1197 2919 animis.
1252 2890 1312 2910 —C
1347 2883 1551 2929 Sequitur
1574 2895 1613 2920 v.
1635 2885 1703 2931 qui
1723 2885 1926 2921 deletum.

313 2941 378 2965 —d
413 2941 546 2986 longe.
602 2948 662 2966 „e
696 2941 773 2976 iam
794 2946 902 2977 etate
929 2941 1181 2988 grandiores.

360 3099 369 3117 ¹
421 3098 658 3135 Dominicus
677 3099 909 3146 Menginus.
932 3099 994 3137 Cf.
1017 3100 1169 3137 Lm'm'i
1187 3101 1396 3143 Momth
1418 3101 1466 3146 II,
1487 3102 1568 3142 371.
1590 3103 1671 3143 400,
1692 3103 1772 3147 405,
1793 3103 1874 3139 419.
