2051 3516
364 285 434 322 240
824 285 1040 321 LITTERAE
1067 284 1423 329 QUADRnxOEsTREs

318 380 463 426 saluti
483 390 529 425 et
555 381 679 437 paci,
707 389 754 426 et
781 381 1075 436 reliquorum
1097 380 1323 435 (quorum
1342 392 1575 423 numerus
1594 377 1829 422 latissime
1850 393 1931 433 pa-

317 456 405 513 tet)
430 457 593 502 diuina
619 457 799 513 pietate
825 466 871 502 et
895 456 1145 511 diligentia
1170 471 1199 500 a
1219 454 1356 499 nobis
1381 462 1454 498 est
1479 454 1770 498 consultum.
1804 453 1931 499 Nam

317 533 556 578 Dominus
579 532 715 578 Iesus
741 529 929 578 tantum
956 532 1163 577 numinis
1187 540 1234 575 et
1258 530 1458 586 spiritus
1477 529 1672 574 ardoris
1691 529 1737 574 in
1756 530 1930 575 horum

304 619 635 665 peccatorum
662 618 867 665 pectora
891 608 1113 664 contulit,
1141 616 1191 651 ut
1215 607 1302 662 ipsi
1326 614 1595 663 stuperent,
1623 615 1671 650 et
1701 606 1812 662 quid
1839 607 1932 652 hoc

316 685 406 730 sibi
431 686 592 742 uellet,
620 685 926 741 ignorarent.
1685 740 1688 744 .

372 761 414 806 5.
483 761 684 816 Nequeo
709 761 900 805 silentio
924 761 1166 816 preterire
1190 759 1406 804 diuinam
1431 758 1742 803 clementiam
1762 774 1821 803 ac
1839 759 1928 803 sin-

314 838 490 893 gulare
515 837 844 882 adiumentum
871 837 998 893 quod
1032 837 1273 881 maximus
1308 835 1443 879 Iesus
1478 834 1629 880 affert
1663 836 1928 881 sacerdoti-

315 914 404 958 bus
427 914 473 958 in
498 914 590 958 hoc
613 928 758 958 sacro
778 913 1139 958 confessionum
1175 927 1392 957 munere.
1430 911 1556 956 Nam
1591 927 1701 957 cum
1735 912 1930 969 quidam

314 989 503 1034 illorum
538 998 769 1044 acceptos
809 990 870 1033 ad
905 989 1262 1034 confessionem
1298 997 1588 1045 peccatores
1621 988 1930 1034 intuerentur

246 1106 249 1109 .
313 1076 644 1120 contumaces,
673 1066 913 1122 nullisque
938 1066 1362 1111 exhortationibus
1388 1081 1544 1121 neque
1579 1066 1852 1111 rationibus
1877 1076 1930 1112 ut

313 1142 659 1198 resipiscerent
680 1157 995 1187 commouere
1015 1152 1228 1198 possent,
1251 1142 1545 1198 simulatque
1565 1142 1626 1186 ad
1646 1151 1843 1198 portum
1863 1143 1928 1187 di-

313 1219 455 1263 uinae
490 1219 683 1274 pietatis
718 1218 1067 1276 confugerunt,
1104 1219 1165 1264 ad
1206 1219 1366 1263 Deum
1401 1228 1589 1264 mentes
1628 1221 1926 1276 attollentes,

310 1295 475 1339 statim
501 1295 717 1340 homines
742 1295 806 1339 illi
831 1295 921 1340 feri
942 1304 989 1340 et
1013 1295 1252 1339 immanes
1277 1294 1618 1340 transformati
1643 1305 1769 1353 sunt,
1791 1305 1843 1341 ut
1862 1298 1926 1342 la-

311 1371 473 1415 crimis
497 1380 545 1416 et
569 1372 738 1416 dolore
762 1387 859 1415 non
884 1372 1095 1416 obscure
1120 1371 1181 1416 ad
1207 1372 1471 1425 puritatem
1504 1372 1710 1417 honeste
1744 1373 1841 1418 uite
1875 1389 1928 1418 se

310 1447 573 1491 transferri
598 1447 923 1492 declararent
943 1454 975 1492 ³.

367 1522 408 1568 (i.
477 1523 555 1567 Ad
578 1524 667 1568 hec
691 1524 907 1568 nonnulli
931 1539 992 1569 ex
1017 1524 1198 1569 nostris
1228 1524 1502 1569 inciderunt
1536 1524 1581 1569 in
1616 1525 1807 1581 aliquos
1841 1526 1926 1570 ho—

310 1599 464 1643 mines
484 1599 823 1655 oppinionibus
842 1600 1048 1645 infectos
1067 1610 1114 1645 et
1133 1601 1394 1656 disciplinis
1414 1600 1663 1658 im[bu]tos
1681 1600 1698 1627 ὓ
1717 1601 1796 1657 qui
1815 1617 1926 1646 cum

312 1685 398 1720 aut
421 1690 516 1719 non
541 1676 761 1732 apprime
797 1677 987 1721 artibus
1021 1687 1183 1722 essent
1216 1677 1458 1733 instructi,
1495 1686 1581 1723 aut
1614 1678 1658 1722 in
1694 1688 1926 1734 promptu

310 1761 608 1808 argumenta
632 1768 726 1797 non
751 1753 992 1797 haberent
1016 1754 1191 1810 quibus
1215 1754 1461 1798 hominum
1494 1769 1695 1799 errores
1729 1755 1923 1800 demoli-

308 1838 496 1883 rentur,
524 1843 633 1872 cum
659 1830 867 1885 primum
897 1830 959 1874 ad
983 1830 1247 1875 Dominum
1272 1830 1621 1886 confugerunt,
1659 1833 1722 1877 ab
1746 1831 1924 1888 illoque

308 1919 449 1959 opem
469 1904 765 1960 pet'iuerunt‚
786 1921 899 1950 mox
919 1916 1179 1952 senserunt
1198 1922 1249 1951 se
1270 1922 1299 1951 a
1318 1906 1426 1952 Deo
1455 1914 1470 1933 ⁰
1493 1907 1761 1952 instructos
1779 1916 1827 1953 et
1846 1923 1925 1953 ar-

307 1981 555 2035 gumentis
579 1991 626 2026 et
644 1982 932 2027 testimoniis
957 1983 1146 2039 diuinis,
1168 1993 1220 2028 ut
1239 1993 1338 2028 tam
1360 1984 1447 2040 ipsi
1467 1985 1756 2030 sacerdotes
1775 2000 1923 2041 quarn

304 2056 369 2100 illi
388 2056 478 2112 ipsi
503 2058 789 2113 quibuscum
815 2059 872 2103 de
898 2059 1078 2115 pietate
1113 2060 1428 2111 dimicabant,
1467 2061 1510 2105 in
1546 2061 1923 2107 admirationem

305 2144 736 2197 conuerterentur.

362 2208 402 2253 7.
471 2209 673 2255 Plurimi
699 2211 1005 2268 dissidentes,
1033 2228 1151 2268 pace
1171 2223 1218 2257 et
1238 2214 1508 2259 concordia
1526 2223 1639 2259 sunt
1657 2214 1919 2259 coniuncti.

303 2284 403 2330 Res
428 2285 594 2330 ablate
619 2297 666 2331 et
690 2288 856 2342 magni
880 2289 1072 2343 quidem
1092 2290 1232 2344 pretii
1251 2301 1362 2334 sunt
1381 2291 1587 2336 dominis
1606 2291 1846 2336 restitute.
1869 2291 1921 2335 In

302 2363 544 2407 nonnullis
584 2374 812 2418 preterea
851 2374 1132 2409 nostrorum
1171 2367 1488 2412 sacerdotum
1527 2367 1759 2423 impletur
1792 2367 1921 2423 quod

302 2438 545 2482 Dominus
569 2438 698 2483 dicit:
727 2438 779 2483 In
802 2440 995 2484 nomine
1022 2456 1130 2485 meo
1156 2441 1385 2487 demonia
1409 2443 1601 2488 eiicient
1626 2444 1654 2488 ¹.

363 2518 403 2558 ὅ.
472 2513 595 2558 Sunt
618 2526 664 2559 et
688 2531 717 2559 a
743 2517 922 2560 nostris
946 2516 1023 2546 —d
1048 2518 1313 2574 religionis,
1352 2519 1395 2563 id
1429 2529 1503 2564 est
1527 2520 1829 2565 monasticae
1853 2520 1919 2565 ui-

302 2599 380 2633 tae
407 2590 688 2635 desertores
711 2591 757 2635 in
782 2591 913 2636 uiam
937 2593 1107 2637 salutis
1137 2594 1340 2651 reducti;
1379 2605 1425 2640 et
1459 2596 1539 2640 alii
1574 2596 1654 2652 qui
1688 2596 1918 2641 decreue—

302 2674 414 2709 rant
438 2665 658 2711 instituta.
683 2667 931 2723 uitamque
955 2670 1277 2714 monasticam
1304 2671 1553 2728 deserere,
1587 2682 1698 2717 sunt
1733 2673 1794 2718 ab
1828 2688 1918 2718 sua

302 2740 551 2795 impietate
586 2743 797 2799 auocati,
834 2743 879 2787 in
915 2745 1251 2802 coenobiaque
1291 2762 1379 2791 sua
1419 2748 1685 2794 redierunt.
1724 2748 1917 2793 Verum

348 2882 363 2900 ³
432 2876 530 2912 [laia
552 2888 689 2913 172(sz
706 2884 975 2924 pe1·‹›ptarent.
1029 2879 1095 2906 —b
1127 2880 1330 2918 Abscissa
1346 2882 1509 2919 charta.
1551 2891 1611 2912 ——c
1647 2884 1784 2921 Prius
1802 2885 1915 2920 adeo.

300 2933 362 2959 —d
414 2934 677 2981 Conszmzpla
700 2937 864 2974 charla.

346 3057 356 3075 ¹
409 3058 547 3094 MAix‘c,
574 3057 776 3104 XV1,17.,
