2051 3516
362 288 431 324 730
827 292 1044 329 LITTERAE
1071 293 1162 338 QUA
1170 304 1423 330 DRIMESTRES

316 393 424 439 post
448 386 878 443 resurrectionem,
906 405 934 432 a
963 389 1150 433 vicario
1176 398 1384 445 rogatus
1409 405 1647 445 persaepe
1673 390 1716 433 in
1750 390 1932 445 templo

316 461 531 506 maximo
586 463 945 509 solennioribus
1002 465 1170 509 diebus
1223 465 1360 510 festis
1415 466 1701 510 concionem
1746 466 1929 510 habuit.

314 538 476 595 ,mque
500 539 545 583 in
570 549 740 585 nostro
766 543 949 587 sacello
980 551 1027 586 vt
1052 542 1312 598 plurimum
1337 542 1508 587 diebus
1533 542 1786 587 dominicis
1820 557 1932 587 con-

316 615 553 668 cionatur,
579 618 706 672 quod
732 618 959 664 videlicet
983 619 1220 663 sacellum
1244 634 1338 664 non
1357 619 1551 664 modica
1569 619 1817 664 hominum
1837 619 1931 664 fre-

315 693 512 747 quentia
538 702 639 738 tam
664 696 802 740 verbi
826 695 935 748 Dei,
963 710 1109 751 quam
1134 695 1265 740 sacri
1289 696 1598 741 auscultandi
1623 695 1805 752 gratia,
1833 711 1932 741 ma-

314 784 414 823 gna
439 785 548 814 cum
574 770 755 827 pietate
779 787 838 816 ac
863 771 1147 816 reuerentia
1172 772 1407 816 celebrat.
1430 771 1563 816 Idem
1593 773 1770 817 crebro
1805 772 1932 829 apud

316 845 552 891 moniales
576 848 737 892 multis
762 849 907 893 etiam
932 848 1039 893 aliis
1062 848 1407 904 praesentibus
1426 848 1767 904 concionatur,
1790 848 1932 905 idque

316 924 667 969 monasterium
698 925 797 981 ipse
831 940 954 981 pene
985 925 1118 968 solus
1154 924 1281 980 quod
1315 924 1377 968 ad
1412 924 1602 969 animas
1625 934 1833 981 spectat,
1861 940 1933 969 re-

315 999 385 1054 git
407 1006 424 1026 ³
451 1009 599 1056 atque
622 1001 926 1058 moderatur-3
956 1001 1180 1056 adeoque
1204 1001 1280 1057 pie
1304 1017 1363 1046 ac
1387 1002 1511 1046 bene
1537 1001 1661 1045 illius
1696 1000 1935 1046 moniales

314 1091 438 1132 erga
458 1092 566 1122 eum
589 1078 837 1123 animatae
856 1087 982 1129 sunt,
1006 1087 1059 1122 vt
1084 1086 1323 1134 quotquot
1342 1086 1470 1134 sunt,
1493 1078 1583 1134 ipsi
1602 1093 1722 1122 suae
1742 1078 1934 1123 animae

318 1153 521 1198 vulnera
556 1155 797 1210 aperiant,
835 1171 893 1199 ac
933 1155 1035 1210 ipse
1073 1169 1162 1210 pro
1204 1154 1328 1199 virili
1369 1154 1451 1198 illa
1489 1169 1670 1199 curare
1705 1163 1931 1199 conatur.

315 1229 651 1286 Quamobrem
682 1231 797 1276 illud
832 1231 1006 1275 mirum
1042 1230 1085 1274 in
1122 1231 1316 1275 modum
1351 1231 1446 1275 iam
1481 1230 1810 1275 reformatum
1843 1240 1933 1287 est,

314 1307 514 1364 eiusque
541 1309 668 1353 bona
691 1308 824 1353 fama
848 1323 935 1364 per
959 1316 1116 1352 totum
1140 1308 1232 1352 hoc
1258 1308 1487 1364 oppidum
1512 1308 1811 1363 percrebuit.

370 1383 412 1429 5.
480 1383 831 1441 Superioribus
855 1384 1103 1429 mensibus
1127 1385 1443 1441 promulgata
1467 1383 1557 1429 fuit
1577 1384 1785 1440 quedam
1805 1385 1937 1429 bulla

314 1459 403 1506 Sti.
436 1460 732 1515 Sebastiam,
771 1462 845 1507 cui
882 1470 1104 1505 nostrum
1141 1462 1376 1517 templum
1410 1461 1625 1506 dicatum
1660 1473 1749 1519 est,
1786 1471 1936 1506 statu-

313 1546 512 1594 tumque
536 1548 635 1583 tam
660 1555 688 1583 a
712 1539 1058 1595 promulgante
1083 1553 1228 1593 quarn
1265 1554 1294 1583 a
1328 1538 1536 1594 vicario,
1576 1547 1626 1583 vt
1662 1539 1937 1595 quicunque

314 1615 444 1660 illam
470 1625 722 1673 caperent,
749 1616 811 1661 ad
836 1625 1057 1661 nostrum
1083 1616 1314 1672 templum
1342 1624 1600 1672 precatum
1624 1616 1767 1672 irent,
1805 1617 1936 1661 vnde
1991 1651 1995 1656 ⁸

314 1708 408 1737 non
434 1708 607 1750 parum
634 1694 909 1739 deuotionis
934 1698 1085 1752 atque
1109 1694 1412 1752 affectionis
1434 1702 1606 1738 nostro
1640 1694 1824 1738 sacello
1859 1709 1937 1739 ac·

314 1769 477 1827 cessit,
504 1785 617 1814 nam
641 1785 702 1814 ex
727 1771 909 1826 templo
936 1771 1203 1827 praecipuo
1228 1770 1419 1827 egressi
1451 1770 1680 1814 continuo
1714 1780 1936 1815 nostrum

313 1847 566 1891 turmatim
591 1847 825 1904 petebant
849 1856 895 1891 et
919 1848 1077 1892 adhuc
1100 1857 1286 1904 petunt.

371 1923 413 1969 f).
481 1924 646 1968 Primo
672 1934 936 1980 praeterea
971 1925 1045 1969 die
1081 1925 1322 1969 dominico
1358 1924 1473 1969 Maii
1508 1939 1637 1969 noua
1671 1925 1935 1970 celebritas

314 2001 356 2044 in
383 2009 553 2046 nostro
578 2002 759 2056 templo
784 2001 1004 2047 instituta
1029 2013 1117 2056 est,
1145 2001 1372 2046 nimirum
1397 2001 1456 2046 de
1480 2001 1793 2047 sanctissima
1816 2002 1930 2058 Xpi.

314 2092 529 2122 coronae
554 2078 708 2134 spina,
731 2094 877 2134 quam
903 2094 1011 2123 cum
1032 2079 1139 2123 aliis
1160 2079 1376 2134 reliquiis
1401 2079 1464 2123 ab
1490 2093 1647 2122 vxore
1673 2078 1809 2123 ducis
1834 2079 1936 2124 Bis-

315 2155 473 2198 bonae
498 2155 509 2177 ¹
538 2154 729 2199 donatis
763 2155 1017 2210 habemus,
1046 2155 1269 2199 similiter
1303 2163 1351 2200 et
1385 2154 1556 2199 eodem
1581 2154 1657 2199 die
1681 2155 1819 2211 spina
1853 2171 1939 2212 per

314 2221 481 2275 totam'
515 2232 687 2275 vrbem
725 2231 992 2276 comitante
1033 2247 1213 2288 magna
1259 2231 1506 2275 hominum
1551 2231 1852 2276 multitudine
1892 2232 1936 2276 in

313 2307 751 2364 supplicationibus
776 2307 901 2352 mira
927 2324 1034 2353 cum
1062 2308 1243 2363 pietate
1278 2323 1337 2352 ac
1373 2307 1611 2364 religione
1642 2308 1937 2353 circumlata

314 2394 402 2429 est.
427 2385 607 2430 Postea
632 2401 754 2430 vero
780 2384 874 2430 ΡΨ
897 2395 1062 2430 rector
1096 2385 1383 2430 concionem
1417 2385 1602 2441 habuit,
1630 2385 1711 2430 via
1735 2386 1937 2431 homini-

316 2464 402 2507 bus
427 2462 669 2514 conferta,
698 2478 792 2507 non
817 2463 919 2508 sine
945 2463 1203 2519 applausu.

371 2540 412 2584 7.
482 2540 556 2584 Ad
587 2540 711 2584 haec
735 2549 878 2585 sexta
904 2555 1096 2596 quaque
1120 2539 1246 2584 feria
1273 2540 1316 2584 in
1342 2541 1524 2585 sacello
1560 2540 1847 2586 declaratur
1873 2540 1937 2585 di-

313 2617 510 2673 scipulis
534 2616 758 2661 doctrina
783 2616 1068 2671 christiana,
1091 2616 1228 2660 cuius
1252 2616 1600 2673 intelligendae
1621 2632 1775 2662 causa
1795 2632 1934 2673 prae-

315 2703 389 2737 ter
413 2693 678 2749 discipulos
713 2693 849 2738 multi
874 2693 1021 2737 etiam
1047 2692 1144 2748 alii,
1172 2693 1439 2749 praecipue
1475 2694 1751 2749 presbiteri,
1791 2693 1936 2738 adue-

320 2779 456 2814 munt

361 2919 377 2938 ὃ
422 2913 471 2948 ad
494 2918 652 2959 tempus
672 2914 790 2960 regit.

363 3033 371 3051 ¹
424 3031 634 3068 Elisabeth
655 3033 703 3069 de
722 3033 855 3079 Vega,
873 3033 983 3069 l'etri
1004 3032 1052 3068 de
1072 3032 1203 3075 Luna,
1226 3032 1336 3068 ducis
1352 3031 1549 3075 Bivonae,
1567 3045 1679 3068 uxor.
1702 3032 1808 3068 Vide
1824 3044 1938 3078 supe—

314 3091 414 3136 rius,
439 3100 535 3138 pag.
557 3092 724 3128 555-556.

2044 595 2051 630 ι’
