2051 3516
375 289 445 325 966
837 288 1053 324 LITTERAE
1080 289 1434 333 QUADfflMEs‘rREs

330 400 428 439 sus,
470 385 532 429 ibi
567 393 902 429 commoratus
941 392 1014 429 est
1048 385 1204 430 donec
1240 393 1592 441 praeceptores
1629 387 1863 433 lectiones
1895 386 1941 432 in

329 460 569 505 classibus
603 460 854 516 explicare
887 459 1173 517 inciperent.
1216 460 1341 506 Cum
1373 461 1525 519 igitur
1559 462 1604 507 id
1632 463 1729 508 iam
1753 472 1943 520 tempus

330 536 640 593 postulasset,
667 552 835 582 omnes
858 537 1042 583 classes
1066 553 1381 595 percurrens,
1420 554 1507 595 per
1540 540 1737 596 aliquod
1760 549 1941 597 tempo-

330 612 396 656 ris
418 613 627 668 spatium
655 628 822 658 omnes
846 623 1198 670 praeceptores
1221 615 1393 661 audire
1426 616 1635 674 curauit;
1676 617 1806 673 quod
1828 617 1944 674 ipsis

329 689 476 734 etiam
499 689 806 735 scholasticis
829 690 1045 736 animum
1069 691 1267 749 addidit,
1291 692 1682 739 existimantibus
1700 695 1943 751 quampri-

331 782 460 811 mum
485 766 574 812 sibi
613 767 805 823 publice
843 768 1066 824 praemia
1105 770 1440 827 proponenda,
1483 785 1626 827 quae,
1666 770 1756 816 nisi
1794 771 1941 828 falor,

329 859 475 899 quarn
499 843 731 889 citissime
755 855 1106 902 proponentur.

424 920 564 966 Haec
606 929 740 977 sunt,
782 922 904 966 Rde.
951 922 1122 980 Pater,
1169 939 1296 979 quae
1339 924 1385 969 in
1428 923 1711 980 praesentia
1749 924 1861 969 mihi
1900 924 1945 969 in

330 1009 539 1043 mentem
559 1009 816 1044 venerunt.
839 998 885 1043 A
909 1008 955 1045 te
979 1008 1168 1045 tantum
1192 1000 1400 1057 petimus
1425 1017 1515 1058 pro
1538 1001 1677 1046 nobis
1701 1001 1763 1046 ad
1785 1001 1945 1047 Deum

332 1075 445 1131 Opt.
473 1075 607 1120 Max.
635 1076 919 1132 frequentes
944 1093 1116 1133 preces
1140 1078 1316 1124 fundas
1342 1088 1393 1124 vt
1416 1078 1555 1124 nobis
1588 1078 1803 1135 aliquam
1828 1094 1946 1124 suae

332 1153 530 1209 gratiae
568 1152 827 1197 scintillam
853 1153 1083 1209 dignetur
1106 1154 1393 1211 impetrare,
1435 1171 1530 1213 qua
1569 1156 1611 1200 ei
1649 1155 1946 1201 sacrificium

334 1229 490 1274 laudis
510 1228 698 1274 offerre
717 1230 975 1286 possimus.
1003 1230 1332 1288 Olyssippone
1350 1232 1543 1289 prid[i]e
1567 1232 1658 1279 cal.
1681 1232 1795 1292 Julii
1817 1232 1943 1279 1559.

423 1305 500 1350 Ex
524 1307 867 1352 commissione
891 1307 1002 1353 Rdi.
1029 1308 1082 1353 P.
1111 1308 1365 1354 Francisci
1390 1309 1685 1367 Henriquez,

1112 1402 1152 1447 F
1158 1416 1429 1448 RANCIscus
1462 1403 1708 1449 ALUAREZ
1739 1406 1769 1450 ¹.

427 1515 717 1571 Descriptio.
744 1519 769 1568 †
792 1515 871 1560 Ao
893 1515 991 1560 mui
1014 1515 1140 1561 Rdo.
1178 1516 1355 1573 Padre,
1398 1517 1441 1562 el
1476 1516 1637 1562 Padre
1660 1518 1865 1574 general
1889 1518 1948 1564 de

334 1592 381 1636 la
406 1591 696 1648 Compafiia.
726 1591 817 1637 Em
841 1592 1019 1639 Roma.

383 1761 390 1779 ¹
444 1759 675 1797 Secundum
712 1760 923 1806 epistolam
958 1760 1128 1797 Antonii
1165 1761 1410 1798 Monserrati
1451 1762 1636 1809 superius
1671 1768 1947 1805 memoratam,

336 1832 473 1856 mense
489 1819 597 1866 Julio
619 1820 709 1856 1559
727 1825 815 1856 erat
834 1820 1030 1866 magister
1048 1820 1192 1857 tertiae
1212 1821 1364 1858 classis.
1387 1822 1451 1858 De
1472 1834 1518 1858 eo
1544 1822 1664 1859 etiam
1692 1823 1867 1869 intelligi
1896 1823 1950 1859 vi-

336 1880 496 1923 dentur,
517 1892 621 1926 quae
641 1879 841 1916 habentur
859 1880 898 1916 in
918 1881 1103 1926 catalogo
1123 1881 1285 1927 collegii
1305 1881 1584 1928 olisiponensis
1609 1883 1702 1919 anni
1732 1883 1822 1919 1565
1847 1883 1947 1927 (cod.

338 1939 442 1975 Lus.
467 1939 533 1980 413,
556 1938 619 1975 fol.
641 1939 722 1983 25&
745 1940 854 1986 prius
871 1939 969 1984 612:
995 1939 1231 1976 «Francisco
1252 1940 1400 1985 Aluez,
1422 1943 1583 1978 natural
1602 1942 1650 1978 de
1670 1941 1781 1978 Alua
1800 1942 1848 1979 do
1872 1942 1952 1979 bis-

336 1999 437 2045 pado
456 1999 504 2034 de
526 1998 664 2035 Viseo.
687 1998 843 2036 Entrou
862 2012 914 2037 na
934 1998 1186 2046 Companhia
1205 2012 1227 2035 a
1245 2000 1292 2036 ‘26
1310 2001 1357 2037 de
1377 2000 1487 2037 Maio
1507 2001 1555 2038 de
1574 2002 1675 2046 15563
1697 2001 1757 2038 {ez
1777 2015 1819 2038 os
1839 2007 1950 2039 votos

336 2058 427 2094 dela
447 2058 523 2104 day
543 2071 566 2094 a
585 2064 668 2095 tres
686 2072 812 2095 annos
832 2071 957 2106 pouco
976 2060 1077 2096 mais
1096 2072 1147 2096 ou
1166 2073 1317 2097 menos.
1339 2061 1425 2097 Leo
1445 2061 1544 2097 latin
1562 2066 1706 2108 quatro
1725 2073 1863 2107 annos;
1886 2062 1950 2098 de-

336 2119 421 2164 pois
440 2119 558 2154 ouuio
578 2131 599 2155 o
618 2131 734 2155 curso
753 2119 823 2155 das
842 2124 962 2164 artes,
985 2131 1006 2156 e
1026 2132 1151 2165 agora
1170 2121 1233 2158 lee
1262 2126 1376 2157 outra
1397 2134 1469 2157 vez
1496 2121 1596 2158 latin
1622 2126 1736 2158 neste
1764 2122 1948 2169 collegio.

337 2178 401 2213 He
421 2184 569 2215 mestre
591 2192 640 2216 en
660 2184 809 2216 artes».
