2051 3516
665 266 929 303 ‹ss—PRAGA
960 266 999 301 11
1024 265 1136 311 JUNH
1168 265 1257 300 1557
1659 263 1728 299 ‘267

141 364 213 408 ris
234 376 492 417 successu,
519 363 722 418 patienti
749 362 1033 413 tolerantia,
1063 370 1166 405 tum
1191 360 1339 405 etiam
1364 359 1634 404 bohemicis
1658 374 1769 415 ope-

79 427 82 429 *
141 440 302 497 rariis,
330 441 455 485 bene
480 440 526 484 in
549 450 725 484 nostra
750 438 1020 484 uocatione
1046 443 1063 463 ³
1087 436 1323 482 fundatis.
1452 497 1454 500 .

197 517 239 562 6.
305 517 418 576 Jam
451 516 497 562 in
532 516 762 572 proximo
786 515 915 561 festo
939 513 1264 559 Pentecostes
1300 512 1577 558 orationem
1604 512 1773 557 habuit

139 594 379 651 magister
402 591 666 639 Gerardus
690 595 702 617 ¹
728 593 776 638 in
799 607 934 647 arce,
961 591 1047 636 sed
1070 602 1117 635 et
1141 589 1483 646 auspicabitur
1508 589 1769 633 lectionem

139 670 442 725 catechismi,
470 670 515 714 in
541 670 758 727 gratiam
794 669 1040 714 iuniorum
1076 667 1394 713 sacerdotum
1426 665 1575 715 arcis,
1603 665 1775 710 diebus

139 746 395 793 dominicis
419 761 479 791 ac
504 745 711 803 festiuis;
734 746 976 802 proxime
1008 744 1234 800 incipiet,
1261 743 1447 788 deinde
1474 746 1772 798 prosecutu-

140 837 255 869 ras:
273 823 425 868 Pater
459 823 721 868 Hurtadus
755 823 770 847 2
805 821 1026 867 eandem
1050 820 1069 847 b
1097 820 1360 866 lectionem
1396 819 1568 864 iisdem
1604 819 1777 863 diebus

137 900 456 957 prosequitur
490 899 798 945 scholasticis
823 908 870 944 et
894 898 1001 944 aliis
1027 898 1295 943 extraneis
1319 903 1334 924 ε
1362 897 1409 941 in
1444 896 1658 951 collegio
1694 912 1775 940 no-

138 988 259 1034 str0,
288 979 373 1023 cai
389 977 554 1034 pauci
577 978 844 1022 auditores
879 976 1152 1031 intersunt,
1181 979 1399 1031 praeter
1431 977 1634 1018 nostros
1653 973 1775 1031 fra-

139 1059 243 1100 tres
286 1059 335 1099 et
377 1054 573 1117 aliquot
613 1054 874 1099 studiosos
925 1052 1240 1109 ordinarios,
1286 1065 1380 1096 sex
1424 1054 1517 1095 ant
1558 1054 1772 1107 septem,

138 1132 448 1189 quandoque
481 1136 657 1177 tamen
696 1132 894 1189 plures,
931 1130 1026 1175 sed
1056 1129 1339 1174 instabiles.
1377 1128 1575 1173 Paucos
1619 1129 1776 1172 etiam

138 1214 348 1265 semper
370 1209 610 1255 habemus
634 1209 880 1254 maiorum
906 1207 1139 1253 classium
1164 1206 1370 1252 stabiles
1394 1205 1650 1250 auditores
1674 1205 1779 1249 υἱεῖ

139 1300 234 1330 sex
268 1290 360 1330 aut
390 1290 612 1342 septem:
645 1299 806 1343 qnare
839 1299 1075 1330 successu
1109 1283 1347 1340 temporis
1388 1297 1647 1339 possemus
1688 1297 1774 1327 eas

138 1362 344 1419 implere
368 1363 568 1413 nostris,
597 1363 756 1408 donec
790 1361 986 1407 interim
1020 1361 1102 1406 alii
1136 1361 1381 1405 minorum
1406 1360 1641 1405 classium
1666 1375 1775 1415 pro-

140 1449 453 1498 moueantur,
476 1441 604 1497 quod
624 1440 889 1496 aliquando
909 1455 998 1495 per
1018 1438 1111 1484 Dei
1130 1438 1347 1495 gratiam
1366 1438 1474 1483 fore
1493 1452 1771 1493 speramus.

200 1517 240 1562 7.
307 1517 354 1562 A
388 1518 528 1563 nobis
563 1533 702 1573 uero,
730 1516 959 1573 quamuis
994 1516 1248 1561 hohemice
1283 1515 1511 1560 discatur
1539 1513 1575 1571 ⁶¹,
1609 1523 1777 1559 tamen

141 1595 244 1639 sine
278 1596 660 1640 conuersatione
693 1601 709 1621 e
752 1594 1018 1639 difficulter
1043 1593 1157 1649 quid
1190 1592 1200 1618 ¹
1246 1592 1442 1638 uidetur
1461 1592 1592 1649 fieri
1620 1599 1639 1625 g
1668 1606 1776 1647 pos-

139 1687 208 1724 se,
244 1672 357 1717 licet
391 1671 420 1716 ii
456 1676 692 1717 nostram
715 1670 732 1697 ᾗ
766 1671 845 1728 qui
880 1671 1062 1716 scholis
1095 1685 1366 1726 puerorum
1400 1678 1655 1725 praesunt,
1683 1682 1777 1713 7203

140 1747 300 1794 aliosi
335 1764 396 1794 ea
424 1749 471 1793 in
503 1749 674 1806 lingua
709 1749 855 1805 longe
881 1747 1098 1793 uincant.
1123 1746 1251 1791 Hinc
1276 1746 1399 1794 illud
1428 1756 1502 1791 est
1537 1745 1667 1801 quod
1693 1746 1775 1790 bo-

138 1826 368 1871 haemum
393 1826 726 1882 sacerdotem,
749 1825 1090 1871 confessorem
1111 1833 1158 1870 et
1183 1824 1591 1869 concionatorem
1617 1836 1778 1879 agen-

138 1907 255 1959 tem,
282 1904 362 1948 uel
396 1903 560 1957 etiam,
589 1903 628 1948 si
662 1902 768 1948 fieri
802 1912 988 1959 posset,
1015 1902 1199 1958 piures,
1234 1900 1372 1946 multi
1408 1900 1554 1945 amici
1589 1899 1776 1944 deside-

140 1984 317 2024 rarent
350 1979 375 2037 1',
403 1979 668 2036 dicuntque
692 1996 751 2025 ea
775 1995 865 2024 nos
890 1979 1083 2024 ratione
1095 1978 1346 2036 facturos
1368 1976 1387 2003 ¹<
1416 1976 1651 2022 fructum.
1679 1974 1779 2021 Sed

140 2066 187 2102 et
213 2057 471 2113 plebecula
495 2058 590 2102 hoc
615 2057 705 2103 sibi
730 2056 1113 2102 desiderandum
1139 2072 1234 2100 non
1260 2070 1380 2101 raro
1412 2055 1615 2100 fatetur.
1643 2054 1777 2099 Dicit

139 2134 267 2179 enim
291 2150 380 2180 nos
404 2134 493 2180 sibi
518 2150 664 2191 posse
688 2134 942 2191 prodesse,
969 2134 1008 2179 si
1033 2134 1331 2178 haberemus
1356 2132 1437 2189 qui
1462 2147 1632 2177 secum
1668 2146 1775 2187 pos-

139 2212 201 2257 sit
224 2227 379 2268 agere
402 2211 732 2269 familiariter,
759 2212 854 2257 hoc
887 2222 962 2257 est
997 2210 1302 2257 bohaemice.
1331 2210 1459 2255 Nam
1495 2208 1772 2266 (inquiunt),

140 2288 179 2333 si
202 2304 291 2333 nos
316 2288 482 2334 dicant
506 2304 661 2345 agere
692 2289 821 2334 male
856 2288 945 2345 (sic
979 2275 1109 2333 enim
1140 2287 1291 2332 etiam
1324 2287 1464 2331 nobis
1497 2284 1778 2331 tacentibus

140 2364 427 2410 existimant
460 2381 550 2410 nos
589 2365 791 2422 dicere),
824 2365 1033 2410 uelimus
1067 2380 1172 2408 rem
1206 2363 1366 2420 ipsam
1397 2364 1460 2408 ab
1490 2362 1560 2407 eis
1592 2376 1777 2417 cogno·

141 2457 299 2499 scere3
322 2446 498 2487 etcum
523 2442 531 2468 ¹
564 2442 721 2488 nostri
745 2442 975 2488 bohaemi
995 2442 1088 2487 hoc
1107 2442 1288 2497 dicant,
1312 2441 1401 2497 ipsi
1421 2454 1543 2485 uero
1562 2438 1776 2495 jesuitae

188 2628 205 2648 a
237 2622 462 2666 vocatione;
479 2621 659 2657 obscure
677 2619 1074 2665 exaratumfaerat
1087 2620 1218 2656 lzocv.
1238 2620 1283 2655 in
1306 2630 1384 2655 ms.
1432 2617 1497 2644 -b
1523 2621 1773 2653 consuetam.

143 2688 203 2708 *c
252 2681 444 2717 externis.
510 2680 577 2707 —d
625 2680 838 2716 discamus.
893 2686 957 2706 -θ
1001 2679 1313 2715 conuersatione
1351 2677 1516 2714 maiore.
1584 2675 1641 2703 -f
1682 2676 1778 2723 quid

141 2753 334 2787 magnum
358 2741 399 2776 in
425 2753 473 2776 ea
498 2741 658 2787 lingua.
717 2747 782 2773 —g
814 2740 1026 2786 praestari.
1081 2738 1147 2765 -h
1181 2751 1230 2774 ex
1261 2736 1420 2773 nostris.
1474 2735 1529 2762 ...i
1582 2736 1774 2783 reliquos.

142 2799 196 2834 —i
239 2800 481 2836 desiderant.
534 2799 599 2826 —k
632 2799 861 2836 vberiorem
881 2804 1159 2846 percepturos.
1216 2797 1269 2822 μὶ
1300 2808 1390 2832 cum
1410 2796 1530 2832 enim.

190 2955 201 2974 ¹
252 2953 462 2991 Gerardus
488 2953 741 2990 XVerdenus.
780 2952 926 3000 Supra,
956 2965 1049 2999 pag.
1081 2952 1160 2995 167,
1194 2957 1330 2987 annot.
1363 2940 1413 2988 2..
1432 2950 1599 2987 Festum
1631 2949 1776 2986 Pente-

142 3019 272 3050 costes
291 3026 338 3050 eo
358 3026 462 3050 anno
481 3014 522 3050 in
541 3013 647 3050 diem
665 3012 688 3049 6
702 3012 813 3059 Junii
832 3012 984 3048 incidit.

189 3074 202 3092 ²
252 3072 296 3108 P.
318 3072 530 3109 Hurtadus
549 3072 691 3109 Perez.
714 3071 862 3118 Supra,
885 3085 978 3118 pag.
1005 3071 1082 3111 170,
1106 3076 1240 3107 annot.
1262 3070 1297 3107 2.
