2051 3516
534 356 963 395 175.-VALL150LE10
988 356 1012 392 3
1033 354 1143 402 JUNn
1172 354 1262 390 1558
1595 351 1663 387 705

81 456 191 501 dine
214 455 498 509 utebantur,
526 452 689 498 Patris
726 452 980 497 cuiusdam
1015 449 1274 505 industria,
1312 448 1384 493 his
1420 446 1708 503 repudiatis,

81 532 330 588 prioribus
353 539 464 576 sunt
489 529 813 586 reconciliati,
840 537 988 585 atque
1013 527 1167 572 multa
1191 541 1393 571 suorum
1418 524 1710 570 delictorum

83 609 255 654 notitia
279 617 327 653 et
351 607 697 657 detestatione,
726 607 805 651 illa
827 605 1078 651 lachrimis
1098 604 1371 658 abluenteS,
1394 601 1523 657 quod
1549 601 1711 645 hacte-

83 700 172 730 nus
197 685 290 730 iter
313 683 603 740 perditionis
628 692 909 739 tenuerant,
937 691 1110 738 sponte
1135 681 1392 726 omissere.

139 763 182 808 3.
250 761 461 818 Quidam
498 761 623 806 alius
659 760 896 816 (eiusdem
931 758 1175 805 sententia
1209 756 1409 813 Patris),
1447 770 1593 811 quam
1630 753 1714 799 ini-

83 840 188 898 quis
214 839 369 884 modis
394 849 441 883 et
464 838 729 883 multorum
754 837 948 894 iniuria,
976 845 1190 893 quatuor
1220 835 1539 880 tallentorum
1573 840 1622 876 et
1656 846 1714 876 eo

84 917 296 974 amplius
320 931 425 960 rem
451 915 748 960 familiarem
775 923 1118 971 congesserat,
1147 922 1197 957 ut
1232 910 1484 957 Christum
1518 907 1714 954 lucrifa-

85 1002 238 1050 ceret,
281 1002 334 1038 ut
365 1001 560 1038 stercus
599 1001 673 1037 est
707 991 997 1037 arbitratus.
1036 990 1103 1036 Ut
1127 1006 1190 1035 ex
1213 990 1306 1034 hoc
1331 987 1606 1045 paternitas
1631 995 1717 1031 tua

89 1070 293 1126 colligat
327 1078 564 1126 quantum
603 1068 848 1125 flagraret
888 1067 1051 1112 diuino
1090 1082 1279 1119 amore,
1320 1065 1399 1122 qui
1434 1064 1716 1110 diuitiarum

88 1147 341 1205 cupiditati
365 1147 435 1192 sic
459 1146 631 1192 frenos
655 1145 892 1191 iniecerit.
1131 1190 1134 1193 .

145 1226 188 1271 4.
255 1224 346 1270 His
380 1225 529 1270 etiam
565 1223 841 1280 adiungere
875 1221 1059 1267 uissum
1098 1230 1173 1266 est
1212 1220 1379 1272 alium,
1417 1220 1498 1276 qui
1536 1219 1717 1275 puella,

88 1303 226 1349 cuius
250 1302 517 1347 tenebatur
540 1316 729 1357 amore,
757 1315 869 1345 cum
893 1299 1105 1356 turpiter
1130 1299 1423 1344 abuteretur
1448 1307 1494 1342 et
1514 1297 1618 1341 eius
1637 1311 1720 1353 pa-

90 1390 256 1427 rentes
280 1380 422 1437 (quos
446 1378 746 1425 matrimonii
769 1393 855 1435 spe
879 1377 1173 1435 pellexerat,
1201 1385 1255 1421 vt
1289 1376 1379 1421 sibi
1413 1375 1622 1420 liberum
1658 1373 1720 1418 ad

92 1458 256 1515 filiam,
294 1457 487 1515 quoties
526 1457 690 1513 uellet,
732 1455 920 1501 aditum
955 1455 1145 1511 darent,
1184 1453 1299 1510 quia
1332 1452 1422 1498 sibi
1458 1452 1721 1508 desponsa-

88 1546 189 1582 tam
213 1535 519 1581 clandestino
544 1533 883 1589 asseueraret)
920 1533 1014 1578 hac
1047 1548 1134 1589 spe
1168 1531 1485 1588 produceret,
1522 1528 1722 1575 tandem

89 1613 360 1659 salutiferis
386 1612 638 1658 cuiusdam
665 1611 829 1657 Patris
863 1610 1078 1656 consiliis
1112 1609 1175 1655 ad
1205 1625 1257 1654 se
1292 1623 1527 1664 reuersus
1561 1606 1729 1663 coepit-

92 1691 319 1748 cogitare
359 1690 553 1747 quantis
597 1689 812 1745 undique
852 1687 1184 1734 conscientiae
1224 1687 1469 1732 aduersus
1507 1684 1722 1741 seipsum

93 1768 390 1815 oblatrantis
413 1777 764 1824 praemeretur
794 1766 1054 1824 angustiis,
1081 1780 1328 1822 quamque
1353 1764 1486 1809 tenui
1511 1763 1574 1809 ab
1609 1762 1726 1819 ipsis

92 1847 270 1893 inferni
293 1847 485 1892 foribus
510 1847 709 1892 abesset
739 1845 1037 1891 discrimine:
1075 1860 1229 1902 quare
1264 1843 1585 1889 uehementer
1618 1857 1726 1898 per-

92 1925 275 1982 culsus,
303 1933 448 1970 actae
472 1923 608 1969 vitae
631 1923 744 1969 uela
769 1922 970 1979 cupiens
994 1931 1212 1979 uertere,
1234 1930 1465 1966 cunctam
1490 1920 1725 1975 thegnam

93 2002 156 2048 ad
181 2002 391 2047 eundem
416 2001 590 2047 detulit
614 2001 832 2057 Patrem,
860 1999 967 2059 ejus
998 2000 1269 2056 implorans
1304 2009 1352 2045 et
1386 1998 1644 2044 consilium
1681 2007 1728 2043 et

94 2096 252 2137 opem,
280 2089 332 2125 ut
355 2080 505 2126 tantis
531 2079 672 2125 malis
696 2095 748 2124 se
773 2088 939 2136 posset
963 2077 1214 2135 expedIre3
1243 2078 1302 2122 de
1327 2077 1465 2123 cuius
1485 2075 1728 2122 sententia

95 2158 208 2215 quia
232 2157 602 2203 matrimonium
627 2157 754 2202 inter
774 2166 1055 2214 utrumque,
1084 2165 1250 2212 utpote
1270 2155 1439 2212 dispar
1463 2154 1728 2199 admodum

96 2237 159 2282 ob
183 2235 477 2281 conditionis
500 2235 892 2292 inequalitatem,
919 2234 1189 2280 conuenire
1215 2249 1310 2278 non
1347 2242 1560 2290 poterat,
1599 2231 1729 2288 puel-

97 2315 174 2359 lae
200 2313 244 2358 in
269 2313 374 2359 eius
398 2313 563 2358 dotem
589 2313 719 2358 mille
743 2328 925 2358 aureos
949 2311 1171 2358 contulit.

153 2392 197 2437 5.
263 2391 577 2448 Frequentes
602 2391 665 2436 ab
690 2390 786 2436 alio
812 2389 962 2436 Patre
994 2405 1081 2447 per
1116 2389 1279 2446 oppidi
1314 2389 1515 2434 diuersa
1549 2388 1733 2443 templa

97 2478 209 2514 sunt
232 2469 326 2514 hac
350 2468 767 2526 quadragessima
792 2467 1057 2513 conciones
1080 2467 1297 2519 habitae,
1330 2466 1470 2511 cuius
1506 2464 1733 2510 doctrina

100 2547 281 2604 populo
306 2546 431 2592 adeo
457 2546 617 2592 extitit
643 2555 867 2603 accepta,
895 2554 947 2590 ut
969 2561 1066 2591 non
1092 2545 1191 2591 alia
1215 2545 1278 2590 ad
1308 2560 1419 2590 eum
1453 2543 1733 2600 frequentia

100 2632 508 2680 concurreretur,
536 2639 595 2669 ac
620 2639 766 2680 apum
789 2624 1020 2669 examina
1045 2624 1108 2669 ad
1132 2622 1358 2668 aluearia
1382 2622 1556 2666 solent.
1584 2619 1733 2665 Domi

102 2701 252 2747 etiam
276 2701 533 2747 dominicis
557 2701 729 2746 diebus
748 2701 873 2747 alius
894 2710 967 2746 est
985 2700 1326 2756 concionatus,
1350 2708 1498 2755 atque
1518 2699 1582 2743 ab
1601 2707 1734 2743 utro—

104 2795 197 2836 que
221 2778 243 2799 a
267 2778 485 2824 maximo
510 2793 620 2823 curn
646 2778 895 2824 hominum
921 2778 1188 2823 multorum
1213 2777 1381 2822 fructu
1411 2775 1445 2821 b.

160 2856 203 2902 6.
271 2856 464 2902 Harum
488 2871 655 2902 rerum
689 2856 735 2901 in
768 2855 985 2902 maximo
1021 2864 1192 2901 nostro
1226 2855 1398 2900 dolore
1433 2854 1612 2900 solatio
1646 2853 1736 2899 uti-

152 3060 171 3080 a
221 3065 394 3107 utraque
415 3071 494 3097 ms.
550 3059 615 3087 —b
648 3058 725 3096 Est
742 3059 928 3096 hocloco
947 3059 1124 3095 stellula
1150 3058 1169 3078 ‘³²
1194 3058 1240 3094 in
1268 3068 1365 3101 ms„
1391 3067 1505 3103 qnae
1530 3058 1740 3102 repetitur

103 3123 251 3166 postea
276 3123 379 3157 ante
400 3120 531 3157 verba
551 3118 680 3166 Spero
700 3119 798 3164 fore,
822 3118 1186 3164 melz'etsfortasse
1204 3117 1460 3154 collocanda
1476 3118 1613 3163 paulo
1633 3116 1740 3162 z‘nfh-

107 3181 200 3218 rz‘us
219 3184 322 3218 ante
339 3180 469 3217 verba
489 3179 574 3216 Iam
597 3192 704 3217 vero.

213 3281 382 3311 LITTERAE
402 3281 701 3315 QUADRIMESTRES.
722 3281 812 3309 TOM.
835 3280 872 3309 V.
1601 3279 1635 3305 45
