2051 3516
342 292 408 328 140
808 291 1024 327 LITTERAE
1051 289 1404 334 QUADRIMEsTREs

293 400 474 443 regens
498 401 595 430 una
618 400 728 430 cum
752 385 842 429 M.0
876 384 1092 429 Hen1·ico
1116 381 1401 428 concionari
1425 396 1536 426 curn
1560 381 1776 426 maximo
1807 381 1906 425 ani-

293 476 487 507 morum
511 461 714 506 foenore
738 471 966 517 pergunt,
992 460 1061 504 ita
1088 468 1136 503 ut
1160 458 1441 513 lachrymas
1474 457 1742 510 excutiant,
1780 457 1908 513 quod

292 553 411 584 sane
445 547 519 583 est
554 538 623 583 his
658 538 703 582 in
733 538 955 593 partibus
987 534 1347 589 admirandum,
1384 549 1493 578 cum
1527 533 1626 578 tale
1659 533 1906 590 quippiam

293 630 391 660 non
413 614 561 660 fuerit
586 629 799 669 unquam
823 613 899 657 hic
923 612 1155 657 auditum.

351 691 394 737 8.
460 690 697 747 Discipuli
723 690 875 734 nostri
901 698 948 734 et
971 688 1174 745 singulis
1198 688 1366 732 diebus
1390 701 1538 731 sacro
1562 686 1726 731 diuino
1761 685 1908 731 inter-

294 778 420 823 sunt,
447 776 495 812 et
518 767 673 823 pri'mo
698 781 891 822 quoque
916 765 1094 810 mensis
1113 764 1188 809 die
1214 762 1524 809 confitentur.
1554 762 1632 806 Ad
1657 777 1746 807 nos
1770 777 1908 818 prae-

269 872 271 875 ·
295 844 443 889 terita
468 842 790 895 hebdomada,
819 852 926 898 post
950 842 1118 886 uarios
1141 840 1512 896 asperimosque
1536 838 1807 894 conflictus,
1834 854 1908 884 sa-

297 920 405 964 luus
428 919 625 964 tandem
650 933 709 962 ac
733 917 987 962 incolumis
1020 917 1079 961 fr.
1108 916 1152 960 in
1188 915 1385 961 Christo
1408 914 1710 959 Franciscus
1733 914 1909 959 Home-

298 996 433 1040 rulus
467 995 623 1039 rediit.
661 994 903 1049 Nunquid,
930 1002 982 1038 ut
1005 1001 1236 1048 parentes
1260 982 1557 1046 coecutiunt,
1586 992 1910 1036 uolueruntne

296 1071 361 1116 illi
385 1072 616 1116 tenebras
641 1070 967 1126 frigidamque
992 1068 1272 1113 offundere?
1295 1067 1421 1112 Nam
1446 1083 1556 1112 cum
1580 1068 1683 1112 eius
1707 1066 1867 1111 frater
1885 1082 1911 1111 e

296 1147 419 1192 uiuis
453 1147 762 1200 excessisset,
790 1146 914 1191 illius
948 1146 1163 1190 animum
1197 1161 1226 1189 a
1261 1144 1500 1201 religione
1534 1145 1597 1189 ad
1629 1144 1910 1200 coniugium

295 1224 559 1269 traducere
584 1224 905 1268 conabantur.
933 1221 1031 1267 Sed
1054 1222 1309 1277 Dominus,
1337 1220 1509 1266 salutis
1534 1221 1746 1266 omnium
1772 1237 1911 1266 acer-

301 1300 454 1344 rimus
479 1299 725 1354 defensor,
752 1299 887 1343 stetit
905 1314 994 1354 pro
1015 1314 1087 1343 eo.
1117 1299 1184 1343 At
1209 1299 1398 1343 interea
1422 1298 1672 1355 temporis,
1700 1313 1811 1343 curn
1830 1313 1911 1343 no-

298 1375 442 1420 bilem
467 1375 711 1431 quandam
736 1384 1012 1419 matronam
1039 1390 1149 1419 cum
1174 1374 1270 1418 filio
1300 1373 1553 1429 dissidere,
1590 1389 1650 1419 ac
1682 1373 1831 1419 filium
1866 1374 1912 1419 in

297 1461 506 1497 matrem
531 1460 742 1508 quatuor
767 1467 920 1495 annos
945 1451 1225 1496 intestinum
1250 1451 1410 1496 odium
1435 1451 1480 1495 in
1505 1451 1599 1496 imo
1618 1460 1820 1507 pectore
1838 1451 1908 1496 fo-

298 1528 426 1573 uisse
450 1528 768 1572 intellexisset
790 1534 822 1581 ²³,
852 1528 1002 1572 mouit
1026 1543 1217 1572 omnem
1244 1527 1454 1584 lapidem
1478 1537 1530 1572 ut
1554 1528 1660 1573 lites
1690 1544 1751 1573 ac
1774 1527 1907 1573 dissi-

299 1604 379 1648 dia
403 1604 667 1648 dirimeret.
698 1602 876 1659 Sicque
900 1618 1010 1648 cum
1035 1605 1183 1648 semel
1206 1620 1269 1649 ex
1292 1604 1543 1659 insperato
1568 1619 1676 1649 cum
1696 1604 1777 1649 illo
1796 1604 1911 1649 ado-

299 1680 513 1724 lescente
538 1679 582 1724 in
608 1679 737 1724 uiam
759 1695 811 1724 se
842 1679 1070 1732 dedisset,
1107 1680 1363 1735 proposuit
1398 1680 1442 1724 in
1477 1690 1659 1736 quanto
1688 1681 1820 1726 uitae
1853 1696 1914 1725 ac

298 1756 469 1801 salutis
493 1756 769 1800 discrimine
795 1765 1098 1800 uersaretur.
1122 1756 1249 1800 Tum
1270 1772 1390 1801 uero
1410 1757 1569 1813 coepit
1588 1772 1692 1802 rem
1712 1757 1912 1813 diligen-

299 1832 394 1876 tius
418 1832 702 1876 adolescens
728 1832 1021 1887 expendere.
1047 1832 1269 1888 Cumque
1290 1832 1332 1877 in
1354 1834 1522 1878 urbem
1543 1844 1743 1878 uentum
1764 1843 1909 1888 esset,

299 1908 472 1953 matris
496 1909 787 1963 colloquium
812 1908 1011 1963 expetit,
1040 1924 1250 1964 quacum
1275 1919 1422 1954 antea
1453 1925 1692 1954 summum
1723 1910 1913 1955 facinus

301 1985 457 2029 uerba
475 1984 643 2029 facere
662 2000 855 2040 semper
875 1984 1103 2030 duxerat.
1128 1986 1290 2031 Mater
1310 2002 1429 2031 uero
1449 1986 1578 2031 haud
1598 1987 1801 2043 negauit
1817 1987 1914 2032 col-

302 2060 531 2115 loquium,
559 2061 724 2115 sicque
749 2061 879 2105 illum
906 2070 1158 2117 tamquam
1183 2061 1348 2115 filium,
1377 2062 1453 2107 hic
1483 2078 1602 2107 uero
1628 2063 1758 2107 illam
1784 2064 1915 2108 uelut

300 2144 505 2180 matrem
530 2136 749 2191 agnouit.

355 2211 396 2255 9.
464 2212 674 2267 Verum,
701 2222 752 2257 ut
777 2213 837 2257 ad
870 2214 1173 2258 colonienses
1209 2230 1285 2259 me
1321 2215 1554 2270 referam,
1591 2215 1741 2260 Pater
1776 2231 1912 2260 reve-

299 2288 464 2344 rende,
507 2288 552 2332 in
592 2288 803 2333 omnium
839 2304 924 2333 ore
959 2305 1237 2347 versamur,
1275 2300 1321 2335 et
1357 2292 1536 2346 passim
1567 2292 1625 2336 de
1655 2292 1795 2337 nobis
1825 2292 1913 2337 cir-

298 2364 573 2408 cumfertur
602 2380 782 2409 sermo.
820 2364 1002 2411 Omnes
1037 2382 1124 2411 nos
1158 2367 1349 2424 quidem
1384 2369 1641 2423 plurimum
1675 2369 1914 2424 uniceque

300 2439 506 2495 diligunt
545 2455 604 2484 ac
643 2451 825 2485 amant.
864 2441 1051 2486 Tamen
1088 2443 1178 2488 hoc
1214 2452 1288 2488 est
1321 2445 1559 2500 reliquum
1594 2445 1722 2500 quod
1756 2446 1915 2490 adhuc

301 2516 461 2560 animo
486 2517 705 2572 suspensi
731 2526 1005 2573 teneantur;
1043 2534 1155 2563 nam
1190 2535 1356 2565 rerum
1391 2521 1606 2566 omnium
1641 2522 1823 2566 exitum
1848 2522 1913 2566 lu-

301 2592 492 2635 bentius
516 2608 661 2648 quam
684 2593 868 2638 initium
893 2605 1114 2640 cernunt.
1142 2595 1240 2641 Sed
1264 2596 1410 2641 dubio
1435 2598 1604 2653 procul
1624 2598 1712 2654 piis
1731 2598 1913 2643 conati‹

301 2668 391 2711 bus
420 2667 768 2726 foelicibusque
804 2670 1032 2725 auspiciis
1072 2672 1201 2716 haud
1240 2688 1428 2718 summa
1467 2690 1681 2730 unquam
1722 2675 1914 2720 bonitas

304 2744 472 2788 deesse
497 2746 690 2799 poterit,
718 2762 842 2802 quae
867 2763 975 2792 cum
1001 2748 1169 2793 iecerit
1199 2749 1586 2807 fundamentum,
1620 2751 1755 2796 dabit
1788 2761 1837 2796 et
1869 2751 1915 2796 in

302 2820 492 2864 culmen
518 2822 669 2866 exire.
699 2822 861 2878 Quam
885 2824 946 2868 ob
970 2839 1171 2870 causam
1197 2842 1364 2872 omnes
1388 2827 1456 2872 V.
1493 2827 1553 2873 R.
1591 2828 1643 2873 P.
1682 2829 1914 2874 obsecra-

305 2911 427 2952 mus,
460 2906 509 2940 ut
542 2912 630 2941 nos
665 2914 753 2942 sua
788 2900 1013 2945 oratione
1048 2901 1234 2959 fulciat,
1270 2904 1605 2960 maioremque
1639 2920 1668 2949 a
1702 2904 1915 2949 Domino

351 3065 368 3085 ³
415 3060 657 3096 Correcmm
679 3073 727 3097 ex
746 3063 957 3100 intellexit.
