2051 3516
522 289 884 327 39.—V1.x1[›0130x.i
915 291 957 327 17
983 290 1159 328 Apmms
1191 292 1280 328 1337
1602 296 1662 332 1⁴51

87 385 428 430 contendimus
452 400 538 430 eos
563 385 608 430 in
633 385 845 445 Domino
870 386 1135 441 consolari,
1165 396 1216 431 ut
1240 386 1356 432 forti
1381 389 1543 434 animo
1569 391 1713 435 hosti<

88 462 177 507 bus
197 461 481 507 domesticis
504 478 615 508 sese
641 472 909 520 opponant.

145 540 186 584 2.
254 540 501 585 Numerus
525 540 876 598 discipulorum
903 550 976 586 est
998 541 1086 586 370
1110 542 1216 598 plus
1241 542 1415 600 minus,
1444 559 1587 599 quem
1609 545 1714 590 bre-

87 616 132 661 ui
157 616 306 661 etiam
332 626 532 662 auctum
557 617 613 662 iri
638 632 912 674 speramus;
941 618 1043 663 imo
1063 619 1169 663 iam
1190 620 1241 664 in
1266 623 1469 665 tczlztmn
1493 622 1655 665 rrem'l
1683 629 1715 674 ³,

86 702 152 747 ut,
191 693 399 738 uelimus
433 694 658 744 nolimus.
695 710 875 740 nouam
911 694 1178 741 aedificare
1209 696 1428 741 scholam
1452 693 1715 754 cogamur,

84 769 146 814 ad
170 786 317 827 quam
350 770 523 816 melius
557 771 884 817 extruendam
920 771 1091 828 Praga
1128 772 1379 818 Viennam
1416 775 1554 820 nobis
1590 776 1717 821 misit

83 847 426 892 serenissimus
451 864 542 893 rex
567 865 888 894 romanorum
916 851 927 873 ¹
951 849 1149 906 aliquod
1170 852 1408 907 pecuniae
1429 853 1713 898 subsidium.

82 923 285 969 Plurimi
309 941 372 970 ex
395 925 646 982 discipulis
669 926 891 971 fatentur
915 942 967 971 se
998 942 1240 983 nusquam
1275 938 1466 974 tantum
1502 945 1592 974 sua
1618 931 1719 976 lite-

84 1018 253 1047 rarum
278 1002 440 1047 studia
466 1004 537 1058 (ut
562 1003 756 1050 interim
782 1003 979 1060 pietatis
1004 1005 1220 1062 taceam)
1247 1021 1337 1062 pro
1373 1006 1566 1052 ratione
1601 1016 1717 1052 tem-

82 1079 215 1135 poris
241 1080 565 1137 promouisse,
594 1090 830 1137 quantum
858 1081 989 1138 apud
1015 1098 1119 1127 nos.

138 1157 180 1202 3.
248 1157 301 1202 In
325 1157 640 1205 confessione
663 1175 866 1205 suorum
892 1169 1215 1216 peccatorum
1241 1160 1322 1217 (ex
1343 1177 1438 1218 qua
1458 1162 1715 1207 uberiores

82 1235 273 1281 fructus
317 1235 607 1293 cernimus),
655 1236 770 1282 item
815 1237 861 1282 in
912 1237 1208 1294 quotidianis
1253 1239 1411 1284 sacris
1462 1239 1718 1285 audiendis

80 1313 413 1369 promptiores
438 1314 880 1371 diligentioresque
904 1330 990 1360 eos
1014 1315 1059 1360 in
1084 1315 1187 1361 dies
1217 1316 1518 1372 experimur.
1546 1317 1599 1361 In
1624 1316 1717 1363 fide

80 1390 326 1435 catholica
350 1389 558 1436 libenter
582 1391 722 1437 nobis
747 1407 933 1436 morem
959 1401 1157 1449 gerunt,
1185 1408 1394 1449 eamque
1414 1394 1646 1450 priuatim
1667 1404 1715 1440 et

79 1469 287 1524 publice,
336 1468 414 1525 qui
455 1478 566 1514 sunt
604 1479 771 1515 aetate
812 1471 1171 1527 prouectiores,
1220 1482 1503 1528 propagant
1545 1476 1710 1528 prole-

75 1550 311 1603 gemetque
332 1546 366 1591 ¹³.

137 1624 178 1669 4.
247 1624 337 1669 His
361 1626 584 1681 proxime
610 1626 790 1682 elapsis
814 1626 986 1671 diebus
1012 1642 1211 1672 sacram
1236 1628 1565 1680 comoediam,
1590 1644 1716 1684 quae

79 1702 362 1748 inscribitur
389 1702 620 1757 Ecastus,
648 1703 720 1748 bis
755 1704 801 1749 in
836 1704 1098 1760 proscenio
1133 1705 1482 1760 exhibuerunt,
1520 1722 1582 1750 ex
1617 1722 1714 1763 qua

79 1779 340 1834 plurimum
366 1780 525 1825 laudis
548 1780 639 1825 sibi
664 1790 712 1826 et
737 1781 943 1826 multum
965 1782 1185 1827 laetitiae
1204 1783 1495 1839 parentibus
1514 1798 1714 1839 pepere-

79 1873 149 1914 re,
176 1858 315 1914 qnod
335 1873 436 1904 non
460 1865 475 1885 0
496 1875 671 1915 parum
692 1859 890 1915 pietatis
909 1869 956 1905 et
981 1859 1342 1906 aedificationis
1365 1861 1408 1905 in
1430 1860 1713 1906 auditorum

78 1934 253 1979 animis
278 1935 601 1993 reliquerunt,
630 1937 719 1994 qni
744 1951 852 1982 rem
876 1941 1079 1983 tantam
1101 1937 1303 1982 subiere
1327 1952 1544 1995 eamque
1563 1943 1713 1994 prae-

77 2012 215 2057 clare
234 2017 519 2069 potnerunt
551 2018 794 2060 tractare.
832 2015 1000 2060 Prima
1035 2015 1231 2061 actione
1266 2025 1578 2073 spectatores
1613 2015 1712 2062 fue-

79 2099 193 2136 runt
217 2090 282 2147 (ni
309 2091 448 2137 fallat
473 2107 550 2136 me
574 2092 824 2148 iudicium)
851 2092 922 2137 bis
947 2093 1076 2138 mille
1100 2093 1319 2150 circiter3
1353 2093 1440 2138 sed
1473 2103 1521 2139 et
1555 2109 1713 2150 aeque

77 2169 212 2213 multi
236 2168 283 2214 in
307 2169 542 2227 secunda,
580 2180 631 2215 ut
664 2170 874 2216 uidimus
908 2169 943 2228 d,
980 2172 1019 2216 si
1054 2171 1246 2217 coelum
1280 2171 1420 2217 nobis
1452 2171 1584 2217 aeris
1619 2172 1709 2217 cle-

79 2245 309 2291 mentiam
339 2247 696 2302 promissl'sset
729 2255 763 2300 ‘²;
802 2248 1031 2304 permulti
1065 2248 1193 2294 enim
1236 2249 1397 2294 coacti
1437 2264 1708 2294 recessere.

77 2322 479 2380 Composuerunt
503 2334 620 2370 tunc
643 2326 880 2382 temporis
904 2326 1078 2382 nostri,
1106 2335 1210 2371 tum
1235 2327 1472 2383 carmine,
1500 2336 1600 2371 tun]
1637 2342 1710 2370 so<

76 2401 178 2446 luta
203 2401 448 2457 oratione,
475 2416 751 2448 sacrarum
772 2403 1107 2460 fabularum,
1140 2404 1432 2449 studiorum
1470 2404 1617 2448 iaxta
1653 2417 1712 2448 (lc

72 2478 286 2534 pietatis
324 2479 522 2525 landes.
559 2480 669 2525 Non
693 2479 1001 2526 fdubitamus
1036 2481 1149 2537 quin
1189 2482 1318 2526 llaec
1354 2481 1538 2526 fuerint
1574 2480 1711 2525 bonis

77 2555 197 2601 uiris
220 2572 436 2613 magnae
459 2557 811 2603 aedificationi.

133 2634 176 2679 5.
244 2634 608 2692 Praeceptores
632 2651 803 2681 omnes
822 2636 922 2682 suis
941 2636 1116 2682 officiis
1136 2637 1396 2693 diligenter
1417 2636 1707 2692 funguntur,

76 2721 350 2768 curantque
390 2712 627 2769 imprimis
666 2724 718 2758 ut
757 2713 980 2770 discipuli
1020 2715 1182 2771 potius
1222 2713 1506 2758 incumbant
1541 2713 1709 2769 pietati

122 2893 139 2913 a
207 2887 320 2924 adeo,
382 2888 439 2914 -b
491 2894 831 2935 propugnantquc
885 2897 944 2915 -c
990 2903 1076 2926 nec.
1131 2890 1193 2915 —d
1249 2894 1291 2924 ut
1318 2889 1492 2925 uidimus
1520 2888 1704 2927 luissent.

76 2953 139 2974 -θ
174 2948 439 2993 praebuisset.
496 2947 551 2974 -f
597 2950 737 2993 multa,
759 2963 863 2996 quae
885 2963 977 2986 non.

125 3112 133 3130 ¹
186 3110 469 3148 Ferdinandus
488 3112 519 3149 Ι.

182 3194 348 3222 ΜΤΤΕΗΑΕ
369 3193 665 3228 QUADRIMESTRES.
688 3196 766 3224 ΤΟΜ
802 3196 837 3224 V.
1574 3200 1600 3227 11
