2051 3516
519 299 804 336 191.>-GENUA
837 300 850 336 1
882 300 1146 337 SEPTEMBRIS
1176 300 1267 336 1553
1546 280 1549 282 Ι
1593 297 1656 334 791

70 394 380 450 differentia;
423 394 634 450 primum
674 409 760 438 eas
805 395 997 450 quidem
1044 395 1218 452 quibus
1262 395 1399 439 Deus
1438 393 1540 449 ipse
1586 393 1707 438 inui-

70 482 144 517 tat
170 486 260 515 nos
284 480 433 527 atque
458 471 609 515 allicit
644 483 695 515 ut
721 485 832 515 cum
866 470 1080 528 fiduci[a]
1109 473 1170 517 ad
1201 487 1336 528 eum,
1374 480 1611 526 tanquam
1645 469 1708 514 ad

70 547 256 593 fontem
307 547 487 602 viuum,
535 546 902 603 confugiamus;
945 549 1179 604 secundo,
1223 549 1347 593 alias
1386 546 1707 592 comminato-

70 624 173 670 rias
196 624 373 680 quibus
397 633 594 668 terrore
629 623 866 679 minisque
902 625 1169 680 propositis
1203 634 1251 669 et
1286 625 1428 669 malis
1463 639 1589 680 quae
1626 639 1705 669 no-

69 702 142 747 bis
182 702 452 757 imminent,
490 701 581 746 nisi
622 702 667 745 id
701 701 981 757 fecerimus,
1020 717 1108 745 nos
1143 703 1379 758 deterret;
1418 702 1580 758 tertio,
1620 716 1708 746 eas

69 793 196 834 quae
242 778 522 823 uberrimos
568 778 833 823 ostendunt
869 789 1244 834 proponuntque
1279 778 1473 822 fructus
1513 794 1577 823 ex
1610 778 1707 823 fre—

71 855 235 912 quenti
260 855 594 900 eucharistiae
625 854 955 911 susceptione,
994 870 1116 910 quas
1152 871 1321 899 omnes
1359 855 1705 910 authoritates,

71 933 226 978 literis
250 932 534 977 maiusculis
555 933 858 986 scribendas,
882 942 1030 988 atque
1051 932 1321 987 parietibus
1343 932 1582 977 hincinde
1603 930 1708 976 affi-

71 1010 263 1068 gendas
287 1010 589 1063 curauimus,
621 1020 670 1054 ut
695 1010 1119 1066 praetereuntium
1146 1009 1300 1054 oculis
1326 995 1505 1053 obuiae
1525 1018 1705 1065 essent,

71 1087 393 1144 subijecimus
419 1087 566 1131 etiam
591 1087 797 1142 singulis
816 1086 1203 1131 authoritatibus
1223 1086 1463 1130 distichon
1487 1087 1706 1142 latinum,

70 1164 200 1210 idem
232 1164 429 1208 omnino
465 1164 734 1220 explicans.
774 1163 933 1208 Porro
969 1164 1193 1208 carmina
1229 1162 1471 1218 quaedam
1508 1161 1709 1217 vulgari

72 1244 241 1299 lingua
265 1242 539 1297 composita
563 1243 622 1286 de
646 1242 819 1286 eadem
853 1241 1065 1285 materia
1099 1256 1129 1285 a
1164 1240 1474 1285 scholasticis
1509 1239 1707 1296 nostris,

72 1320 274 1365 fuerunt
299 1321 565 1364 decantata
589 1319 635 1364 in
661 1319 817 1364 tribus
842 1319 1084 1363 altaribus
1109 1334 1237 1374 quae
1262 1318 1306 1362 in
1340 1318 1420 1362 uia
1456 1318 1658 1361 fuerant
1681 1332 1711 1361 a

72 1398 214 1442 nobis
237 1407 423 1452 erecta,
447 1413 556 1442 cum
584 1397 746 1441 multis
765 1396 872 1441 aliis
892 1396 1195 1441 carminibus
1216 1395 1278 1440 ad
1299 1394 1641 1451 praesbiteros
1661 1404 1709 1439 et

73 1476 135 1519 ad
159 1475 383 1529 singulos
406 1473 619 1518 fratrum
651 1473 1109 1528 monachorumque
1143 1473 1357 1528 ordines,
1396 1481 1444 1516 et
1478 1472 1539 1515 ad
1576 1471 1711 1515 ciues

73 1552 185 1596 dum
220 1567 306 1607 per
340 1551 605 1607 collegium
640 1560 863 1595 nostrum
897 1550 1193 1606 transibant,
1231 1564 1390 1606 neque
1425 1548 1517 1593 hoc
1551 1548 1710 1592 solum

73 1629 510 1686 praetereuntibus
544 1637 660 1673 tunc
693 1627 929 1684 temporis
964 1627 1138 1684 patuit,
1180 1642 1352 1671 verum
1388 1636 1436 1671 et
1475 1626 1564 1671 toti
1604 1624 1711 1670 fere

74 1705 279 1762 ciuitati,
307 1721 434 1762 quae
458 1705 798 1762 pomeridiano
822 1714 1047 1761 tempore
1067 1704 1130 1748 ad
1149 1704 1242 1749 hoc
1261 1704 1522 1760 pulchrum
1543 1703 1710 1748 lauda-

75 1783 270 1840 bileque
294 1783 636 1838 spectaculum
659 1781 894 1838 frequens
919 1781 1189 1836 concurrit,
1217 1780 1552 1826 authoritates
1589 1795 1709 1824 uero

73 1861 132 1905 de
158 1860 331 1917 quibus
354 1859 471 1915 dixi,
498 1858 749 1904 affiximus
773 1858 947 1904 deinde
971 1858 1161 1903 circum
1187 1857 1405 1914 parietes
1441 1857 1597 1901 nostri
1631 1871 1709 1901 sa-

60 1937 200 1994 celli,
229 1952 356 1994 quae
390 1936 553 1982 adhuc
588 1947 805 1992 manent,
843 1944 892 1981 et
914 1935 1100 1981 tacitae
1135 1934 1504 1993 quodammodo
1539 1934 1601 1979 ad
1636 1949 1711 1978 sa-

75 2013 321 2059 cramenti
346 2012 680 2070 frequentiam
703 2013 929 2058 inuitant.

133 2091 176 2137 5.
244 2091 321 2136 De
356 2090 563 2136 Patrum
597 2090 910 2146 fratrumque
945 2088 1236 2135 nostrorum
1276 2088 1529 2134 exercitiis
1568 2097 1616 2133 et
1650 2088 1711 2133 de

75 2168 284 2225 spiritali
310 2168 637 2224 incremento,
658 2183 755 2212 non
780 2177 856 2212 est
874 2168 1006 2223 quod
1024 2167 1280 2223 sigillatim
1301 2166 1498 2223 singula
1516 2181 1711 2211 enume-

77 2261 200 2302 rem,
237 2245 360 2290 satis
394 2245 614 2290 arbitror
648 2244 950 2302 significare,
986 2244 1211 2301 singulos
1246 2259 1336 2300 pro
1372 2243 1562 2289 uiribus
1596 2258 1714 2288 suos

62 2322 379 2368 contendere
403 2338 601 2379 neruos,
631 2332 681 2368 ut
706 2331 754 2368 et
776 2322 869 2368 sibi
893 2323 1121 2380 primum,
1149 2321 1324 2366 deinde
1345 2321 1452 2366 aliis
1473 2322 1712 2377 prodesse

76 2400 281 2458 possint,
309 2400 355 2445 id
380 2400 511 2456 quod
535 2401 842 2457 potissimum
866 2399 919 2446 fit
941 2416 1030 2457 per
1060 2400 1184 2445 duos
1208 2415 1272 2445 ex
1295 2399 1478 2444 nostris
1498 2400 1577 2455 qui
1603 2414 1711 2444 uer-

76 2479 192 2524 bum
235 2477 330 2523 Dei
369 2478 693 2524 disseminant
731 2479 938 2534 singulis
978 2478 1150 2524 diebus
1190 2477 1329 2522 festis
1372 2476 1714 2533 pomeridiano

76 2565 318 2611 tempore,
347 2555 563 2600 maximo
587 2571 699 2600 cum
724 2554 890 2600 fructu
915 2555 1234 2600 audientium.

135 2632 179 2678 6.
246 2632 322 2678 De
346 2633 544 2690 scholiS,
571 2633 834 2678 cumidem
866 2634 912 2679 in
944 2633 1170 2678 omnibus
1201 2631 1426 2688 collegiis
1457 2631 1581 2677 ordo
1611 2647 1712 2677 ser-

77 2719 241 2765 uetur,
269 2709 384 2754 nihil
419 2710 596 2765 dicam,
624 2710 715 2755 nisi
749 2710 809 2755 de
843 2710 1196 2766 discipulorum
1234 2724 1460 2765 numero,
1489 2709 1569 2765 qui
1602 2709 1714 2755 licet

76 2787 298 2833 incertus
321 2787 384 2832 sit
408 2796 456 2832 et
481 2788 667 2844 varius,
696 2787 841 2833 modo
866 2787 995 2833 enirn
1030 2787 1230 2843 crescit,
1256 2785 1403 2831 modo
1428 2786 1587 2831 instar
1611 2802 1711 2831 ma-

77 2865 145 2910 ris
170 2864 430 2921 decrescit,
453 2880 702 2922 nunquam
725 2874 892 2911 tamen
917 2865 1094 2910 desunt
1117 2864 1315 2909 ducenti
1335 2863 1442 2908 fere
1467 2864 1548 2920 qui
1572 2865 1713 2909 scho-

78 2942 153 2986 las
176 2951 375 2986 nostras
400 2941 717 2998 frequentent
750 2941 968 2986 maximo
1002 2956 1114 2986 cum
1148 2939 1332 2986 fructu.
1359 2939 1487 2985 Nam
1511 2950 1714 2997 praeter

78 3015 323 3064 exercitia
347 3016 493 3064 solita
516 3018 783 3065 Societatis
807 3028 1029 3073 nostrae,
1056 3018 1135 3062 hic
1164 3027 1468 3064 exercentur
1492 3018 1642 3063 etiarn
1667 3019 1714 3064 in

80 3096 429 3152 componendis
474 3096 942 3151 declamationibus,
990 3110 1113 3151 quas
1165 3095 1359 3151 publice
1410 3095 1624 3141 recitant
1668 3096 1715 3140 in
