2051 3516
390 315 457 351 604
856 314 1075 350 LITTERAE
1103 313 1457 357 QUADRIMESTRES

345 410 451 454 aliis
486 409 726 453 nonnullis
763 410 1101 464 apostolorum
1137 408 1323 463 diebus,
1365 408 1609 452 seminare
1651 422 1761 452 cum
1802 407 1965 452 fructu

345 495 649 542 perseuerat.
694 486 745 530 In
782 486 944 532 vicina
982 485 1222 542 parochia
1261 485 1407 530 etiam
1447 500 1575 529 nunc
1608 484 1766 540 primo
1801 484 1965 529 vocati

345 579 512 608 sumus
536 563 597 608 ad
621 563 892 608 audiendas
924 562 1277 607 confessiones.
1311 561 1386 606 De
1420 577 1516 617 qua
1550 577 1604 606 re
1638 561 1831 617 gratias
1865 561 1966 617 agi-

345 656 451 685 mus
475 640 583 685 Deo
609 640 738 696 quod
761 640 901 685 nobis
925 640 1022 684 iam
1046 639 1204 683 isthuc
1227 638 1358 683 viam
1383 638 1648 694 aperuerit.
1673 638 1727 682 In
1757 638 1968 694 collegio

345 718 491 762 etiam
527 716 694 773 plures
729 732 873 772 quam
912 716 1125 761 antehac
1165 730 1378 771 vnquam
1417 715 1718 760 conscientia
1757 715 1967 760 conuicti

346 793 558 839 confessi
582 802 710 838 sunt.
739 791 900 850 Saepe
920 793 1086 837 vocati
1111 801 1223 837 sunt
1246 791 1472 848 germani
1497 791 1680 836 fratres
1699 791 1761 836 ad
1782 791 1968 836 vicinos

347 885 519 927 pagos3
547 869 632 914 sed
657 879 861 925 praeter
886 869 1194 925 Dionysium,
1224 869 1335 914 licet
1358 877 1407 913 et
1435 868 1494 913 de
1523 868 1605 913 1110
1639 868 1966 924 ambigamus,

345 947 718 993 conuenientem
743 961 885 1003 quem
909 956 1015 992 tuto
1040 945 1362 991 extrudamus
1386 946 1570 990 nullum
1590 945 1842 990 habemus.
1870 944 1968 988 Do-

347 1024 539 1069 lendum
576 1038 881 1080 magnopere
915 1023 961 1068 in
996 1032 1100 1067 tota
1135 1022 1240 1067 fere
1274 1020 1546 1067 Germania
1581 1036 1765 1078 paucos
1795 1036 1967 1078 opera-

347 1102 446 1146 rios
469 1100 678 1146 inueniri
704 1115 886 1157 eosque
910 1100 1128 1156 idoneos,
1157 1099 1235 1156 qui
1259 1099 1439 1155 populo
1470 1099 1563 1144 Dei
1597 1097 1966 1155 praeficiantur.

350 1178 535 1223 Videre
560 1177 673 1222 licet
697 1178 743 1222 in
762 1186 863 1222 tam
882 1177 1145 1233 praeclara
1164 1176 1365 1221 ciuitate
1384 1175 1799 1231 straunbingensi‚
1823 1190 1967 1231 quan]

346 1255 404 1300 R.
432 1254 486 1299 P.
515 1253 717 1299 Canisio
742 1254 788 1298 in
819 1262 1046 1298 extrema
1076 1253 1393 1298 sacerdotum
1427 1253 1634 1308 penuria
1668 1253 1969 1297 concredere

348 1331 499 1377 Illust.
528 1331 758 1387 princeps
782 1330 911 1386 apud
937 1345 1228 1375 caesaream
1253 1330 1562 1374 maiestatem
1587 1329 1785 1375 studuit.
1815 1329 1970 1374 Miror

346 1408 612 1453 Dominum
637 1407 796 1453 Iesum
820 1423 914 1452 non
942 1407 1163 1452 misereri
1189 1422 1338 1463 super
1356 1407 1451 1452 hac
1469 1407 1616 1469 turba
1636 1409 1648 1431 1
1669 1407 1804 1463 prius
1824 1423 1969 1464 quam

345 1494 450 1530 tota
482 1500 604 1541 gens
634 1493 822 1541 pereat,
860 1483 1253 1540 quandoquidem
1288 1484 1422 1528 multi
1456 1484 1616 1528 adhuc
1650 1484 1760 1529 iusti
1794 1500 1888 1529 non
1925 1485 1968 1529 in

348 1577 459 1619 vna,
508 1563 594 1607 sed
639 1562 683 1607 in
729 1562 944 1618 qualibet
988 1562 1188 1607 ciuitate
1234 1561 1546 1617 reperiantur
1590 1562 1621 1606 2.
1669 1560 1767 1606 Sed
1806 1561 1970 1606 miseri

345 1639 789 1696 straunbingenses
824 1655 951 1684 nunc
988 1639 1294 1694 decipiuntur
1328 1639 1537 1695 abrepto
1572 1654 1600 1683 a
1640 1638 1780 1683 nobis
1819 1638 1969 1683 Patre
2021 1645 2024 1649 ’

346 1716 563 1772 Canisio,
592 1716 669 1773 qui
694 1732 789 1761 non
814 1716 1113 1761 mediocrem
1138 1715 1331 1761 laudem
1354 1716 1483 1771 apud
1502 1715 1663 1760 Deum
1684 1725 1731 1760 et
1750 1715 1971 1760 homines

345 1793 442 1838 illic
467 1793 701 1838 emeritus
725 1802 815 1850 est,
843 1793 1208 1838 haereticorum
1240 1793 1462 1846 malleuS‚
1499 1791 1859 1838 firmamentum
1893 1808 1971 1837 ca-

345 1871 654 1927 tholicorum,
691 1880 864 1927 portus
894 1871 1290 1926 praesidiumque
1315 1868 1635 1925 Germaniae,
1663 1885 1806 1927 quem
1832 1870 1972 1915 doleo

345 1948 521 1993 abesse
560 1948 622 1992 ab
662 1947 744 1992 illa
783 1947 999 1999 ciuitate,
1042 1947 1180 1991 cuius
1220 1962 1389 1991 casum
1427 1955 1475 1991 et
1514 1946 1762 1991 interitum
1803 1947 1972 2002 lugent

345 2041 514 2070 omnes
539 2025 617 2081 qui
651 2024 953 2071 Germaniae
987 2025 1392 2081 tranquillitatem
1430 2039 1700 2081 pacemque
1734 2033 1970 2080 exoptant

346 2112 393 2147 et
418 2113 703 2158 precantur.
730 2102 878 2147 Faxit
903 2102 1211 2158 omnipotens
1238 2111 1288 2147 vt
1311 2102 1450 2147 nobis
1473 2116 1623 2146 sanus
1647 2111 1693 2145 et
1716 2101 1972 2146 incolumis

348 2188 623 2235 opportune
649 2179 887 2224 reddatur
911 2179 942 2223 3.

404 2256 445 2300 Ο.
515 2255 698 2311 Nostri,
727 2256 835 2300 laus
859 2255 983 2310 Deo,
1012 2254 1271 2311 proficiunt
1296 2255 1340 2299 in
1366 2255 1519 2300 literis
1543 2264 1591 2300 et
1620 2255 1819 2312 pietate3
1859 2270 1970 2311 pro-

345 2333 563 2378 fessores
596 2348 705 2377 cum
738 2332 882 2377 laude
907 2342 954 2377 et
978 2348 1162 2388 magna
1187 2332 1457 2377 autoritate
1482 2342 1693 2389 pergunt
1716 2332 1761 2377 in
1787 2331 1885 2377 suis
1911 2333 1971 2377 le-

345 2409 606 2454 ctionibus.
649 2409 905 2454 Laborum
945 2409 1233 2465 participem
1267 2409 1449 2454 habent
1481 2410 1874 2465 theologicorum
1915 2425 1973 2454 ac

345 2487 532 2531 socium
572 2486 626 2531 P.
671 2486 989 2531 Theodorum
1028 2486 1306 2535 Peltanum.
1354 2487 1431 2542 qui
1476 2486 1759 2543 praeteritis
1804 2487 1974 2531 diebus

347 2564 641 2620 Magistrum
665 2562 1034 2609 Sententiarum
1055 2563 1341 2619 auspicatus
1361 2573 1433 2608 est
1452 2564 1660 2620 publice,
1680 2573 1733 2609 vt
1752 2564 1971 2609 lauream

349 2657 445 2697 qua
471 2642 682 2686 donatus
706 2650 781 2686 est
804 2640 1106 2695 iamdudum,
1134 2649 1499 2696 promereatur.

399 2870 406 2887 ¹
462 2867 524 2905 CI.
549 2868 707 2913 MARC.‚
729 2869 841 2913 VIII,
862 2868 895 2905 2.

396 2929 408 2947 2
461 2927 524 2964 Cf.
548 2927 670 2969 GEN„
693 2928 849 2972 XVIII,
870 2928 916 2964 24
935 2941 1018 2974 sqq.

392 2989 404 3006 ³
456 2987 500 3023 Β.
517 2987 663 3023 Petrus
680 2987 870 3024 Canisius
887 2988 1139 3024 contionatus
1154 2987 1287 3023 fuerat
1302 2987 1645 3033 quadragesimali
1661 2992 1840 3033 tempore
1855 2987 1973 3035 hujus

347 3047 442 3083 anni
468 3046 758 3094 St1·aubingae;
790 3053 875 3093 post
904 3047 1077 3083 Romam
1107 3047 1155 3083 ad
1182 3047 1394 3093 generalia
1421 3046 1581 3083 comitia
1607 3046 1754 3082 ordinis
1780 3045 1973 3092 proficisci

349 3106 502 3143 debuit.
525 3105 590 3144 Cf.
620 3106 976 3149 BRAUNSBERGER,
997 3108 1071 3144 loc.
1092 3107 1173 3149 cit..
1192 3105 1262 3142 222
1278 3117 1379 3152 sqq.;
1398 3105 1467 3142 274
1485 3118 1570 3152 sqq.
