2051 3516
599 332 885 370 17O.—PRAGA
911 331 957 369 27
984 331 1092 378 MAJ1
1121 331 1211 367 1558
1602 328 1672 366 683

89 432 150 477 ad
174 446 313 477 suam
340 445 561 476 mensam
584 429 876 474 inuitabant.
904 427 1020 473 Sine
1053 426 1184 472 omni
1216 426 1563 483 impedimento
1598 440 1718 470 suae

89 517 257 554 sectae
282 519 329 553 et
354 508 459 553 sine
483 506 611 553 ornni
636 506 929 563 exceptione
953 506 1130 562 hospes
1156 519 1253 549 vna
1276 519 1387 548 cum
1425 518 1581 548 vxore
1607 519 1717 560 pro-

89 588 326 631 miserunt
364 584 512 629 filium
547 599 689 629 suum
725 599 778 628 se
813 583 1086 628 tradituros
1121 590 1292 626 nostro
1327 580 1591 626 conuictui.
1621 580 1718 625 Da-

90 664 207 709 bant
231 663 477 720 quaedam
513 677 611 707 non
646 662 862 706 obscura
895 661 1057 717 signa,
1084 674 1179 704 non
1214 658 1411 703 omnino
1439 658 1719 714 perculsam

86 756 146 786 ac
174 740 491 797 desperatam
517 754 626 784 esse
651 754 790 784 suam
816 738 1042 794 salutem,
1069 737 1108 782 si
1131 735 1276 781 modo
1300 745 1466 781 essent
1490 751 1519 780 a
1544 736 1718 792 quibus

87 817 464 863 adiuuarentur.
492 815 691 861 Pilznae
715 816 902 871 consul,
930 814 1069 860 cuius
1102 812 1227 858 filius
1262 813 1500 857 hactenus
1526 813 1615 858 sub
1639 828 1719 857 no-

87 896 159 941 bis
196 895 396 951 studuit,
425 894 471 939 in
508 894 583 939 die
624 894 901 950 palmarum
937 892 981 936 in
1018 890 1335 948 processione
1370 889 1571 935 Patrem
1607 905 1719 934 eun-

86 973 195 1018 dem
220 989 249 1018 a
274 972 454 1017 dextro
490 971 648 1017 latere
673 970 855 1015 habuit.
880 969 1175 1025 Apparebat
1199 967 1378 1013 ibidem
1403 966 1585 1023 aliquid
1610 982 1719 1012 esse

87 1050 332 1107 agitatum
359 1064 388 1094 a
413 1058 587 1094 senatu
613 1047 673 1093 de
698 1046 911 1103 collegio
935 1044 1202 1091 Societatis
1237 1043 1519 1098 obtinendo,
1548 1043 1625 1088 cui
1652 1043 1721 1088 rei

89 1135 387 1184 oportunum
412 1142 441 1171 a
467 1126 714 1183 plerisque
738 1123 1148 1169 subindicabatur
1185 1121 1540 1167 monasterium
1576 1121 1722 1167 domi-

87 1204 394 1259 nicanorum,
424 1203 554 1260 quod
581 1217 703 1248 vnus
728 1210 920 1247 tantum
945 1200 1256 1245 inhabitabat
1281 1199 1570 1244 monachus.

154 1281 220 1327 12.
288 1281 406 1338 Egit
432 1295 626 1337 quoque
651 1279 802 1325 Pater
826 1294 937 1323 cum
963 1293 1206 1323 caesarea
1231 1276 1493 1322 maiestate
1518 1286 1566 1322 et
1589 1292 1721 1322 sere-

88 1360 289 1405 nissimo
314 1359 533 1416 principe
558 1359 617 1403 de
643 1356 879 1413 religiosa
905 1355 1119 1412 quadam
1145 1369 1375 1412 persona;
1405 1370 1531 1411 quae
1561 1354 1722 1399 adhuc

88 1436 235 1483 ouina
260 1436 422 1482 cincta
446 1436 571 1492 pelle
596 1434 759 1480 multis
784 1449 844 1479 ac
868 1449 964 1478 non
990 1432 1150 1478 dubiis
1172 1432 1435 1478 haeresum
1467 1432 1524 1476 de
1559 1447 1612 1477 se
1648 1447 1726 1476 ru-

88 1514 338 1570 musculis,
384 1512 696 1571 grauissimis
735 1511 983 1557 scandalis
1023 1510 1178 1568 plebis
1223 1509 1412 1555 animos
1453 1509 1723 1555 illectabat.

89 1592 184 1649 Qui
209 1593 322 1638 dum
348 1591 514 1637 sedem
540 1606 660 1636 suae
681 1589 990 1646 pestilentiae
1009 1588 1137 1634 inter
1156 1587 1430 1633 catholicos
1449 1596 1497 1632 et
1517 1588 1727 1632 alteram

90 1681 282 1727 partem
307 1670 514 1725 locaret,
543 1678 596 1714 vt
620 1677 669 1714 et
692 1683 802 1713 cum
829 1666 938 1712 Deo
962 1675 1011 1712 et
1034 1675 1213 1711 satana
1237 1674 1503 1722 pugnaret,
1541 1680 1635 1710 non
1661 1666 1727 1710 al-

90 1749 184 1794 teri
210 1748 367 1805 potuit
391 1763 539 1804 quam
564 1746 654 1792 soli
681 1756 889 1792 satanae
914 1745 1142 1801 militare,
1170 1743 1229 1789 de
1254 1743 1393 1788 cuius
1426 1743 1727 1788 emendatio-

93 1842 152 1872 ne
187 1842 298 1873 cum
333 1841 427 1870 non
460 1824 580 1870 satis
604 1824 741 1870 Patri
766 1831 1037 1880 constaret,
1066 1836 1240 1867 rursus
1270 1820 1330 1866 de
1355 1820 1530 1866 eodem
1554 1820 1728 1877 princi-

90 1905 136 1961 pi
161 1913 236 1950 est
260 1904 470 1958 locutus,
498 1902 576 1948 cui
600 1902 679 1947 ille
706 1901 958 1958 respondit
988 1900 1144 1957 pridie
1178 1909 1293 1945 ante
1327 1899 1479 1944 fuisse
1514 1899 1728 1944 accersi-

92 1992 195 2028 tum
220 1990 268 2027 et
292 1980 629 2027 examinatum
654 1979 787 2024 illum
813 1978 1234 2033 concionatorem,
1262 1976 1508 2034 grauiter,
1545 1975 1731 2022 adhibi-

92 2061 153 2106 tis
177 2074 371 2118 quoque
397 2057 725 2104 seuerissimis
749 2056 936 2113 poenis,
963 2071 1017 2101 se
1052 2055 1115 2100 illi
1151 2054 1521 2100 interminatum
1556 2070 1615 2099 ne
1653 2054 1729 2099 vel

93 2137 431 2184 tenuissimam
458 2151 696 2181 emanare
721 2134 781 2180 de
806 2150 857 2180 se
881 2132 1218 2179 huiuscemodi
1243 2132 1553 2188 permitteret
1576 2132 1728 2188 suspi-

94 2216 302 2273 cionem3
341 2223 487 2260 caute
522 2228 582 2258 ac
617 2212 868 2269 sapienter
902 2219 1096 2268 ageret,
1134 2225 1248 2255 nam
1288 2218 1336 2254 et
1376 2210 1732 2255 obseruatores

93 2308 232 2338 suam
258 2291 580 2338 serenitatem
605 2289 903 2345 addituram,
931 2303 1059 2345 quae
1083 2287 1349 2333 conciones
1382 2296 1430 2332 et
1464 2286 1614 2343 ipsius
1649 2286 1730 2331 do-

95 2371 303 2416 ctrinam
338 2377 718 2426 perscrutentur
753 2376 800 2412 et
834 2366 896 2412 ad
931 2381 984 2411 se
1020 2365 1257 2411 referant.
1290 2365 1508 2410 Libellus
1533 2364 1730 2421 quidam

96 2449 157 2494 D.
206 2448 424 2494 Henrico
469 2445 748 2501 Scribonio,
797 2443 1060 2501 pragensis
1114 2443 1247 2488 arcis
1291 2442 1594 2499 praeposito,
1640 2441 1733 2487 fuit

96 2526 308 2578 oblatus,
338 2534 390 2570 vt
416 2525 587 2582 praelo
614 2524 834 2579 daretur,
862 2521 921 2567 de
946 2537 1042 2578 quo
1066 2526 1351 2567 nostrorum
1383 2520 1484 2565 lata
1518 2534 1732 2565 censura

97 2619 414 2661 summopere
439 2601 640 2660 placuit.

159 2683 227 2729 13.
295 2681 476 2727 Sartor
501 2679 698 2737 quidam
722 2678 929 2734 iuuenis,
967 2693 996 2723 a
1028 2677 1090 2723 D.
1127 2677 1256 2736 Jona
1339 2675 1731 2731 commendatus,

95 2759 350 2806 nobiscum
376 2758 582 2804 habitat.
611 2757 874 2813 Antonius,
902 2755 1193 2801 adolescens
1219 2753 1457 2810 egregius
1487 2762 1535 2798 et
1569 2753 1730 2810 agilis,

97 2853 290 2897 gnarus
313 2836 602 2883 bohemicae
626 2846 673 2882 et
696 2835 1019 2893 germanicae
1052 2823 1268 2890 linguae,
1307 2831 1386 2888 qui
1421 2830 1552 2887 apud
1587 2830 1732 2876 Clau-

98 2916 230 2962 dium
266 2915 499 2972 degebat,
542 2912 984 2971 pharmacopolam
1019 2910 1270 2969 principis,
1307 2918 1569 2966 pertaesus
1593 2924 1734 2954 aeru-

1294 2675 1300 2698 ί

148 3099 157 3117 ¹
210 3096 284 3134 Dr.
301 3095 478 3143 jacobus
488 3094 626 3142 Jonas,
644 3094 891 3131 Ferdinandi
908 3092 1165 3141 imperatoris
1179 3091 1335 3130 consilii
1351 3090 1472 3128 aulici
1488 3089 1736 3127 vicecancel-

99 3156 239 3199 larius,
264 3155 483 3194 Societatis
502 3154 668 3192 amicus.
