2051 3516
359 326 405 364 38
822 323 1039 360 LITTERAE
1066 321 1420 366 QUADRIMESTRES

402 421 691 477 Inscriptio.
725 427 753 475 †
776 419 842 464 Al
875 434 990 474 muy
1024 416 1150 462 Rdo.
1188 431 1247 460 en
1283 413 1434 460 Chro.
1477 413 1655 470 Padre,
1691 413 1735 458 el
1768 411 1942 457 Padre

312 498 406 543 M.0
430 498 630 554 La1nez,
657 495 848 542 vicario
873 495 1081 551 general
1105 493 1164 537 de
1188 492 1235 537 la
1268 489 1597 547 [Compafiffa
1620 489 1679 535 de
1702 488 1847 546 Jesus
1871 503 1932 533 en

314 574 492 620 Roma.

403 650 578 708 Sigilli
598 650 892 706 vestigium.

1106 827 1138 876 7

872 948 1180 1011 JOANNES
1215 948 1368 993 BTA.

760 1066 1041 1093 VALLISOLETO
1070 1056 1085 1091 1
1113 1065 1310 1101 jANUARII
1338 1054 1428 1090 1557
1455 1055 1479 1089 ¹.

313 1159 386 1195 1-4.
426 1159 649 1196 Sociorum
680 1159 725 1194 in
760 1158 970 1202 religiosis
1003 1156 1241 1192 virtutibus
1274 1158 1314 1192 et
1347 1156 1392 1191 in
1431 1155 1586 1191 litteris
1616 1159 1934 1200 progressus,—

385 1217 485 1254 5-10.
516 1217 801 1254 sacerdotnm
825 1227 952 1252 sacra
978 1216 1224 1251 viluisterz'a
1252 1216 1297 1251 in
1325 1215 1499 1260 templo,
1528 1215 1573 1250 in
1602 1214 1859 1257 carceribus,
1889 1214 1944 1249 in*

379 1281 633 1323 pauperum
651 1276 850 1321 hospitiis
870 1279 908 1311 et
927 1276 971 1311 in
993 1275 1110 1319 regia
1131 1275 1268 1310 curia,

377 1389 413 1433 1.
480 1392 507 1440 †
541 1387 635 1432 Ihs.
662 1387 785 1432 Rde.
815 1387 1076 1431 admodum
1101 1385 1145 1430 in
1171 1385 1322 1431 Chro.
1351 1385 1432 1430 Pr.
1471 1385 1618 1443 [sesa
1652 1385 1934 1430 misericor—

314 1465 457 1509 diam
489 1465 542 1508 in
567 1468 767 1508 nostros
789 1463 1171 1508 vallisoletanos
1194 1462 1400 1517 extollit)
1433 1462 1494 1506 de
1517 1475 1619 1518 qua
1643 1476 1697 1506 re
1719 1462 1936 1517 scriptu-

314 1555 431 1586 rum
453 1555 507 1585 se
531 1555 594 1585 ex
617 1540 901 1585 obedientia
920 1539 1229 1597 profitetur}

373 1617 414 1662 2.
481 1617 623 1673 Quod
658 1625 822 1662 autem
858 1631 966 1661 sese
1000 1616 1112 1660 mihi
1147 1615 1305 1672 primo
1341 1615 1601 1660 dicendum
1634 1615 1824 1669 obtulit,
1862 1623 1936 1660 est

315 1693 615 1739 admirabilis
634 1693 846 1738 omnium
866 1692 1159 1744 obedientia,
1183 1708 1278 1748 qua
1297 1692 1550 1748 proprium
1569 1692 1868 1737 intellectum
1889 1700 1936 1737 et

316 1770 621 1815 voluntatem
646 1770 970 1825 captiuanteS,
998 1785 1092 1814 non
1117 1770 1275 1814 solum
1299 1769 1560 1823 superiori,
1588 1783 1760 1814 verum
1784 1769 1932 1814 etiam

315 1846 476 1891 infimo
501 1847 675 1903 cuique
700 1846 912 1891 fratrum
937 1849 956 1866 η
979 1846 1024 1890 in
1050 1846 1259 1891 minimis
1284 1845 1433 1891 etiam
1464 1845 1754 1899 subduntur,
1787 1854 1935 1901 atque

314 1923 441 1968 inter
465 1938 571 1968 sese
601 1923 907 1968 strictissimo
943 1922 1200 1967 charitatis
1235 1922 1431 1967 vinculo
1466 1921 1730 1978 conjuncti,
1768 1921 1936 1966 vnani-

314 1999 456 2043 miter
490 1999 609 2043 vitia
644 1999 806 2043 omnia
840 2000 1132 2054 propellunt,
1169 2008 1271 2043 tum
1306 1998 1513 2054 priuatis
1547 2007 1650 2043 tum
1681 1998 1829 2043 etiam
1854 2013 1935 2054 pu-

314 2076 451 2120 blicis
475 2075 768 2131 penitentiis‚
792 2076 956 2120 carnis
981 2075 1398 2121 macerationibus
1423 2091 1482 2120 ac
1506 2074 1811 2120 abstinentiis
1836 2090 1933 2119 ma-

314 2152 473 2205 ximis3
502 2151 626 2196 adeo
652 2161 703 2195 vt
734 2161 964 2207 oporteat
994 2152 1207 2196 maxime
1242 2152 1459 2196 solicitos
1493 2167 1601 2196 esse
1635 2151 1932 2208 superiores,

316 2237 368 2273 vt
401 2228 659 2272 necesaria
690 2229 777 2284 ipsi
809 2228 1004 2284 corpori
1030 2229 1234 2273 obsonia
1260 2229 1533 2282 desumant,
1560 2228 1636 2273 cui
1660 2243 1751 2273 ceu
1775 2227 1934 2272 dome-

316 2304 438 2348 stico
464 2303 655 2348 inimico
678 2305 747 2349 sic
771 2304 1078 2359 insidiantur,
1116 2314 1168 2350 vt
1201 2304 1363 2361 rigida
1398 2305 1565 2359 hiems,
1603 2319 1728 2360 quae
1762 2304 1936 2349 mirum

315 2379 360 2423 in
396 2380 588 2424 modum
621 2380 832 2440 hiscekin
868 2381 1153 2436 regionibus
1188 2381 1339 2437 viget,
1374 2396 1470 2425 non
1495 2381 1657 2426 obstet
1681 2380 1936 2436 quominus

315 2455 519 2511 singulis
539 2471 733 2511 quoque
757 2457 998 2513 noctibus,
1021 2457 1169 2501 etiam
1190 2457 1278 2513 ipsi
1299 2456 1476 2502 Patres
1496 2457 1591 2501 iam
1613 2456 1747 2501 senio
1772 2456 1936 2501 confe-

316 2531 395 2586 cti,
423 2531 578 2587 ipsum
604 2532 795 2587 publice
820 2532 864 2576 in
890 2532 1156 2578 refectorio
1180 2533 1453 2578 incredibili
1477 2532 1770 2578 crudelitate
1793 2532 1937 2577 casti-

315 2616 447 2663 gent.
476 2607 727 2652 Fallacem
753 2608 900 2653 etiam
926 2609 1155 2653 mundum
1180 2609 1496 2665 pauperrimo
1521 2609 1655 2654 victu
1680 2617 1727 2652 et
1756 2608 1937 2653 uestitu

316 2691 462 2738 atque
500 2699 617 2727 vera
652 2699 819 2728 rerum
854 2685 1083 2741 omnium,
1121 2685 1268 2730 etiam
1304 2685 1753 2741 minutissimarum,
1790 2683 1935 2729 animi

315 2759 624 2805 abdicatione
663 2761 751 2805 sibi
791 2760 907 2817 ipsis
952 2777 1061 2806 cum
1109 2762 1263 2806 Paulo
1308 2761 1617 2817 crucifigunt.
1666 2760 1935 2817 Antiquum

317 2844 482 2880 autem
516 2836 647 2880 illurn
681 2837 992 2882 seductorem
1029 2838 1421 2883 versutissimum
1447 2837 1648 2882 suismet
1671 2836 1842 2882 iaculis
1866 2852 1935 2881 se-

365 2982 383 2999 st
434 2980 626 3017 fratruum
649 2993 725 3018 ms.

367 3112 375 3129 ¹
428 3109 488 3145 Ex
509 3111 690 3156 exemplo
710 3123 858 3147 coaevo
878 3112 917 3147 in
936 3112 1070 3148 codice
1090 3112 1216 3158 Hisp.
1242 3112 1307 3155 95,
1328 3113 1350 3149 ‘2
1368 3112 1426 3157 ff„
1447 3125 1516 3149 nn.
1539 3113 1569 3156 1,
1590 3112 1624 3157 2;
1646 3113 1755 3159 prius
1773 3113 1853 3149 247.

2048 183 2051 212 -ᾼ
2043 97 2051 163 unu„
