2051 3516
464 282 782 320 111.-NEAPOL1
809 281 856 318 20
882 281 1130 318 NOVEMBRls
1161 280 1250 316 1557
1558 277 1626 315 429

51 380 184 436 gnia,
208 389 256 425 et
279 379 310 424 il
333 393 577 425 concorso
596 379 722 425 delle
742 377 1039 424 confessioni
1058 386 1107 422 et
1126 375 1457 421 communioni
1477 379 1503 420 ε
1522 374 1673 419 molto

49 457 256 514 grande.
283 455 424 502 Gran
449 455 604 502 frutto
629 457 667 501 si
692 471 837 512 caua,
864 454 1027 500 Padre
1052 453 1165 508 mio,
1193 453 1237 497 di
1262 453 1425 510 quella
1446 453 1608 497 buona
1627 459 1674 495 et

50 542 194 579 santa
218 533 516 590 compagnia
541 532 779 578 instituita
803 531 915 576 delli
940 530 1153 575 huomini
1185 530 1229 574 in
1265 538 1438 585 questa
1475 528 1591 573 cittii
1628 535 1675 572 ct

49 610 95 656 in
118 619 294 668 questo
318 609 531 667 collegio
556 611 602 655 al
627 619 792 666 tempo
816 609 861 654 di
886 609 997 665 quel
1028 606 1292 652 benedetto
1328 615 1374 650 et
1408 615 1550 649 santo
1590 605 1674 648 Pa-

49 688 136 733 dre
170 697 342 733 nostro
377 688 443 732 M.
482 687 677 744 Ignatio
713 689 743 743 ¹,
782 687 946 732 buona
985 694 1032 730 et
1070 694 1216 730 santa
1254 683 1510 735 memorien
1547 691 1593 726 et
1628 680 1672 725 ui

49 780 170 811 sono
195 764 477 810 buonissimi
503 764 722 821 soggetti
746 773 793 809 et
823 762 973 808 fanno
997 762 1149 807 molto
1173 761 1347 817 frutto,
1385 759 1675 805 essercitan-

49 843 152 888 dosi
176 843 302 888 oltre
326 843 373 887 la
398 842 691 888 comunione
716 841 761 887 di
786 849 891 886 otto
916 839 1076 897 giorni
1102 849 1151 885 et
1175 839 1256 895 piu
1290 853 1461 895 spesso
1495 835 1674 888 alcuni,

49 920 95 965 in
129 920 278 965 molte
312 928 360 965 et
394 928 534 965 sante
568 918 860 975 operationi.
891 917 953 962 Et
989 926 1128 963 certo
1161 917 1252 961 che
1286 915 1344 960 N.
1373 914 1452 960 ΞΓ.
1486 914 1528 959 di
1564 928 1675 970 que-

49 1007 126 1043 sta
165 1012 319 1055 opera
358 997 473 1042 uuol
511 996 620 1042 fare
659 996 868 1053 qualche
907 996 1069 1041 buona
1110 1009 1242 1039 cosa.
1282 993 1468 1038 Faccia
1501 1007 1593 1047 pur
1633 991 1677 1035 la

50 1074 244 1120 Maesta
268 1089 357 1119 sua
382 1074 495 1131 quel
518 1074 607 1119 che
632 1073 760 1118 torni
784 1088 814 1118 a
838 1072 1000 1130 gloria
1031 1087 1137 1117 sua.
1171 1070 1234 1116 Ui
1263 1085 1481 1116 saranno
1515 1068 1559 1113 di
1595 1068 1676 1124 gin

47 1152 110 1197 da
133 1152 191 1197 50
213 1151 446 1208 huomini,
474 1151 518 1196 id
544 1161 633 1205 est,
661 1151 861 1206 dottori‚
888 1149 1138 1195 sacerdoti
1162 1148 1284 1194 dotti
1309 1157 1357 1193 et
1381 1147 1529 1193 zelosi
1552 1146 1677 1191 delle

47 1230 210 1275 anime
236 1229 278 1274 in
304 1244 431 1286 gran
458 1229 682 1274 maniera
706 1238 754 1274 et
777 1228 912 1273 molti
936 1227 1050 1273 altri
1075 1226 1135 1272 de
1158 1226 1340 1271 diuersi
1371 1225 1483 1281 arti,
1521 1223 1676 1269 scielti

48 1307 159 1353 tutti
184 1315 232 1352 et
251 1322 340 1351 oro
359 1306 405 1351 di
424 1316 598 1363 questa
622 1306 742 1351 citt&
766 1315 813 1351 et
836 1320 1032 1361 gemme
1052 1304 1129 1349 del
1155 1302 1371 1360 Signore
1395 1312 1566 1347 nostro
1592 1316 1679 1357 ρει·

48 1386 209 1442 quella
243 1385 361 1430 cittii
396 1384 441 1429 di
477 1399 643 1441 sopra.
681 1382 830 1429 Siane
866 1383 1067 1428 laudato
1102 1393 1149 1427 et
1184 1382 1448 1427 benedetto
1483 1394 1679 1436 sempre

47 1463 77 1508 il
103 1461 181 1508 ΞΓ.

106 1535 147 1579 4.
216 1533 404 1579 Haux‘ei
430 1549 551 1579 caro
575 1534 665 1579 che
690 1533 909 1590 sapendo
935 1533 1059 1578 bene
1083 1540 1259 1588 questo
1283 1546 1312 1576 a
1341 1531 1404 1576 V.
1432 1530 1512 1584 R„
1546 1529 1675 1574 l'aui-

50 1611 173 1656 sassi
199 1611 245 1656 al
270 1610 383 1656 Pre.
406 1609 519 1656 Gio.
542 1609 685 1665 Cola,
710 1611 881 1656 rettoi·'
903 1610 979 1655 del
998 1609 1212 1665 collegio
1231 1608 1276 1653 di
1298 1607 1514 1663 Perugia
1534 1608 1566 1661 ²,
1588 1606 1678 1651 che

49 1688 98 1734 fu
124 1704 220 1733 uno
244 1688 355 1733 delli
380 1687 520 1744 primi
545 1688 590 1733 di
611 1697 785 1745 questa
810 1687 1110 1743 compagnia
1135 1685 1330 1743 quando
1355 1685 1393 1729 si
1418 1683 1674 1741 ρι·ἰιιείρίὸ;

47 1766 91 1811 di
117 1766 274 1822 questi
300 1765 383 1811 tali
408 1765 765 1821 (essendouene
788 1760 923 1809 molti
943 1780 1037 1809 non
1059 1764 1234 1809 marita
1245 1763 1279 1808 ti
1299 1771 1379 1807 tra
1399 1761 1609 1807 studenti
1631 1770 1678 1805 et

47 1842 287 1888 mercanti
313 1854 359 1887 et
384 1842 550 1898 nobili)
576 1842 710 1887 molti
740 1851 952 1887 entrano
987 1841 1031 1886 in
1068 1841 1325 1897 religione,
1362 1849 1410 1885 et
1444 1854 1508 1884 ua
1543 1847 1681 1883 tanto

47 1929 244 1966 secreta
268 1920 453 1976 l'opera
478 1928 526 1964 et
550 1919 594 1964 le
619 1934 734 1964 cose
761 1919 850 1964 che
875 1927 954 1964 tra
980 1919 1087 1963 loro
1114 1933 1200 1975 ρει·
1224 1916 1427 1962 seruitio
1447 1926 1494 1962 et
1519 1915 1681 1972 gloria

50 1998 94 2042 di
119 1997 215 2042 Dio
240 1996 407 2053 fannO,
434 1996 524 2042 che
549 1996 696 2041 niuno
721 1995 1031 2051 sen'accorgi
1061 1995 1201 2051 quasi
1236 1995 1414 2040 niente.
1456 1993 1517 2038 Et
1541 2002 1682 2038 certo

52 2074 142 2119 che
166 2074 211 2119 di
237 2089 333 2130 qua
358 2073 416 2118 N.
445 2072 524 2118 Sr.
558 2073 620 2119 ha
644 2085 826 2118 cauato
861 2074 1011 2118 molta
1046 2072 1296 2117 diuotione
1331 2081 1378 2117 et
1413 2082 1682 2127 augmento

52 2152 97 2196 in
133 2160 305 2208 questo
339 2151 568 2207 collegiO,
607 2150 817 2196 essendo
852 2150 962 2196 tutti
999 2150 1151 2195 diuoti
1186 2150 1315 2195 della
1348 2148 1680 2205 Compagnia.

52 2229 140 2273 che
167 2229 195 2273 il
221 2228 472 2274 medesmo
498 2228 648 2273 fanno
673 2243 761 2285 per
784 2227 962 2284 Napoli
988 2228 1077 2273 che
1112 2227 1310 2272 fasiano
1335 2227 1363 2271 li
1390 2226 1575 2283 proprii
1601 2241 1681 2270 no-

50 2305 137 2350 stri
163 2305 362 2351 fratelli.
391 2304 591 2351 Uederli
616 2309 642 2350 ε
667 2320 765 2350 una
790 2304 1105 2360 marauigliffi
1133 2314 1273 2350 tanto
1306 2314 1484 2350 stanno
1519 2303 1681 2348 mode-

48 2383 125 2429 sti.
162 2382 362 2428 Sentirli
398 2383 599 2440 parlare
625 2383 750 2428 delle
775 2398 890 2428 cose
915 2383 960 2428 di
985 2382 1082 2427 Dio
1107 2391 1154 2428 et
1177 2381 1505 2427 considerarli
1529 2381 1572 2425 in
1593 2391 1683 2426 tut-

49 2471 96 2506 te
122 2461 165 2505 le
188 2475 305 2505 cose
330 2460 436 2505 loro
461 2459 610 2505 fanno
637 2460 826 2505 laudar'
852 2459 1004 2505 Iddio.
1032 2460 1095 2505 Et
1118 2460 1209 2505 che
1239 2459 1397 2516 potrei
1422 2459 1527 2503 dire
1552 2459 1677 2503 delle

49 2552 166 2582 case
192 2538 312 2590 loro,
337 2537 426 2582 che
450 2552 571 2581 sono
595 2552 624 2582 a
648 2536 958 2593 simiglianza
989 2536 1034 2581 di
1070 2537 1229 2593 quelle
1264 2536 1392 2581 della
1429 2534 1676 2591 primitiua

50 2614 232 2660 chiesa!
266 2614 329 2660 V.
366 2614 426 2659 R.
461 2615 523 2659 mi
559 2614 721 2659 faccia
755 2614 922 2670 gratia
956 2614 1002 2659 di
1042 2614 1283 2659 celebras*
1320 2628 1417 2657 una
1453 2612 1674 2662 mattina.

49 2693 245 2748 quando
270 2692 314 2737 le
338 2694 536 2748 parere,
564 2707 661 2737 una
684 2707 847 2737 messa
872 2707 961 2748 ρει·
980 2693 1103 2747 loro,
1126 2691 1267 2736 accio
1288 2691 1315 2735 il
1336 2690 1521 2747 Signoi·
1539 2691 1577 2735 si
1599 2690 1686 2735 de-

49 2769 132 2826 gni
156 2769 462 2814 conseruarli
487 2777 535 2814 et
559 2768 910 2825 augmentat-li.
938 2768 1112 2825 Questi
1138 2769 1299 2812 hanno
1324 2782 1446 2812 cura
1480 2767 1540 2812 de
1564 2768 1675 2813 tutti

49 2847 80 2892 li
104 2847 347 2903 hospitali,
375 2847 434 2892 de
457 2846 566 2892 tutti
592 2847 603 2891 i
629 2846 794 2902 luoghi
819 2846 898 2903 pii;
927 2846 985 2891 de
1010 2846 1152 2902 quelli
1178 2846 1269 2890 che
1288 2860 1470 2891 escano
1494 2845 1539 2890 di
1566 2845 1673 2890 reli-

98 2986 107 3004 ¹
160 2984 223 3020 De
243 2985 316 3020 hac
335 2984 653 3030 congregatione
672 2982 721 3020 cf.
745 2983 846 3020 Litt.
868 2982 1118 3029 Quadam„
1139 2981 1187 3026 Π,
1208 2981 1289 3027 668;
1312 2981 1378 3027 ΙΙΙ,
1407 2983 1483 3027 151;
1511 2982 1673 3019 POLAN-

51 3054 146 3087 CUM,
172 3044 323 3085 Clzron,
346 3043 421 3087 IV,
446 3043 524 3080 174.

99 3103 111 3123 ²
162 3103 204 3139 Ρ.
220 3102 398 3149 Joannes
417 3103 608 3140 Nicolaus
627 3104 675 3140 de
695 3102 888 3140 Notariis.
