<?xml version="1.0" encoding="UTF-8"?>
<!DOCTYPE html PUBLIC "-//W3C//DTD XHTML 1.0 Transitional//EN"
    "http://www.w3.org/TR/xhtml1/DTD/xhtml1-transitional.dtd">
<html xmlns="http://www.w3.org/1999/xhtml" xml:lang="en" lang="en">
 <head>
  <title>
</title>
<meta http-equiv="Content-Type" content="text/html;charset=utf-8" />
  <meta name='ocr-system' content='tesseract 3.04.00' />
  <meta name='ocr-capabilities' content='ocr_page ocr_carea ocr_par ocr_line ocrx_word'/>
</head>
<body>
  <div class='ocr_page' id='page_1' title='image "./litteraequadrime17lain_0165.png"; bbox 0 0 2051 3516; ppageno 0'>
   <div class='ocr_carea' id='block_1_1' title="bbox 594 287 1728 327">
    <p class='ocr_par' dir='ltr' id='par_1_1' title="bbox 594 287 1728 327">
     <span class='ocr_line' id='line_1_1' title="bbox 594 287 1728 327; baseline -0.003 0"><span class='ocrx_word' id='word_1_1' title='bbox 594 290 986 327; x_wconf 69' lang='lat' dir='ltr'>30.——INGoLsrADI-o</span> <span class='ocrx_word' id='word_1_2' title='bbox 1011 288 1034 324; x_wconf 85' lang='grc'>9</span> <span class='ocrx_word' id='word_1_3' title='bbox 1060 287 1220 324; x_wconf 77' lang='lat' dir='ltr'><strong>MARTII</strong></span> <span class='ocrx_word' id='word_1_4' title='bbox 1249 289 1339 324; x_wconf 74' lang='lat'>1557</span> <span class='ocrx_word' id='word_1_5' title='bbox 1662 288 1728 325; x_wconf 76' lang='lat'>133</span> 
     </span>
    </p>
   </div>
   <div class='ocr_carea' id='block_1_2' title="bbox 152 383 1794 2753">
    <p class='ocr_par' dir='ltr' id='par_1_2' title="bbox 153 383 1776 519">
     <span class='ocr_line' id='line_1_2' title="bbox 154 383 1776 442; baseline -0.001 -11"><span class='ocrx_word' id='word_1_6' title='bbox 154 386 354 442; x_wconf 83' lang='lat' dir='ltr'>essent),</span> <span class='ocrx_word' id='word_1_7' title='bbox 381 400 476 430; x_wconf 92' lang='lat' dir='ltr'>non</span> <span class='ocrx_word' id='word_1_8' title='bbox 500 400 676 441; x_wconf 90' lang='lat' dir='ltr'>parum</span> <span class='ocrx_word' id='word_1_9' title='bbox 702 385 951 430; x_wconf 89' lang='lat' dir='ltr'>mensibus</span> <span class='ocrx_word' id='word_1_10' title='bbox 973 383 1047 428; x_wconf 91' lang='lat' dir='ltr'>his</span> <span class='ocrx_word' id='word_1_11' title='bbox 1070 383 1281 432; x_wconf 82' lang='lat' dir='ltr'>sudauit.</span> <span class='ocrx_word' id='word_1_12' title='bbox 1319 392 1467 439; x_wconf 88' lang='lat' dir='ltr'>atque</span> <span class='ocrx_word' id='word_1_13' title='bbox 1501 383 1680 428; x_wconf 87' lang='lat' dir='ltr'>iterum</span> <span class='ocrx_word' id='word_1_14' title='bbox 1704 386 1776 438; x_wconf 91' lang='lat' dir='ltr'>(ut</span> 
     </span>
     <span class='ocr_line' id='line_1_3' title="bbox 153 459 1490 519; baseline -0.003 -11"><span class='ocrx_word' id='word_1_15' title='bbox 153 463 290 508; x_wconf 81' lang='lat' dir='ltr'>fama</span> <span class='ocrx_word' id='word_1_16' title='bbox 313 463 406 519; x_wconf 89' lang='lat' dir='ltr'>est)</span> <span class='ocrx_word' id='word_1_17' title='bbox 430 462 521 507; x_wconf 90' lang='lat' dir='ltr'>sub</span> <span class='ocrx_word' id='word_1_18' title='bbox 545 461 690 507; x_wconf 87' lang='lat' dir='ltr'>finem</span> <span class='ocrx_word' id='word_1_19' title='bbox 715 461 1021 519; x_wconf 81' lang='lat' dir='ltr'><strong>Septembris</strong></span> <span class='ocrx_word' id='word_1_20' title='bbox 1044 460 1321 506; x_wconf 89' lang='lat' dir='ltr'>sudandum</span> <span class='ocrx_word' id='word_1_21' title='bbox 1341 459 1436 505; x_wconf 88' lang='lat' dir='ltr'>erit</span> <span class='ocrx_word' id='word_1_22' title='bbox 1459 461 1490 505; x_wconf 89' lang='lat'>¹.</span> 
     </span>
    </p>

    <p class='ocr_par' dir='ltr' id='par_1_3' title="bbox 152 539 1788 1826">
     <span class='ocr_line' id='line_1_4' title="bbox 210 539 1776 596; baseline -0.003 -11"><span class='ocrx_word' id='word_1_23' title='bbox 210 539 254 585; x_wconf 85' lang='lat'>6.</span> <span class='ocrx_word' id='word_1_24' title='bbox 320 539 573 596; x_wconf 86' lang='lat' dir='ltr'>Quantum</span> <span class='ocrx_word' id='word_1_25' title='bbox 597 539 660 584; x_wconf 90' lang='lat' dir='ltr'>ad</span> <span class='ocrx_word' id='word_1_26' title='bbox 682 539 966 584; x_wconf 88' lang='lat' dir='ltr'>scholarum</span> <span class='ocrx_word' id='word_1_27' title='bbox 999 546 1303 587; x_wconf 78' lang='lat' dir='ltr'>nostrarum,</span> <span class='ocrx_word' id='word_1_28' title='bbox 1330 552 1452 593; x_wconf 91' lang='lat' dir='ltr'>quas</span> <span class='ocrx_word' id='word_1_29' title='bbox 1486 551 1642 592; x_wconf 91' lang='lat' dir='ltr'>nuper</span> <span class='ocrx_word' id='word_1_30' title='bbox 1666 551 1776 592; x_wconf 89' lang='lat' dir='ltr'>ape-</span> 
     </span>
     <span class='ocr_line' id='line_1_5' title="bbox 155 612 1777 672; baseline -0.002 -11"><span class='ocrx_word' id='word_1_31' title='bbox 155 616 355 672; x_wconf 83' lang='lat' dir='ltr'>ruimus,</span> <span class='ocrx_word' id='word_1_32' title='bbox 377 631 662 661; x_wconf 89' lang='lat' dir='ltr'>successum</span> <span class='ocrx_word' id='word_1_33' title='bbox 685 615 875 669; x_wconf 79' lang='lat' dir='ltr'>attinet,</span> <span class='ocrx_word' id='word_1_34' title='bbox 904 614 1040 659; x_wconf 89' lang='lat' dir='ltr'>breui</span> <span class='ocrx_word' id='word_1_35' title='bbox 1063 614 1223 670; x_wconf 87' lang='lat' dir='ltr'>spatio</span> <span class='ocrx_word' id='word_1_36' title='bbox 1243 617 1415 658; x_wconf 74' lang='lat' dir='ltr'>tantos</span> <span class='ocrx_word' id='word_1_37' title='bbox 1438 626 1498 657; x_wconf 77' lang='lat' dir='ltr'>ac</span> <span class='ocrx_word' id='word_1_38' title='bbox 1516 621 1618 658; x_wconf 89' lang='lat' dir='ltr'>tam</span> <span class='ocrx_word' id='word_1_39' title='bbox 1643 612 1777 657; x_wconf 82' lang='lat' dir='ltr'>foeli-</span> 
     </span>
     <span class='ocr_line' id='line_1_6' title="bbox 153 689 1778 748; baseline -0.003 -10"><span class='ocrx_word' id='word_1_40' title='bbox 153 708 236 738; x_wconf 92' lang='lat' dir='ltr'>ces</span> <span class='ocrx_word' id='word_1_41' title='bbox 255 708 487 738; x_wconf 81' lang='lat' dir='ltr'>accessus</span> <span class='ocrx_word' id='word_1_42' title='bbox 511 707 768 748; x_wconf 89' lang='lat' dir='ltr'>accepere,</span> <span class='ocrx_word' id='word_1_43' title='bbox 790 701 843 737; x_wconf 90' lang='lat' dir='ltr'>ut</span> <span class='ocrx_word' id='word_1_44' title='bbox 867 691 1169 736; x_wconf 73' lang='lat' dir='ltr'>mirandum</span> <span class='ocrx_word' id='word_1_45' title='bbox 1189 696 1206 716; x_wconf 78' lang='lat'>³</span> <span class='ocrx_word' id='word_1_46' title='bbox 1225 689 1387 746; x_wconf 91' lang='lat' dir='ltr'>potius</span> <span class='ocrx_word' id='word_1_47' title='bbox 1407 704 1554 746; x_wconf 90' lang='lat' dir='ltr'>quam</span> <span class='ocrx_word' id='word_1_48' title='bbox 1578 689 1679 734; x_wconf 90' lang='lat' dir='ltr'>ulla</span> <span class='ocrx_word' id='word_1_49' title='bbox 1703 704 1778 734; x_wconf 90' lang='lat' dir='ltr'>ra-</span> 
     </span>
     <span class='ocr_line' id='line_1_7' title="bbox 152 762 1777 825; baseline -0.002 -11"><span class='ocrx_word' id='word_1_50' title='bbox 152 770 285 815; x_wconf 91' lang='lat' dir='ltr'>tione</span> <span class='ocrx_word' id='word_1_51' title='bbox 308 769 709 825; x_wconf 90' lang='lat' dir='ltr'>conquerendum</span> <span class='ocrx_word' id='word_1_52' title='bbox 732 762 971 814; x_wconf 87' lang='lat' dir='ltr'>nobissit.</span> <span class='ocrx_word' id='word_1_53' title='bbox 995 767 1285 824; x_wconf 72' lang='lat' dir='ltr'>Auspicium</span> <span class='ocrx_word' id='word_1_54' title='bbox 1309 775 1423 812; x_wconf 91' lang='lat' dir='ltr'>ante</span> <span class='ocrx_word' id='word_1_55' title='bbox 1448 775 1548 811; x_wconf 91' lang='lat' dir='ltr'>tres</span> <span class='ocrx_word' id='word_1_56' title='bbox 1568 781 1777 821; x_wconf 89' lang='lat' dir='ltr'>menses,</span> 
     </span>
     <span class='ocr_line' id='line_1_8' title="bbox 154 844 1782 900; baseline -0.002 -9"><span class='ocrx_word' id='word_1_57' title='bbox 154 846 312 891; x_wconf 91' lang='lat' dir='ltr'>tribus</span> <span class='ocrx_word' id='word_1_58' title='bbox 335 846 643 891; x_wconf 87' lang='lat' dir='ltr'>solummodo</span> <span class='ocrx_word' id='word_1_59' title='bbox 666 845 888 891; x_wconf 76' lang='lat' dir='ltr'>fecimus:</span> <span class='ocrx_word' id='word_1_60' title='bbox 916 844 1012 889; x_wconf 89' lang='lat' dir='ltr'>iam</span> <span class='ocrx_word' id='word_1_61' title='bbox 1030 844 1386 900; x_wconf 81' lang='lat' dir='ltr'>quinquaginta</span> <span class='ocrx_word' id='word_1_62' title='bbox 1410 858 1562 899; x_wconf 89' lang='lat' dir='ltr'>supra</span> <span class='ocrx_word' id='word_1_63' title='bbox 1585 852 1782 888; x_wconf 88' lang='lat' dir='ltr'>centum</span> 
     </span>
     <span class='ocr_line' id='line_1_9' title="bbox 155 920 1781 979; baseline -0.002 -11"><span class='ocrx_word' id='word_1_64' title='bbox 155 932 241 969; x_wconf 90' lang='lat' dir='ltr'>aut</span> <span class='ocrx_word' id='word_1_65' title='bbox 264 938 323 968; x_wconf 95' lang='lat' dir='ltr'>eo</span> <span class='ocrx_word' id='word_1_66' title='bbox 348 923 556 979; x_wconf 90' lang='lat' dir='ltr'>amplius</span> <span class='ocrx_word' id='word_1_67' title='bbox 575 923 623 968; x_wconf 92' lang='lat' dir='ltr'>in</span> <span class='ocrx_word' id='word_1_68' title='bbox 642 923 744 968; x_wconf 91' lang='lat' dir='ltr'>dies</span> <span class='ocrx_word' id='word_1_69' title='bbox 769 935 1102 977; x_wconf 88' lang='lat' dir='ltr'>recensemus;</span> <span class='ocrx_word' id='word_1_70' title='bbox 1130 931 1295 978; x_wconf 89' lang='lat' dir='ltr'>atque,</span> <span class='ocrx_word' id='word_1_71' title='bbox 1323 920 1369 965; x_wconf 91' lang='lat' dir='ltr'>id</span> <span class='ocrx_word' id='word_1_72' title='bbox 1393 920 1553 977; x_wconf 90' lang='lat' dir='ltr'>magis</span> <span class='ocrx_word' id='word_1_73' title='bbox 1577 920 1781 965; x_wconf 88' lang='lat' dir='ltr'>demire-</span> 
     </span>
     <span class='ocr_line' id='line_1_10' title="bbox 154 997 1781 1057; baseline -0.002 -11"><span class='ocrx_word' id='word_1_74' title='bbox 154 1000 237 1057; x_wconf 90' lang='lat' dir='ltr'>ris,</span> <span class='ocrx_word' id='word_1_75' title='bbox 259 1001 298 1046; x_wconf 93' lang='lat' dir='ltr'>si</span> <span class='ocrx_word' id='word_1_76' title='bbox 317 1001 478 1045; x_wconf 89' lang='lat' dir='ltr'>locum</span> <span class='ocrx_word' id='word_1_77' title='bbox 503 1000 549 1045; x_wconf 93' lang='lat' dir='ltr'>in</span> <span class='ocrx_word' id='word_1_78' title='bbox 569 1016 664 1057; x_wconf 90' lang='lat' dir='ltr'>quo</span> <span class='ocrx_word' id='word_1_79' title='bbox 688 1000 978 1050; x_wconf 87' lang='lat' dir='ltr'>erudiuntur</span> <span class='ocrx_word' id='word_1_80' title='bbox 997 998 1312 1055; x_wconf 85' lang='lat' dir='ltr'>conspicatus</span> <span class='ocrx_word' id='word_1_81' title='bbox 1331 998 1412 1054; x_wconf 73' lang='lat' dir='ltr'>sis3</span> <span class='ocrx_word' id='word_1_82' title='bbox 1436 1007 1510 1043; x_wconf 90' lang='lat' dir='ltr'>est</span> <span class='ocrx_word' id='word_1_83' title='bbox 1530 997 1658 1042; x_wconf 91' lang='lat' dir='ltr'>enim</span> <span class='ocrx_word' id='word_1_84' title='bbox 1676 1006 1781 1042; x_wconf 89' lang='lat' dir='ltr'>tan-</span> 
     </span>
     <span class='ocr_line' id='line_1_11' title="bbox 155 1061 1782 1133; baseline -0.002 -11"><span class='ocrx_word' id='word_1_85' title='bbox 155 1086 206 1123; x_wconf 89' lang='lat' dir='ltr'>ta</span> <span class='ocrx_word' id='word_1_86' title='bbox 225 1078 382 1122; x_wconf 74' lang='lat' dir='ltr'>huius</span> <span class='ocrx_word' id='word_1_87' title='bbox 406 1077 483 1121; x_wconf 71' lang='lat' dir='ltr'>rei</span> <span class='ocrx_word' id='word_1_88' title='bbox 498 1077 516 1103; x_wconf 59' lang='grc' dir='ltr'>ὓ</span> <span class='ocrx_word' id='word_1_89' title='bbox 543 1076 791 1133; x_wconf 90' lang='lat' dir='ltr'>angustia,</span> <span class='ocrx_word' id='word_1_90' title='bbox 818 1085 870 1121; x_wconf 91' lang='lat' dir='ltr'>ut</span> <span class='ocrx_word' id='word_1_91' title='bbox 893 1061 1126 1121; x_wconf 48' lang='lat' dir='ltr'>halecum&#39;</span> <span class='ocrx_word' id='word_1_92' title='bbox 1145 1085 1194 1120; x_wconf 93' lang='lat' dir='ltr'>et</span> <span class='ocrx_word' id='word_1_93' title='bbox 1217 1090 1490 1132; x_wconf 82' lang='lat' dir='ltr'>caeparum</span> <span class='ocrx_word' id='word_1_94' title='bbox 1510 1089 1649 1120; x_wconf 91' lang='lat' dir='ltr'>more</span> <span class='ocrx_word' id='word_1_95' title='bbox 1669 1089 1782 1119; x_wconf 93' lang='lat' dir='ltr'>con-</span> 
     </span>
     <span class='ocr_line' id='line_1_12' title="bbox 156 1151 1783 1210; baseline -0.002 -11"><span class='ocrx_word' id='word_1_96' title='bbox 156 1154 270 1199; x_wconf 78' lang='lat' dir='ltr'>ferti</span> <span class='ocrx_word' id='word_1_97' title='bbox 290 1153 677 1210; x_wconf 90' lang='lat' dir='ltr'>condensatique</span> <span class='ocrx_word' id='word_1_98' title='bbox 695 1153 916 1199; x_wconf 87' lang='lat' dir='ltr'>sedeant.</span> <span class='ocrx_word' id='word_1_99' title='bbox 944 1151 1218 1198; x_wconf 85' lang='lat' dir='ltr'>Eduximus</span> <span class='ocrx_word' id='word_1_100' title='bbox 1237 1152 1335 1197; x_wconf 89' lang='lat' dir='ltr'>iam</span> <span class='ocrx_word' id='word_1_101' title='bbox 1354 1151 1600 1197; x_wconf 91' lang='lat' dir='ltr'>coloniam</span> <span class='ocrx_word' id='word_1_102' title='bbox 1620 1166 1783 1209; x_wconf 85' lang='lat' dir='ltr'>unam,</span> 
     </span>
     <span class='ocr_line' id='line_1_13' title="bbox 155 1228 1781 1287; baseline -0.002 -10"><span class='ocrx_word' id='word_1_103' title='bbox 155 1231 241 1277; x_wconf 84' lang='lat' dir='ltr'>sed</span> <span class='ocrx_word' id='word_1_104' title='bbox 260 1231 375 1275; x_wconf 88' lang='lat' dir='ltr'>nihil</span> <span class='ocrx_word' id='word_1_105' title='bbox 394 1231 613 1287; x_wconf 83' lang='lat' dir='ltr'>prodest,</span> <span class='ocrx_word' id='word_1_106' title='bbox 640 1230 804 1275; x_wconf 91' lang='lat' dir='ltr'>omnia</span> <span class='ocrx_word' id='word_1_107' title='bbox 823 1245 1020 1275; x_wconf 90' lang='lat' dir='ltr'>rursum</span> <span class='ocrx_word' id='word_1_108' title='bbox 1040 1229 1201 1285; x_wconf 86' lang='lat' dir='ltr'>plena,</span> <span class='ocrx_word' id='word_1_109' title='bbox 1223 1228 1387 1274; x_wconf 89' lang='lat' dir='ltr'>omnia</span> <span class='ocrx_word' id='word_1_110' title='bbox 1406 1228 1634 1273; x_wconf 81' lang='lat' dir='ltr'>conferta</span> <span class='ocrx_word' id='word_1_111' title='bbox 1653 1236 1781 1285; x_wconf 81' lang='lat' dir='ltr'>sunt3</span> 
     </span>
     <span class='ocr_line' id='line_1_14' title="bbox 157 1305 1785 1365; baseline -0.002 -12"><span class='ocrx_word' id='word_1_112' title='bbox 157 1308 286 1365; x_wconf 89' lang='lat' dir='ltr'>quod</span> <span class='ocrx_word' id='word_1_113' title='bbox 299 1308 337 1352; x_wconf 93' lang='lat' dir='ltr'>si</span> <span class='ocrx_word' id='word_1_114' title='bbox 354 1307 587 1364; x_wconf 89' lang='lat' dir='ltr'>principis</span> <span class='ocrx_word' id='word_1_115' title='bbox 602 1306 934 1352; x_wconf 88' lang='lat' dir='ltr'>munificentia</span> <span class='ocrx_word' id='word_1_116' title='bbox 950 1306 1311 1363; x_wconf 83' lang='lat' dir='ltr'>paedotribam,</span> <span class='ocrx_word' id='word_1_117' title='bbox 1327 1315 1380 1351; x_wconf 94' lang='lat' dir='ltr'>ut</span> <span class='ocrx_word' id='word_1_118' title='bbox 1392 1305 1668 1362; x_wconf 91' lang='lat' dir='ltr'>pollicetur,</span> <span class='ocrx_word' id='word_1_119' title='bbox 1685 1321 1785 1350; x_wconf 89' lang='lat' dir='ltr'>ma-</span> 
     </span>
     <span class='ocr_line' id='line_1_15' title="bbox 155 1382 1788 1441; baseline -0.002 -10"><span class='ocrx_word' id='word_1_120' title='bbox 155 1394 267 1431; x_wconf 92' lang='lat' dir='ltr'>ture</span> <span class='ocrx_word' id='word_1_121' title='bbox 290 1384 417 1441; x_wconf 90' lang='lat' dir='ltr'>erigi</span> <span class='ocrx_word' id='word_1_122' title='bbox 440 1394 596 1439; x_wconf 88' lang='lat' dir='ltr'>curet;</span> <span class='ocrx_word' id='word_1_123' title='bbox 623 1393 710 1430; x_wconf 89' lang='lat' dir='ltr'>aut</span> <span class='ocrx_word' id='word_1_124' title='bbox 733 1399 927 1441; x_wconf 90' lang='lat' dir='ltr'>quoquo</span> <span class='ocrx_word' id='word_1_125' title='bbox 951 1383 1048 1429; x_wconf 90' lang='lat' dir='ltr'>alio</span> <span class='ocrx_word' id='word_1_126' title='bbox 1074 1384 1235 1440; x_wconf 89' lang='lat' dir='ltr'>modo,</span> <span class='ocrx_word' id='word_1_127' title='bbox 1262 1382 1392 1439; x_wconf 89' lang='lat' dir='ltr'>quod</span> <span class='ocrx_word' id='word_1_128' title='bbox 1416 1385 1611 1428; x_wconf 91' lang='lat' dir='ltr'>omnino</span> <span class='ocrx_word' id='word_1_129' title='bbox 1635 1382 1788 1428; x_wconf 91' lang='lat' dir='ltr'>semel</span> 
     </span>
     <span class='ocr_line' id='line_1_16' title="bbox 157 1459 1787 1518; baseline -0.002 -11"><span class='ocrx_word' id='word_1_130' title='bbox 157 1472 205 1508; x_wconf 92' lang='lat' dir='ltr'>et</span> <span class='ocrx_word' id='word_1_131' title='bbox 228 1462 326 1508; x_wconf 90' lang='lat' dir='ltr'>cito</span> <span class='ocrx_word' id='word_1_132' title='bbox 350 1461 632 1506; x_wconf 75' lang='lat' dir='ltr'>faciendum</span> <span class='ocrx_word' id='word_1_133' title='bbox 656 1471 747 1518; x_wconf 89' lang='lat' dir='ltr'>est,</span> <span class='ocrx_word' id='word_1_134' title='bbox 769 1461 828 1506; x_wconf 92' lang='lat' dir='ltr'>de</span> <span class='ocrx_word' id='word_1_135' title='bbox 852 1460 1174 1506; x_wconf 83' lang='lat' dir='ltr'>commodiori</span> <span class='ocrx_word' id='word_1_136' title='bbox 1201 1459 1366 1516; x_wconf 88' lang='lat' dir='ltr'>aliquo</span> <span class='ocrx_word' id='word_1_137' title='bbox 1391 1459 1649 1504; x_wconf 83' lang='lat' dir='ltr'>literarum</span> <span class='ocrx_word' id='word_1_138' title='bbox 1673 1459 1787 1504; x_wconf 93' lang='lat' dir='ltr'>ludo</span> 
     </span>
     <span class='ocr_line' id='line_1_17' title="bbox 157 1535 1788 1593; baseline -0.002 -9"><span class='ocrx_word' id='word_1_139' title='bbox 157 1539 296 1585; x_wconf 90' lang='lat' dir='ltr'>nobis</span> <span class='ocrx_word' id='word_1_140' title='bbox 321 1537 563 1593; x_wconf 73' lang='lat' dir='ltr'>consulat,</span> <span class='ocrx_word' id='word_1_141' title='bbox 590 1538 687 1583; x_wconf 91' lang='lat' dir='ltr'>iam</span> <span class='ocrx_word' id='word_1_142' title='bbox 710 1548 814 1583; x_wconf 93' lang='lat' dir='ltr'>tum</span> <span class='ocrx_word' id='word_1_143' title='bbox 837 1537 1134 1583; x_wconf 89' lang='lat' dir='ltr'>cateruatim</span> <span class='ocrx_word' id='word_1_144' title='bbox 1159 1536 1484 1582; x_wconf 88' lang='lat' dir='ltr'>aduolaturos</span> <span class='ocrx_word' id='word_1_145' title='bbox 1508 1535 1677 1581; x_wconf 89' lang='lat' dir='ltr'>credo.</span> <span class='ocrx_word' id='word_1_146' title='bbox 1714 1535 1788 1581; x_wconf 89' lang='lat' dir='ltr'>In-</span> 
     </span>
     <span class='ocr_line' id='line_1_18' title="bbox 157 1613 1788 1671; baseline -0.002 -9"><span class='ocrx_word' id='word_1_147' title='bbox 157 1626 298 1663; x_wconf 86' lang='lat' dir='ltr'>terea</span> <span class='ocrx_word' id='word_1_148' title='bbox 321 1615 382 1661; x_wconf 87' lang='lat' dir='ltr'>R.</span> <span class='ocrx_word' id='word_1_149' title='bbox 412 1615 476 1660; x_wconf 84' lang='lat' dir='ltr'>V.</span> <span class='ocrx_word' id='word_1_150' title='bbox 504 1624 614 1660; x_wconf 91' lang='lat' dir='ltr'>oret</span> <span class='ocrx_word' id='word_1_151' title='bbox 637 1624 686 1661; x_wconf 92' lang='lat' dir='ltr'>et</span> <span class='ocrx_word' id='word_1_152' title='bbox 709 1615 950 1660; x_wconf 91' lang='lat' dir='ltr'>orandum</span> <span class='ocrx_word' id='word_1_153' title='bbox 984 1623 1142 1671; x_wconf 87' lang='lat' dir='ltr'>curet,</span> <span class='ocrx_word' id='word_1_154' title='bbox 1179 1630 1239 1659; x_wconf 91' lang='lat' dir='ltr'>ne</span> <span class='ocrx_word' id='word_1_155' title='bbox 1274 1613 1672 1670; x_wconf 89' lang='lat' dir='ltr'>auspicatissima</span> <span class='ocrx_word' id='word_1_156' title='bbox 1705 1613 1788 1659; x_wconf 92' lang='lat' dir='ltr'>illa</span> 
     </span>
     <span class='ocr_line' id='line_1_19' title="bbox 158 1683 1788 1750; baseline -0.002 -12"><span class='ocrx_word' id='word_1_157' title='bbox 158 1693 311 1750; x_wconf 88' lang='lat' dir='ltr'>initia,</span> <span class='ocrx_word' id='word_1_158' title='bbox 336 1683 536 1749; x_wconf 84' lang='lat' dir='ltr'>diaboli,</span> <span class='ocrx_word' id='word_1_159' title='bbox 564 1707 709 1748; x_wconf 90' lang='lat' dir='ltr'>quem</span> <span class='ocrx_word' id='word_1_160' title='bbox 734 1691 898 1737; x_wconf 87' lang='lat' dir='ltr'>omnia</span> <span class='ocrx_word' id='word_1_161' title='bbox 921 1701 974 1737; x_wconf 92' lang='lat' dir='ltr'>ut</span> <span class='ocrx_word' id='word_1_162' title='bbox 998 1691 1126 1737; x_wconf 90' lang='lat' dir='ltr'>obsit</span> <span class='ocrx_word' id='word_1_163' title='bbox 1150 1691 1435 1736; x_wconf 89' lang='lat' dir='ltr'>moliturum</span> <span class='ocrx_word' id='word_1_164' title='bbox 1469 1691 1635 1746; x_wconf 89' lang='lat' dir='ltr'>timeo,</span> <span class='ocrx_word' id='word_1_165' title='bbox 1671 1690 1788 1735; x_wconf 89' lang='lat' dir='ltr'>inui-</span> 
     </span>
     <span class='ocr_line' id='line_1_20' title="bbox 159 1769 839 1826; baseline -0.003 -10"><span class='ocrx_word' id='word_1_166' title='bbox 159 1770 239 1816; x_wconf 90' lang='lat' dir='ltr'>dia</span> <span class='ocrx_word' id='word_1_167' title='bbox 258 1769 535 1826; x_wconf 89' lang='lat' dir='ltr'>conturbet,</span> <span class='ocrx_word' id='word_1_168' title='bbox 563 1769 839 1814; x_wconf 72' lang='lat' dir='ltr'>deiiciatue</span> 
     </span>
    </p>

    <p class='ocr_par' dir='ltr' id='par_1_4' title="bbox 159 1845 1794 2753">
     <span class='ocr_line' id='line_1_21' title="bbox 218 1845 1789 1907; baseline -0.002 -15"><span class='ocrx_word' id='word_1_169' title='bbox 218 1847 259 1892; x_wconf 90' lang='lat'>7.</span> <span class='ocrx_word' id='word_1_170' title='bbox 328 1847 460 1892; x_wconf 85' lang='lat' dir='ltr'>Ante</span> <span class='ocrx_word' id='word_1_171' title='bbox 485 1847 717 1907; x_wconf 89' lang='lat' dir='ltr'>inchoata</span> <span class='ocrx_word' id='word_1_172' title='bbox 741 1846 942 1892; x_wconf 90' lang='lat' dir='ltr'>comitia</span> <span class='ocrx_word' id='word_1_173' title='bbox 966 1861 1248 1891; x_wconf 91' lang='lat' dir='ltr'>conuenere</span> <span class='ocrx_word' id='word_1_174' title='bbox 1281 1845 1423 1891; x_wconf 89' lang='lat' dir='ltr'>simul</span> <span class='ocrx_word' id='word_1_175' title='bbox 1442 1845 1538 1890; x_wconf 92' lang='lat' dir='ltr'>huc</span> <span class='ocrx_word' id='word_1_176' title='bbox 1560 1859 1789 1890; x_wconf 89' lang='lat' dir='ltr'>reueren-</span> 
     </span>
     <span class='ocr_line' id='line_1_22' title="bbox 160 1921 1789 1980; baseline -0.002 -11"><span class='ocrx_word' id='word_1_177' title='bbox 160 1924 388 1970; x_wconf 88' lang='lat' dir='ltr'>dissimus</span> <span class='ocrx_word' id='word_1_178' title='bbox 411 1923 677 1969; x_wconf 88' lang='lat' dir='ltr'>cardinalis</span> <span class='ocrx_word' id='word_1_179' title='bbox 701 1932 1011 1980; x_wconf 84' lang='lat' dir='ltr'>augustanus</span> <span class='ocrx_word' id='word_1_180' title='bbox 1043 1924 1059 1947; x_wconf 73' lang='lat'>2</span> <span class='ocrx_word' id='word_1_181' title='bbox 1093 1938 1192 1968; x_wconf 92' lang='lat' dir='ltr'>una</span> <span class='ocrx_word' id='word_1_182' title='bbox 1226 1938 1337 1968; x_wconf 91' lang='lat' dir='ltr'>cum</span> <span class='ocrx_word' id='word_1_183' title='bbox 1371 1922 1592 1979; x_wconf 87' lang='lat' dir='ltr'>principe</span> <span class='ocrx_word' id='word_1_184' title='bbox 1629 1921 1789 1966; x_wconf 85' lang='lat' dir='ltr'>Baua-</span> 
     </span>
     <span class='ocr_line' id='line_1_23' title="bbox 159 1998 1789 2057; baseline -0.003 -10"><span class='ocrx_word' id='word_1_185' title='bbox 159 2002 266 2047; x_wconf 86' lang='lat' dir='ltr'>riae</span> <span class='ocrx_word' id='word_1_186' title='bbox 290 2002 305 2026; x_wconf 77' lang='lat'><strong>3</strong></span> <span class='ocrx_word' id='word_1_187' title='bbox 329 2010 378 2047; x_wconf 91' lang='lat' dir='ltr'>et</span> <span class='ocrx_word' id='word_1_188' title='bbox 401 2001 509 2046; x_wconf 88' lang='lat' dir='ltr'>aliis</span> <span class='ocrx_word' id='word_1_189' title='bbox 532 2001 780 2057; x_wconf 89' lang='lat' dir='ltr'>plerisque</span> <span class='ocrx_word' id='word_1_190' title='bbox 804 1999 1108 2047; x_wconf 87' lang='lat' dir='ltr'>Germaniae</span> <span class='ocrx_word' id='word_1_191' title='bbox 1134 2000 1382 2057; x_wconf 89' lang='lat' dir='ltr'>primariis</span> <span class='ocrx_word' id='word_1_192' title='bbox 1415 1999 1551 2055; x_wconf 69' lang='lat' dir='ltr'>uiris,</span> <span class='ocrx_word' id='word_1_193' title='bbox 1579 1998 1658 2055; x_wconf 90' lang='lat' dir='ltr'>qui</span> <span class='ocrx_word' id='word_1_194' title='bbox 1692 1998 1789 2054; x_wconf 90' lang='lat' dir='ltr'>qui-</span> 
     </span>
     <span class='ocr_line' id='line_1_24' title="bbox 161 2074 1791 2136; baseline -0.002 -13"><span class='ocrx_word' id='word_1_195' title='bbox 161 2079 286 2135; x_wconf 90' lang='lat' dir='ltr'>dem,</span> <span class='ocrx_word' id='word_1_196' title='bbox 313 2078 482 2136; x_wconf 88' lang='lat' dir='ltr'>quanti</span> <span class='ocrx_word' id='word_1_197' title='bbox 505 2084 521 2105; x_wconf 79' lang='lat'>‘²</span> <span class='ocrx_word' id='word_1_198' title='bbox 550 2077 802 2123; x_wconf 84' lang='lat' dir='ltr'>minimam</span> <span class='ocrx_word' id='word_1_199' title='bbox 826 2087 875 2123; x_wconf 91' lang='lat' dir='ltr'>et</span> <span class='ocrx_word' id='word_1_200' title='bbox 898 2077 1101 2123; x_wconf 83' lang='lat' dir='ltr'>uixdum</span> <span class='ocrx_word' id='word_1_201' title='bbox 1136 2078 1260 2122; x_wconf 86' lang='lat' dir='ltr'>bene</span> <span class='ocrx_word' id='word_1_202' title='bbox 1286 2077 1433 2122; x_wconf 92' lang='lat' dir='ltr'>humo</span> <span class='ocrx_word' id='word_1_203' title='bbox 1467 2075 1679 2122; x_wconf 83' lang='lat' dir='ltr'>defixam</span> <span class='ocrx_word' id='word_1_204' title='bbox 1703 2074 1791 2120; x_wconf 82' lang='lat' dir='ltr'>So-</span> 
     </span>
     <span class='ocr_line' id='line_1_25' title="bbox 163 2154 1792 2212; baseline -0.002 -11"><span class='ocrx_word' id='word_1_205' title='bbox 163 2156 355 2202; x_wconf 91' lang='lat' dir='ltr'>cietatis</span> <span class='ocrx_word' id='word_1_206' title='bbox 392 2156 664 2212; x_wconf 89' lang='lat' dir='ltr'>plantulam</span> <span class='ocrx_word' id='word_1_207' title='bbox 696 2155 900 2211; x_wconf 77' lang='lat' dir='ltr'>faciant,</span> <span class='ocrx_word' id='word_1_208' title='bbox 941 2155 1060 2200; x_wconf 78' lang='lat' dir='ltr'>lzinc</span> <span class='ocrx_word' id='word_1_209' title='bbox 1094 2155 1298 2212; x_wconf 76' lang='lat' dir='ltr'>collige:</span> <span class='ocrx_word' id='word_1_210' title='bbox 1330 2154 1792 2200; x_wconf 88' lang='lat' dir='ltr'>Reuerendissimus</span> 
     </span>
     <span class='ocr_line' id='line_1_26' title="bbox 162 2228 1792 2289; baseline -0.002 -11"><span class='ocrx_word' id='word_1_211' title='bbox 162 2249 273 2279; x_wconf 91' lang='lat' dir='ltr'>cum</span> <span class='ocrx_word' id='word_1_212' title='bbox 298 2233 560 2285; x_wconf 82' lang='lat' dir='ltr'>uniuersis,</span> <span class='ocrx_word' id='word_1_213' title='bbox 587 2248 709 2289; x_wconf 91' lang='lat' dir='ltr'>quos</span> <span class='ocrx_word' id='word_1_214' title='bbox 732 2247 902 2278; x_wconf 91' lang='lat' dir='ltr'>secum</span> <span class='ocrx_word' id='word_1_215' title='bbox 926 2232 1074 2289; x_wconf 84' lang='lat' dir='ltr'>ducit,</span> <span class='ocrx_word' id='word_1_216' title='bbox 1103 2232 1345 2277; x_wconf 89' lang='lat' dir='ltr'>nobilibus</span> <span class='ocrx_word' id='word_1_217' title='bbox 1379 2241 1427 2276; x_wconf 91' lang='lat' dir='ltr'>et</span> <span class='ocrx_word' id='word_1_218' title='bbox 1450 2230 1754 2276; x_wconf 72' lang='lat' dir='ltr'>mz‘m‘stem&#39;z&#39;s</span> <span class='ocrx_word' id='word_1_219' title='bbox 1774 2228 1792 2256; x_wconf 77' lang='lat'>‘¹</span> 
     </span>
     <span class='ocr_line' id='line_1_27' title="bbox 160 2307 1792 2367; baseline -0.003 -11"><span class='ocrx_word' id='word_1_220' title='bbox 160 2326 251 2356; x_wconf 92' lang='lat' dir='ltr'>nos</span> <span class='ocrx_word' id='word_1_221' title='bbox 295 2325 441 2367; x_wconf 89' lang='lat' dir='ltr'>quam</span> <span class='ocrx_word' id='word_1_222' title='bbox 480 2310 866 2356; x_wconf 79' lang='lat' dir='ltr'>familiarissime</span> <span class='ocrx_word' id='word_1_223' title='bbox 906 2309 1086 2367; x_wconf 83' lang='lat' dir='ltr'>inuisit,</span> <span class='ocrx_word' id='word_1_224' title='bbox 1127 2319 1276 2366; x_wconf 91' lang='lat' dir='ltr'>atque</span> <span class='ocrx_word' id='word_1_225' title='bbox 1321 2324 1526 2366; x_wconf 88' lang='lat' dir='ltr'>operam</span> <span class='ocrx_word' id='word_1_226' title='bbox 1565 2323 1706 2352; x_wconf 88' lang='lat' dir='ltr'>suam</span> <span class='ocrx_word' id='word_1_227' title='bbox 1745 2307 1792 2352; x_wconf 93' lang='lat' dir='ltr'>in</span> 
     </span>
     <span class='ocr_line' id='line_1_28' title="bbox 162 2384 1794 2444; baseline -0.003 -11"><span class='ocrx_word' id='word_1_228' title='bbox 162 2388 387 2433; x_wconf 91' lang='lat' dir='ltr'>omnibus</span> <span class='ocrx_word' id='word_1_229' title='bbox 430 2387 781 2443; x_wconf 83' lang='lat' dir='ltr'>benignissime</span> <span class='ocrx_word' id='word_1_230' title='bbox 824 2387 1083 2444; x_wconf 89' lang='lat' dir='ltr'>pollicitus,</span> <span class='ocrx_word' id='word_1_231' title='bbox 1131 2400 1348 2431; x_wconf 75' lang='lat' dir='ltr'>manum</span> <span class='ocrx_word' id='word_1_232' title='bbox 1387 2384 1794 2430; x_wconf 74' lang='lat' dir='ltr'>exosczclandczm</span> 
     </span>
     <span class='ocr_line' id='line_1_29' title="bbox 162 2463 1789 2522; baseline -0.003 -12"><span class='ocrx_word' id='word_1_233' title='bbox 162 2464 401 2511; x_wconf 74' lang='lat' dir='ltr'>omnibus</span> <span class='ocrx_word' id='word_1_234' title='bbox 419 2479 578 2522; x_wconf 76' lang='lat' dir='ltr'>quam</span> <span class='ocrx_word' id='word_1_235' title='bbox 601 2464 983 2510; x_wconf 73' lang='lat' dir='ltr'>humanissime</span> <span class='ocrx_word' id='word_1_236' title='bbox 1002 2464 1261 2521; x_wconf 63' lang='lat' dir='ltr'>porrexits</span> <span class='ocrx_word' id='word_1_237' title='bbox 1279 2478 1369 2508; x_wconf 77' lang='lat' dir='ltr'>nec</span> <span class='ocrx_word' id='word_1_238' title='bbox 1392 2463 1485 2507; x_wconf 73' lang='lat' dir='ltr'>hoc</span> <span class='ocrx_word' id='word_1_239' title='bbox 1509 2464 1789 2518; x_wconf 75' lang='lat' dir='ltr'>contentus,</span> 
     </span>
     <span class='ocr_line' id='line_1_30' title="bbox 164 2539 1792 2598; baseline -0.002 -11"><span class='ocrx_word' id='word_1_240' title='bbox 164 2541 528 2598; x_wconf 88' lang='lat' dir='ltr'>quamprimum</span> <span class='ocrx_word' id='word_1_241' title='bbox 552 2556 707 2598; x_wconf 89' lang='lat' dir='ltr'>opera</span> <span class='ocrx_word' id='word_1_242' title='bbox 731 2541 1015 2598; x_wconf 80' lang='lat' dir='ltr'>Augustini,</span> <span class='ocrx_word' id='word_1_243' title='bbox 1052 2540 1449 2586; x_wconf 89' lang='lat' dir='ltr'>luculentissimis</span> <span class='ocrx_word' id='word_1_244' title='bbox 1483 2539 1610 2595; x_wconf 80' lang='lat' dir='ltr'>typis</span> <span class='ocrx_word' id='word_1_245' title='bbox 1645 2553 1792 2584; x_wconf 82' lang='lat' dir='ltr'>excu-</span> 
     </span>
     <span class='ocr_line' id='line_1_31' title="bbox 164 2616 1793 2677; baseline -0.002 -12"><span class='ocrx_word' id='word_1_246' title='bbox 164 2635 237 2677; x_wconf 90' lang='lat' dir='ltr'>sa,</span> <span class='ocrx_word' id='word_1_247' title='bbox 264 2619 476 2676; x_wconf 91' lang='lat' dir='ltr'>collegio</span> <span class='ocrx_word' id='word_1_248' title='bbox 499 2618 876 2677; x_wconf 88' lang='lat' dir='ltr'>gratificaturus</span> <span class='ocrx_word' id='word_1_249' title='bbox 900 2618 1102 2664; x_wconf 76' lang='lat' dir='ltr'>adferre</span> <span class='ocrx_word' id='word_1_250' title='bbox 1132 2618 1287 2663; x_wconf 90' lang='lat' dir='ltr'>iussit.</span> <span class='ocrx_word' id='word_1_251' title='bbox 1315 2618 1474 2663; x_wconf 85' lang='lat' dir='ltr'>Porro</span> <span class='ocrx_word' id='word_1_252' title='bbox 1508 2632 1568 2661; x_wconf 89' lang='lat' dir='ltr'>ne</span> <span class='ocrx_word' id='word_1_253' title='bbox 1602 2616 1793 2662; x_wconf 89' lang='lat' dir='ltr'>amicis-</span> 
     </span>
     <span class='ocr_line' id='line_1_32' title="bbox 165 2693 1793 2753; baseline -0.002 -12"><span class='ocrx_word' id='word_1_254' title='bbox 165 2696 342 2742; x_wconf 88' lang='lat' dir='ltr'>simum</span> <span class='ocrx_word' id='word_1_255' title='bbox 366 2694 635 2742; x_wconf 82' lang='lat' dir='ltr'>Societatis</span> <span class='ocrx_word' id='word_1_256' title='bbox 653 2696 813 2742; x_wconf 89' lang='lat' dir='ltr'>uirum</span> <span class='ocrx_word' id='word_1_257' title='bbox 834 2712 930 2742; x_wconf 93' lang='lat' dir='ltr'>non</span> <span class='ocrx_word' id='word_1_258' title='bbox 950 2696 1113 2753; x_wconf 89' lang='lat' dir='ltr'>aliquo</span> <span class='ocrx_word' id='word_1_259' title='bbox 1133 2696 1282 2741; x_wconf 90' lang='lat' dir='ltr'>etiam</span> <span class='ocrx_word' id='word_1_260' title='bbox 1301 2693 1516 2739; x_wconf 89' lang='lat' dir='ltr'>uicissim</span> <span class='ocrx_word' id='word_1_261' title='bbox 1535 2708 1793 2739; x_wconf 91' lang='lat' dir='ltr'>munuscu-</span> 
     </span>
    </p>
   </div>
   <div class='ocr_carea' id='block_1_3' title="bbox 214 2848 1574 2900">
    <p class='ocr_par' dir='ltr' id='par_1_5' title="bbox 214 2848 1574 2900">
     <span class='ocr_line' id='line_1_33' title="bbox 214 2848 1574 2900; baseline -0.002 -12"><span class='ocrx_word' id='word_1_262' title='bbox 214 2858 231 2878; x_wconf 67' lang='grc' dir='ltr'><strong>ὃ</strong></span> <span class='ocrx_word' id='word_1_263' title='bbox 275 2851 497 2888; x_wconf 79' lang='lat' dir='ltr'>letandum.</span> <span class='ocrx_word' id='word_1_264' title='bbox 551 2851 618 2878; x_wconf 90' lang='lat' dir='ltr'>—b</span> <span class='ocrx_word' id='word_1_265' title='bbox 655 2852 756 2900; x_wconf 84' lang='lat' dir='ltr'>ejus.</span> <span class='ocrx_word' id='word_1_266' title='bbox 821 2858 878 2878; x_wconf 76' lang='lat' dir='ltr'>--C</span> <span class='ocrx_word' id='word_1_267' title='bbox 914 2851 1061 2888; x_wconf 90' lang='lat' dir='ltr'>mirum</span> <span class='ocrx_word' id='word_1_268' title='bbox 1081 2858 1142 2887; x_wconf 83' lang='lat' dir='ltr'>est</span> <span class='ocrx_word' id='word_1_269' title='bbox 1161 2849 1313 2896; x_wconf 86' lang='lat' dir='ltr'>quanti.</span> <span class='ocrx_word' id='word_1_270' title='bbox 1366 2848 1434 2875; x_wconf 79' lang='lat' dir='ltr'>—d</span> <span class='ocrx_word' id='word_1_271' title='bbox 1470 2848 1574 2885; x_wconf 89' lang='lat' dir='ltr'>aliis.</span> 
     </span>
    </p>
   </div>
   <div class='ocr_carea' id='block_1_4' title="bbox 214 2976 889 3141">
    <p class='ocr_par' dir='ltr' id='par_1_6' title="bbox 214 2976 889 3141">
     <span class='ocr_line' id='line_1_34' title="bbox 215 2976 743 3024; baseline -0.006 -8"><span class='ocrx_word' id='word_1_272' title='bbox 215 2979 225 2998; x_wconf 88' lang='lat'>¹</span> <span class='ocrx_word' id='word_1_273' title='bbox 278 2977 343 3016; x_wconf 81' lang='lat' dir='ltr'>Cf.</span> <span class='ocrx_word' id='word_1_274' title='bbox 365 2990 487 3024; x_wconf 87' lang='lat' dir='ltr'>supra</span> <span class='ocrx_word' id='word_1_275' title='bbox 507 2990 599 3024; x_wconf 88' lang='lat' dir='ltr'>pag.</span> <span class='ocrx_word' id='word_1_276' title='bbox 623 2976 743 3014; x_wconf 80' lang='lat'>76-77.</span> 
     </span>
     <span class='ocr_line' id='line_1_35' title="bbox 214 3036 631 3083; baseline -0.005 -8"><span class='ocrx_word' id='word_1_277' title='bbox 214 3037 232 3083; x_wconf 55' lang='lat'>²,</span> <span class='ocrx_word' id='word_1_278' title='bbox 278 3036 374 3075; x_wconf 84' lang='lat' dir='ltr'>Otto</span> <span class='ocrx_word' id='word_1_279' title='bbox 393 3037 631 3074; x_wconf 88' lang='lat' dir='ltr'>Truchsess.</span> 
     </span>
     <span class='ocr_line' id='line_1_36' title="bbox 214 3095 889 3141; baseline -0.001 -7"><span class='ocrx_word' id='word_1_280' title='bbox 214 3097 228 3117; x_wconf 82' lang='lat'>‘</span> <span class='ocrx_word' id='word_1_281' title='bbox 279 3096 480 3134; x_wconf 85' lang='lat' dir='ltr'>Albertus</span> <span class='ocrx_word' id='word_1_282' title='bbox 499 3096 554 3141; x_wconf 88' lang='lat' dir='ltr'>V,</span> <span class='ocrx_word' id='word_1_283' title='bbox 576 3097 656 3133; x_wconf 77' lang='lat' dir='ltr'>dux</span> <span class='ocrx_word' id='word_1_284' title='bbox 673 3095 889 3133; x_wconf 85' lang='lat' dir='ltr'>Bavariae.</span> 
     </span>
    </p>
   </div>
  </div>
 </body>
</html>
