2051 3516
486 282 809 320 ‘RQ—&mono
838 283 881 320 12
907 284 1113 321 Ocmssms
1144 285 1234 321 1558
1564 286 1635 322 835

57 376 122 422 illi
150 391 272 422 uero
298 376 526 423 Claudio.
554 378 699 435 Quod
734 379 1035 436 perspiciens
1071 395 1341 426 mecoenas
1364 380 1386 401 a
1410 392 1579 426 noster
1603 381 1681 426 ho-

56 469 166 499 rum
191 454 421 510 precibus
445 455 637 511 putauit
661 455 1074 512 acquiescendum
1109 473 1234 502 esse.
1261 457 1398 502 Perre
1418 458 1544 514 pari
1564 462 1686 503 sunt

57 535 239 587 aetate,
267 531 399 576 alter
420 532 556 576 enlm
578 533 888 589 mlgcse'mzmz
913 534 1120 579 tertium
1141 549 1307 591 agens
1326 549 1541 592 annum,
1564 535 1683 580 dno-

55 608 149 653 bus
172 608 393 653 alterum
415 613 646 664 superat.
674 609 822 655 Faxit
847 610 984 656 Deus
1008 621 1060 656 ut
1083 612 1257 657 horum
1286 605 1458 658 feruor
1491 628 1551 658 ac
1575 612 1684 658 reli-

56 685 215 741 gionis
239 684 494 741 profectus
518 685 563 729 in
594 685 696 731 dies
731 697 995 745 augeatur,
1034 705 1155 745 quos
1189 689 1252 734 ad
1286 690 1359 735 sui
1394 690 1685 747 obsequium

56 763 344 809 certissimis
363 763 674 820 argumentis
694 774 769 809 est
788 780 973 811 uocare
993 766 1241 823 dignatus.
1263 767 1683 825 Subsequuturos,

57 841 231 886 eodem
256 852 483 896 uocante,
511 856 606 885 non
638 857 841 899 paucos,
875 844 1093 889 maxima
1127 860 1217 890 nos
1248 861 1358 902 spes
1393 855 1526 891 tenet
1560 845 1686 891 illius

57 933 150 975 ope
173 933 233 963 ac
257 919 475 964 bonitate
500 933 784 974 persuasos,
812 920 892 976 qui
918 920 1156 966 maiorem
1192 922 1238 967 in
1273 923 1375 968 dies
1409 938 1529 968 suae
1553 924 1685 968 mini-

57 1011 168 1041 mae
207 994 473 1041 Societatis
507 995 922 1042 existimationem
962 999 1186 1044 excitare
1225 999 1475 1056 dignatur,
1518 1010 1570 1045 ut
1605 1001 1688 1045 uix

57 1072 314 1130 quisquam
337 1073 399 1118 sit
423 1073 503 1129 qui
527 1089 623 1118 non
648 1073 911 1131 magnifice
935 1075 995 1120 de
1020 1074 1273 1122 Societate
1307 1077 1505 1135 sentiat,
1541 1078 1687 1123 illius-

57 1166 150 1208 que
174 1150 377 1196 instituti
412 1150 691 1208 utilitatem,
719 1167 780 1197 ne
804 1152 965 1197 dicam
1001 1154 1363 1211 necessitatem,
1401 1171 1496 1200 non
1531 1156 1688 1212 predi-

58 1238 149 1285 cet,
178 1237 230 1273 ut
253 1243 349 1273 non
373 1228 533 1273 solum
556 1228 687 1285 apud
721 1245 984 1286 aruernos,
1022 1231 1107 1276 sed
1144 1230 1371 1277 finitimos
1406 1248 1465 1277 ac
1500 1232 1689 1278 uicinos

57 1306 280 1363 populos,
307 1321 398 1351 nec
421 1315 613 1352 tantum
652 1323 682 1352 a
720 1307 1040 1364 popularibus
1079 1319 1164 1354 aut
1203 1310 1562 1364 sacerdotibus,
1605 1311 1690 1356 sed

57 1383 206 1429 etiam
231 1400 261 1429 a
285 1384 532 1440 religiosis
556 1385 846 1442 illorumque
869 1386 1138 1443 praefectis
1162 1388 1374 1433 aliarum
1394 1389 1690 1445 religionum

59 1460 291 1507 institutis
335 1461 672 1519 praeferatur,
719 1463 799 1520 qui
833 1479 928 1509 uno
963 1479 1051 1509 ore
1085 1464 1337 1510 affirmant
1371 1482 1559 1523 omnes,
1595 1482 1690 1512 non

58 1539 275 1594 potuisse
299 1539 472 1584 melius
506 1540 689 1586 labenti
725 1550 773 1587 et
806 1558 962 1599 prope
997 1542 1192 1588 cadenti
1228 1544 1530 1600 reipublicae
1566 1545 1690 1589 cbri-

58 1616 252 1662 stianae
277 1617 545 1675 subueniri,
568 1634 713 1675 quam
741 1619 821 1676 pia
839 1635 899 1664 ac
923 1619 1051 1665 fideli
1075 1636 1345 1677 puerorum
1370 1621 1689 1680 institutione,

59 1704 593 1752 sacramentorumque
637 1697 1078 1743 administratione.
1118 1698 1267 1744 Vnde
1306 1698 1358 1744 fit
1401 1709 1452 1744 ut
1497 1700 1692 1757 collegii

60 1772 280 1817 struendi
304 1773 672 1819 cunctationem
695 1790 791 1820 non
815 1775 1004 1831 possint
1029 1791 1198 1821 omnes
1229 1792 1324 1822 non
1359 1792 1515 1834 aegre
1539 1777 1689 1833 ferre,

62 1858 335 1895 metuentes
358 1866 418 1895 ne
442 1850 501 1895 R.
528 1850 546 1877 b
566 1852 827 1908 episcopus
845 1857 1047 1898 tantam
1057 1854 1276 1911 faciens
1294 1868 1512 1911 moram,
1535 1865 1693 1900 morte

61 1937 378 1985 praeuentus,
405 1937 544 1974 tanto
569 1930 700 1975 bono
726 1930 965 1976 reddatur
988 1931 1233 1988 indignus.
1261 1931 1346 1977 Ille
1370 1948 1492 1977 uero
1518 1932 1692 1977 maiori

62 2020 209 2061 quam
243 2021 460 2062 unquam
496 2022 621 2063 erga
655 2023 745 2052 nos
779 2007 969 2054 affectu
1003 2009 1228 2065 queritur
1261 2009 1468 2055 Patrum
1502 2019 1692 2055 nostro-

61 2097 170 2127 rum
195 2082 394 2128 nimiam
418 2099 612 2129 moram
638 2086 668 2130 ¹.
694 2084 747 2130 In
773 2085 941 2142 primis
964 2087 1024 2132 R.
1052 2086 1217 2132 Patris
1247 2087 1520 2144 Baptistae,
1557 2087 1695 2133 cuius

61 2158 303 2205 industria
326 2176 387 2205 ac
410 2161 670 2217 prudentia
693 2162 818 2208 haec
846 2162 1016 2220 perfici
1050 2164 1200 2221 cupit.
1229 2163 1394 2209 Multa
1422 2169 1695 2220 praetereo

63 2241 118 2281 ut
141 2251 241 2282 non
266 2239 476 2284 omnino
498 2240 630 2285 scitu
654 2240 838 2299 (legun,
865 2242 938 2287 ita
957 2247 1215 2299 persaepe
1233 2243 1458 2288 mediam
1485 2257 1544 2287 ac
1568 2257 1693 2288 mm-

62 2329 206 2361 seam
226 2317 510 2372 parientia.
542 2317 784 2374 [Veniam
811 2324 1094 2377 precesque
1113 2320 1399 2377 postulat]
1431 2320 1507 2365 Ex
1544 2320 1693 2365 billio-

63 2407 206 2437 maeo
230 2393 442 2449 collegio
465 2395 492 2438 4
517 2394 622 2439 idus
647 2394 884 2442 Octobris
913 2396 1039 2442 1558.

152 2469 229 2514 Ex
252 2470 488 2516 mandato
513 2471 574 2516 R.
601 2471 654 2516 P.
683 2474 911 2532 rectoris,
938 2484 1055 2520 tuae
1078 2475 1138 2520 R.
1167 2475 1220 2520 P.
1255 2474 1624 2531 indignissimus
1650 2476 1692 2521 in

64 2546 148 2591 X?
174 2546 316 2605 filius,

903 2611 1196 2657 LUDoUicus
1231 2612 1540 2658 LEODIENsis
1574 2614 1605 2658 ².

112 2780 131 2798 a
182 2781 421 2828 episcopus..
477 2781 542 2810 —b
564 2783 706 2820 Rmus.

115 2907 124 2925 ¹
176 2906 367 2954 Intellige
387 2907 466 2944 PF.
488 2907 751 2945 Paschasium
772 2908 909 2951 Broet,
931 2914 970 2945 et
985 2909 1185 2956 joannem
1214 2909 1438 2956 Baptistam
1473 2911 1604 2954 Viola,
1632 2912 1699 2958 qui

67 2966 224 3002 Romae
250 2967 333 3014 jam
360 2967 427 3003 diu
454 2968 632 3014 agebant
660 2969 710 3005 ob
742 2970 1074 3016 congregationis
1101 2970 1310 3014 generalis
1338 2971 1518 3016 negotia.
1546 2971 1700 3008 Versus

66 3022 186 3061 finem
206 3027 355 3062 mensis
381 3026 567 3063 Octobris
596 3027 813 3065 Biliomum
842 3035 1133 3076 pervenerunt.
1164 3028 1228 3066 Cf.
1260 3029 1398 3075 Epist.
1429 3030 1524 3067 FP.
1554 3030 1697 3075 Βνοϋΐ,

61 3082 224 3130 Jaj2·...,
247 3085 326 3123 125.

117 3145 129 3162 ‘·’
183 3145 287 3182 Vide
307 3159 442 3193 supra,
463 3160 556 3194 pag.
576 3147 659 3193 658,
680 3154 814 3185 annot.
833 3148 867 3185 2.
892 3149 954 3185 De
975 3149 1044 3185 illo
1073 3149 1218 3185 dicitur
1245 3149 1285 3185 in
1313 3149 1449 3186 codice
1477 3150 1625 3197 Aquit.
1662 3150 1699 3194 9,
