2051 3516
492 281 550 318 97.
563 280 755 317 —PRAGA
781 278 829 315 ‘20
855 278 1118 315 Saprfflinms
1147 277 1239 312 1557
1503 284 1510 289 ·
1565 275 1636 311 385

55 395 163 425 curn
191 393 358 423 omnes
388 377 482 422 sint
515 375 770 432 haeretici.v
806 374 885 419 uel
918 372 1213 418 catholicam
1250 370 1393 415 fidem
1428 370 1679 421 abiurare,

53 457 132 501 uel
169 454 440 500 catholicos
480 454 637 497 nullos
676 450 959 509 promoueri
998 463 1204 493 necesse
1244 457 1335 498 est,
1375 456 1424 491 ut
1458 447 1684 503 superius

54 533 168 589 dixi,
195 531 424 578 contendi
449 533 511 576 ab
534 531 690 575 Illmo.
717 528 950 586 principe,
972 536 1024 572 ut
1043 527 1188 571 iniret
1207 525 1421 581 aliquam
1444 525 1683 568 rationem

54 610 311 656 inducendi
346 610 391 654 in
427 609 542 653 illud
576 607 873 664 gimnasium
908 606 1099 660 aliquos
1133 602 1446 660 professores
1484 601 1684 646 catholi-

55 703 156 745 cos3
185 703 280 744 qua
304 687 349 731 in
374 701 428 731 re
448 686 595 731 etiam
614 694 785 730 nostro
805 682 1049 728 desiderio
1070 698 1121 726 se
1144 695 1498 736 responsurum
1523 694 1685 723 omne-

55 780 148 821 que
177 763 440 820 negocium
475 778 526 807 se
561 772 851 807 curaturum
886 759 947 804 ad
983 774 1035 804 se
1069 757 1272 813 recepit.
1313 756 1386 801 Eo
1426 770 1686 812 speramus

55 841 277 897 meliora,
305 840 434 896 quod
458 854 546 884 rex
572 839 672 895 ipse
697 837 1040 883 Ferdii‘iandus
1073 835 1304 880 Viennae
1338 833 1580 890 pollicitus
1615 844 1687 877 est

54 934 106 964 se
130 918 362 962 daturum
387 932 605 973 operam,
634 926 685 961 ut
710 915 770 960 ad
796 930 942 971 quam
967 913 1236 958 maximam
1267 911 1545 957 catholiCae
1581 910 1688 955 reli-

55 996 214 1053 gionis
244 994 603 1052 promotionem
640 993 803 1038 omnia
837 992 1035 1047 Pragae
1069 990 1408 1046 disponantur.
1446 988 1689 1033 Dominus

57 1073 426 1118 mareschalcus
449 1071 593 1128 hujus
621 1071 759 1128 regni
786 1080 833 1115 et
857 1069 938 1114 alii
962 1068 1138 1113 summi
1165 1082 1400 1123 proceres
1425 1081 1519 1122 quo
1539 1065 1688 1110 maio-

57 1165 161 1195 rem
185 1149 342 1194 nostri
366 1148 586 1194 notitiam
613 1149 809 1199 habent,
838 1162 895 1192 eo
920 1145 1059 1191 nobis
1086 1145 1246 1200 magis
1270 1143 1571 1189 afficiuntur.

147 1226 426 1272 Conciones
450 1241 560 1271 cum
584 1234 757 1270 nostra
782 1225 826 1269 in
851 1223 1080 1279 ecclesia,
1107 1232 1209 1268 tum
1234 1221 1279 1266 in
1305 1236 1424 1266 arce
1457 1221 1586 1277 apud
1612 1236 1689 1265 ar-

56 1304 311 1349 chiducem
335 1303 704 1359 continuantur;
732 1300 1054 1347 ministerium
1084 1308 1515 1345 sacramentorum
1551 1313 1689 1342 exer-

56 1390 212 1437 cetur3
240 1381 429 1438 egrotis
455 1380 536 1436 (ad
566 1395 689 1436 quos
723 1377 1045 1424 moribundos
1080 1392 1323 1422 vocamur
1357 1376 1395 1431 a)
1430 1391 1568 1420 more
1603 1373 1689 1419 So-

57 1458 249 1504 cietatis
282 1458 517 1503 auxilium
551 1456 726 1502 fertur.
760 1456 903 1501 Hanc
937 1471 1111 1501 curam
1146 1454 1282 1499 circa
1316 1469 1455 1498 suam
1483 1467 1692 1498 uxorem

57 1552 214 1593 nuper
252 1535 552 1592 defunctam,
580 1535 799 1591 aliosque
829 1533 1010 1579 diuersi
1045 1529 1230 1577 ordinis
1264 1532 1454 1576 xianos.
1488 1546 1517 1575 a
1552 1530 1691 1575 nobis

58 1614 347 1671 impensam,
389 1628 639 1670 nunquam
673 1612 794 1658 satis
828 1610 1000 1656 mirari
1035 1619 1083 1656 et
1117 1609 1323 1655 laudare
1357 1624 1410 1654 se
1444 1623 1589 1664 posse
1624 1607 1692 1652 ait

58 1691 283 1736 dominus
308 1690 682 1735 mareschalcus
706 1689 863 1746 regni,
890 1688 949 1733 de
984 1703 1080 1744 quo
1114 1687 1262 1744 paulo
1298 1698 1412 1731 ante
1446 1686 1689 1730 dicebam.

59 1768 385 1814 Xenodochia
408 1768 559 1813 etiam
584 1767 854 1820 inuisimus,
882 1775 930 1811 et
952 1766 1050 1811 alia
1083 1765 1221 1810 iuxta
1246 1780 1435 1809 morem
1470 1763 1691 1808 Societa-

58 1846 120 1891 tis
144 1861 384 1891 romanae
409 1845 575 1902 (quam
600 1861 694 1901 quo
719 1844 921 1901 propius
945 1843 1211 1895 imitamur.v
1245 1857 1304 1886 eo
1330 1841 1502 1885 melius
1527 1840 1692 1885 omnia

60 1923 370 1980 procedunt),
417 1932 566 1979 prout
603 1923 812 1968 infantia
850 1920 1123 1967 crescentis
1162 1919 1301 1964 huius
1341 1918 1536 1975 collegii
1576 1917 1689 1974 fert,

60 2016 370 2046 exercemus.

150 2076 276 2122 Cum
300 2077 406 2122 fere
430 2076 636 2134 triginta
660 2076 789 2121 domi
813 2090 1051 2128 essemus,
1073 2089 1307 2131 magnam
1326 2072 1483 2118 nostri
1502 2082 1694 2129 partem

61 2154 341 2211 egritudine
386 2154 608 2211 corporis
648 2154 785 2199 Deus
824 2154 896 2198 his
937 2152 1109 2197 diebus
1143 2151 1383 2207 exercuit,
1421 2166 1483 2195 ex
1518 2165 1612 2205 qua
1648 2149 1693 2193 hi

61 2231 253 2277 fructus
278 2231 495 2288 decerpti
530 2241 659 2288 sunt,
687 2241 739 2277 ut
762 2231 979 2276 dubitem
1013 2230 1220 2286 integris
1254 2229 1441 2274 uiribus
1475 2227 1694 2284 potiores

63 2309 328 2365 prouenire
352 2309 586 2365 potuisse.
614 2309 740 2354 Tres
764 2308 1144 2363 budissinenses,
1179 2307 1392 2363 optimae
1422 2305 1525 2362 spei
1559 2303 1693 2361 juue-

62 2401 165 2443 nes,
193 2395 241 2431 et
265 2386 460 2443 quidam
494 2385 755 2443 pragensis
789 2401 897 2430 cum
934 2385 1030 2430 alio
1064 2383 1400 2440 condiscipulo
1431 2397 1692 2438 germano,

62 2464 107 2508 in
133 2462 437 2509 Societatem
460 2474 573 2509 sunt
596 2464 813 2509 admissi.

153 2540 377 2597 Quamuis
402 2557 707 2599 magnopere
731 2541 930 2586 hereses
964 2548 1260 2597 grassentur
1286 2539 1329 2583 in
1356 2539 1450 2583 hac
1473 2537 1691 2593 ciuitate,

64 2618 201 2662 multi
225 2627 390 2663 tamen
416 2618 529 2664 boni
553 2627 681 2675 sunt,
708 2618 785 2674 qui
808 2628 1018 2673 querunt
1038 2632 1231 2674 panem,
1253 2616 1292 2660 si
1312 2622 1441 2659 esset
1462 2613 1538 2670 qui
1559 2613 1693 2658 fran-

65 2704 154 2751 gat
177 2695 247 2740 eis
272 2697 302 2740 ¹.
325 2694 584 2753 Veniu[n]t
607 2696 670 2741 ad
693 2711 784 2740 nos
808 2696 1096 2752 {requenter
1129 2703 1231 2739 tam
1265 2691 1511 2737 lutherani
1545 2706 1693 2747 quam

66 2772 275 2817 aliarum
313 2773 607 2829 religionum
647 2781 940 2827 sectatoreS,
983 2780 1035 2817 ut
1073 2770 1204 2827 apud
1243 2784 1332 2813 nos
1375 2768 1622 2823 studeant,
1666 2782 1695 2812 a

114 2947 132 2967 ³
173 2956 363 2980 vocamus
382 2954 461 2981 ms.

119 3105 127 3122 ¹
180 3101 244 3139 Cf.
266 3101 444 3144 mmm„
471 3100 540 3140 [V.
562 3101 595 3135 Γ).

213 3185 379 3212 LITTERAE
403 3183 699 3216 QUADRIMESTRES.
722 3181 811 3208 ToM.
836 3180 870 3207 V.
1557 3175 1592 3202 25
