2051 3516
381 280 450 316 840
840 279 1058 317 LITTERAE
1085 279 1436 325 QUADRIMESTRES

339 375 460 431 ginti
484 374 733 420 scolastici
767 375 837 431 (ut
870 375 1159 432 contingere
1182 375 1340 420 solent
1372 375 1418 420 in
1452 375 1622 432 primis
1655 378 1944 433 gymnasiis,

337 466 446 496 cum
471 467 613 497 omne
637 452 817 497 bonum
842 467 1012 497 rarum
1036 451 1132 509 sit),
1154 452 1299 497 modo
1322 453 1640 510 septuaginta
1663 464 1946 509 uersantm·,

335 527 462 572 inter
485 543 606 585 quos
630 537 740 574 sunt
763 537 977 586 quatuor
997 528 1267 585 domestici;
1290 538 1492 586 praeter
1515 529 1601 575 hos
1626 530 1771 575 etiam
1789 531 1948 576 solent

334 603 508 650 adesse
541 604 689 661 aliqui
723 605 802 661 qui
836 605 952 650 dant
985 621 1187 662 operam
1222 606 1401 661 cantui3
1439 606 1520 651 alii
1555 606 1702 652 etiam
1737 607 1817 663 qui
1855 607 1947 653 iuri

334 679 597 737 pontificio.
635 681 731 738 qui,
768 696 877 727 cum
917 681 1068 727 Pater
1106 682 1210 728 Leo
1249 682 1295 727 in
1334 682 1647 739 gymnasium
1680 683 1945 738 descendit,

333 757 470 803 exire
503 758 676 815 solent;
704 769 814 803 sunt
849 774 1016 804 omnes
1050 759 1332 805 scholastici
1366 759 1566 815 assidui,
1593 768 1696 804 tum
1731 759 1947 805 lectioni-

334 834 439 890 bus,
467 843 569 879 tum
593 834 999 893 confessionibus,
1026 845 1099 882 tot
1122 846 1286 881 autem
1320 835 1526 892 singulis
1549 836 1836 881 ebdomadis
1859 852 1949 882 sua

333 911 511 957 delicta
545 911 768 958 confiteri
803 913 977 969 solent,
1005 923 1057 958 vt
1080 929 1176 959 non
1200 913 1353 970 possit
1386 913 1477 959 illis
1511 913 1774 971 aliquando
1810 914 1947 959 satis·
2005 956 2008 957 ⁷

336 986 457 1033 fieri.
487 987 565 1033 Ex
587 988 886 1045 philosophis
910 990 1036 1035 enim
1061 989 1167 1035 fere
1183 1005 1376 1047 omnes,
1400 1005 1462 1035 ex
1485 990 1721 1046 primariis
1751 990 1951 1036 circiter

336 1065 685 1122 quadraginta,
720 1075 767 1112 et
801 1067 847 1111 in
881 1067 1093 1112 caeteris
1127 1067 1364 1112 similiter.
1399 1066 1564 1123 Modo,
1600 1065 1706 1113 R.d<÷
1734 1067 1780 1112 in
1811 1066 1948 1112 Chri-

334 1153 410 1187 sto
444 1142 611 1199 Pater,
639 1143 782 1199 plura
801 1153 918 1189 tuae
941 1143 1229 1200 paternitati
1252 1143 1514 1189 scribenda
1538 1159 1632 1188 non
1663 1155 1946 1190 occurrunt.

336 1217 446 1263 Hoc
469 1234 618 1264 unum
652 1235 682 1264 a
715 1229 763 1265 te
796 1229 927 1276 peto,
955 1229 1007 1265 vt
1031 1220 1120 1265 hos
1144 1229 1255 1265 tuos
1278 1220 1504 1275 indignos
1538 1219 1661 1265 filios
1696 1219 1804 1265 Deo
1829 1221 1948 1277 opti-

334 1310 412 1340 mo
433 1295 649 1341 maximo
679 1297 1010 1352 commendes,
1038 1297 1117 1353 qui
1151 1312 1239 1341 nos
1272 1312 1362 1342 sua
1396 1296 1562 1352 gratia
1597 1305 1644 1341 et
1678 1296 1861 1341 auxilio
1886 1296 1949 1341 di·

332 1381 528 1428 gnetur,
556 1388 651 1429 quo
685 1373 728 1418 ei
762 1374 808 1419 in
843 1374 1068 1419 omnibus
1102 1389 1289 1419 morem
1324 1389 1503 1430 gerere
1537 1383 1585 1418 et
1618 1373 1818 1430 placere
1852 1383 1947 1419 stu-

332 1448 551 1494 deamus.
579 1449 744 1495 Datae
780 1449 980 1495 Eborae
1014 1450 1303 1496 duodecimo
1338 1449 1447 1495 Cal.
1482 1449 1780 1495 Nouembris
1817 1450 1943 1496 1558.

332 1524 410 1570 Ex
434 1525 773 1572 commissione
798 1526 960 1572 Patris
984 1526 1210 1582 rectoris,
1233 1527 1461 1583 indignus
1485 1525 1610 1572 filius
1634 1527 1949 1583 paternitatis

334 1610 466 1656 tuae,

1375 1751 1537 1797 SIMON
1570 1751 1763 1798 VIEIRA
1798 1753 1828 1796 ¹.

418 1861 710 1919 Inscriptio.
737 1867 763 1916 †
785 1862 851 1908 Al
874 1863 1014 1909 R.‘¹¹¹¹0
1047 1880 1105 1909 en
1138 1863 1228 1909 X.0
1259 1863 1436 1918 Padi-e,
1464 1864 1507 1908 el
1531 1862 1694 1909 Padre
1728 1863 1948 1908 Maestro

333 1937 529 1994 Dieguo
554 1939 754 1993 Lasnez,
776 1941 982 1996 general
1003 1940 1065 1985 da
1085 1939 1393 1997 Companhia
1412 1940 1471 1985 de
1494 1939 1587 1984 Ihs.
1618 1939 1691 1984 En
1710 1939 1886 1985 Roma.

379 2116 387 2135 ¹
440 2115 504 2152 De
525 2128 571 2152 eo
591 2116 736 2153 dicitur
753 2116 794 2153 in
814 2117 1001 2163 catalogo
1016 2116 1179 2162 collegii
1196 2116 1416 2160 eborensis,
1433 2115 1500 2162 qui
1516 2115 1675 2151 videtur
1689 2115 1861 2162 scriptus
1883 2128 1949 2151 cx-

330 2180 451 2211 eunte
478 2188 582 2212 anno
604 2176 694 2212 1558
711 2181 780 2213 aut
799 2176 964 2213 ineunte
992 2175 1082 2212 1559
1102 2175 1155 2220 (in
1181 2176 1315 2212 codice
1344 2175 1446 2212 Lus.
1476 2174 1539 2217 43,
1570 2174 1609 2210 ff.
1638 2174 1684 2211 96
1709 2187 1810 2222 sqq.;
1840 2174 1948 2221 prius

330 2233 400 2270 416
417 2237 535 2281 sqq.):
560 2235 631 2272 «El
651 2236 757 2272 her.⁰
775 2235 914 2274 Simon
933 2235 1063 2272 Viera
1081 2236 1130 2272 de
1148 2235 1190 2271 21
1218 2240 1329 2272 anos.
1350 2234 1416 2271 Ha
1433 2235 1454 2271 4
1473 2247 1549 2281 que
1570 2239 1682 2271 cstaa
1702 2247 1752 2271 en
1771 2235 1810 2270 la
1830 2233 1945 2271 Com-

328 2296 460 2340 pafn'a.
483 2293 571 2342 Oyo
596 2295 841 2332 humanidad
858 2296 881 2332 5
899 2300 996 2332 afios
1014 2309 1039 2343 y
1058 2295 1201 2340 medio;
1224 2300 1298 2342 oyo
1317 2295 1355 2331 el
1375 2306 1491 2331 curso
1509 2294 1557 2330 de
1577 2299 1698 2330 artes.
1720 2293 1865 2340 Agora
1883 2294 1947 2330 lec

328 2356 423 2399 aqui
442 2366 491 2390 en
510 2355 550 2390 la
569 2355 744 2402 primera
763 2356 907 2399 classe,
928 2368 953 2402 y
972 2355 1023 2391 ha
1041 2366 1093 2402 ya
1107 2367 1161 2391 un
1176 2359 1252 2391 ano
1267 2367 1344 2401 que
1368 2359 1519 2391 ensefia
1534 2366 1583 2390 en
1600 2354 1694 2391 ella.
1714 2353 1770 2389 Es
1789 2353 1837 2389 de
1854 2365 1948 2400 muy

328 2412 436 2448 buen
453 2414 572 2461 juizio
591 2428 616 2461 y
636 2414 812 2461 ingenio.
835 2414 897 2451 En
917 2415 955 2450 el
974 2414 1079 2461 stylo
1097 2414 1146 2450 de
1166 2425 1285 2450 uerso
1303 2427 1328 2461 y
1347 2426 1466 2460 prosa
1485 2417 1572 2450 esta
1591 2425 1685 2460 muy
1704 2412 1906 2456 adelantc,
1923 2425 1947 2458 y

326 2471 578 2519 juntamente
598 2486 649 2510 en
669 2474 707 2510 el
726 2474 885 2521 griego.
906 2473 962 2510 Es
980 2473 1072 2510 bien
1102 2472 1307 2520 dispuesto
1326 2486 1351 2520 y
1370 2473 1418 2510 de
1446 2474 1599 2509 buenas
1626 2471 1784 2517 fuercas
1811 2483 1946 2517 corpo-

331 2531 476 2568 mles.»
