2051 3516
379 308 424 343 42
840 307 1056 343 Li'r‘rifflais
1083 306 1175 351 (ῥυ-Α
1183 316 1434 342 DRiMESTiOEs

325 411 589 447 crosancta
613 401 888 447 obedientia
922 402 989 446 ita
1021 401 1233 455 iubente,
1272 401 1500 458 referam
1533 401 1554 422 ἃ
1588 401 1757 457 paucis
1790 401 1942 459 quale

324 479 474 535 quale
489 478 698 523 tandem
713 478 842 522 illud
855 479 923 523 sit
939 477 958 504 b
977 477 1105 533 quod
1122 476 1301 532 elapsis
1315 476 1447 522 hisce
1464 486 1677 533 quatuor
1696 477 1941 523 mensibus

309 554 459 600 -Deus
494 553 608 610 Opt.
643 554 775 599 Max.
803 569 890 610 per
914 553 1276 609 indignissimos
1299 567 1415 597 suos
1438 553 1687 598 ministros
1711 553 1940 608 dignatus

322 640 397 675 est
440 630 636 686 operari
676 637 711 675 ⁰.
750 629 952 675 Sumam
991 629 1155 686 igitur
1191 644 1220 673 a
1263 627 1442 673 scholis
1479 630 1661 673 nostris
1703 629 1940 674 narrandi

325 707 599 763 exordium,
637 707 764 751 vnde
797 705 1064 762 praecipua
1103 705 1432 749 emolumenta
1458 703 1713 750 Ecclesiae
1738 706 1937 750 catholi-

325 799 413 828 cae
437 798 672 828 emanare
692 783 882 840 liquido
907 781 1251 837 conspicimus
1275 779 1308 825 d.
1333 780 1663 837 Progressum
1683 782 1729 826 in
1749 782 1902 827 literis
1921 789 1937 809 θ

321 860 540 905 similiter
563 869 609 904 et
632 859 677 904 in
703 859 884 915 pietate
909 867 955 902 et
979 857 1205 902 doctrina
1226 856 1381 914 Chri.‚
1405 858 1531 914 quod
1550 857 1815 914 singularis
1839 859 1938 904 illo-

323 952 430 981 rum
453 936 673 993 probitas
697 945 844 991 atque
875 934 1114 979 modestia
1138 933 1361 979 omnibus
1385 943 1612 991 testatur,
1637 935 1786 990 ⁸nobis
1816 951 1938 980 vero

322 1013 569 1058 assiduum
603 1012 941 1057 commertium
976 1020 1023 1056 et
1047 1011 1175 1056 haud
1200 1010 1397 1066 ignotus
1421 1011 1696 1056 animorum
1719 1011 1937 1068 ipsorum

321 1098 478 1134 status
514 1088 755 1134 efficatius
787 1087 930 1132 fidem
969 1087 1103 1132 facit.
1141 1087 1333 1132 Norunt
1368 1087 1471 1143 ipsi,
1510 1097 1709 1143 praeter
1744 1103 1935 1133 omnem

320 1165 511 1221 patriae
536 1165 605 1221 (vt
630 1179 756 1209 nunc
781 1179 832 1209 se
856 1179 937 1209 res
961 1163 1160 1219 habent)
1185 1163 1603 1220 consuetudinem,
1639 1164 1821 1209 minimi
1854 1180 1935 1220 pa-

317 1242 439 1287 riter
475 1250 621 1296 atque
655 1240 867 1295 maximi,
905 1248 1079 1284 exacte
1114 1254 1204 1284 sua
1238 1248 1445 1295 peccata
1478 1239 1717 1296 confiteri,
1755 1240 1801 1284 in
1840 1256 1934 1296 quo

317 1319 465 1364 etiam
490 1326 721 1373 parentes
744 1332 876 1373 suos,
911 1330 1036 1373 qnos
1067 1316 1233 1373 (equis
1266 1316 1403 1373 qnod
1433 1317 1582 1361 aiunt
1614 1317 1764 1373 albis)
1797 1332 1934 1374 supe-

317 1404 429 1440 rant
452 1394 462 1420 f
488 1395 811 1450 vincuntque.
839 1393 1052 1437 Tantum
1077 1401 1211 1437 certe
1236 1393 1369 1437 valet
1388 1393 1679 1438 exercitatio
1703 1393 1934 1449 frequens

316 1480 363 1516 et
387 1470 603 1516 assidua.
629 1469 838 1514 Accedit
861 1478 908 1513 et
932 1469 1200 1514 commodis
1224 1469 1312 1525 his,
1341 1470 1468 1525 quod
1500 1468 1608 1514 inde
1641 1469 1788 1515 etiam
1823 1470 1936 1515 odia

314 1557 361 1592 et
394 1546 673 1591 inimicitiae
708 1545 833 1590 inter
867 1548 1079 1589 maiores
1112 1545 1354 1590 interdum
1390 1555 1766 1601 componantur,
1803 1547 1931 1602 quod

313 1624 515 1668 crlmina
549 1622 721 1679 quibus
754 1622 916 1666 multis
950 1621 1088 1666 annis
1123 1621 1472 1666 conscientiam
1506 1631 1791 1677 onerarant,
1829 1622 1926 1667 iam

315 1700 511 1745 tandem
535 1699 786 1755 detegant,
813 1698 1107 1754 cupiantque
1132 1713 1161 1742 a
1184 1698 1405 1743 demonis
1429 1699 1617 1755 laqueis
1641 1699 1857 1744 liberari.

370 1778 410 1822 2.
478 1775 601 1821 Sunt
639 1792 734 1820 non
772 1776 914 1831 pauci
949 1776 1027 1831 qui
1061 1776 1151 1820 sub
1186 1775 1358 1832 puerili
1391 1775 1519 1820 facie
1554 1776 1746 1821 virilem
1785 1777 1929 1832 plane

313 1862 510 1910 gestant
544 1853 775 1905 animum,
813 1852 1091 1908 audentque
1126 1852 1317 1908 publice
1353 1852 1412 1897 de
1447 1853 1630 1898 virtute
1655 1853 1818 1909 aliqua
1849 1854 1929 1898 vel

312 1939 593 1975 sanctorum
627 1929 770 1974 laude
804 1929 1102 1984 declamare,
1140 1929 1268 1985 quod
1292 1929 1425 1974 hisce
1449 1929 1587 1974 festis
1612 1945 1794 1986 magna
1820 1945 1927 1975 cum

312 2007 454 2051 laude
474 2006 667 2062 quidam
692 2021 812 2061 puer
832 2006 877 2050 in
896 2005 1074 2061 templo
1095 2015 1264 2051 nostro
1284 2006 1512 2062 prestitit,
1535 2007 1630 2062 qui,
1652 2017 1927 2052 conuocata

312 2083 583 2136 academia,
611 2082 669 2127 de
700 2097 851 2138 puero
875 2082 993 2141 jesu
1028 2082 1228 2138 eiusque
1261 2083 1514 2140 salnz‘fet‘o
1547 2090 1565 2116 g
1600 2084 1794 2128 nomine
1823 2083 1928 2128 lati-

311 2175 423 2204 num
447 2174 723 2203 sermonem
747 2159 931 2204 habuit:
960 2159 1088 2215 quod
1112 2159 1306 2215 quidem
1342 2160 1570 2213 studium,
1600 2169 1652 2205 vt
1675 2160 1927 2216 germanis

311 2235 529 2290 apprime
553 2245 752 2291 gratum
777 2245 864 2287 est,
892 2236 958 2280 ita
984 2236 1131 2280 etiam
1163 2235 1362 2281 mirifice
1399 2237 1606 2281 aliorum
1641 2236 1831 2282 animos
1865 2237 1927 2282 ad

311 2312 470 2357 studia
486 2311 787 2367 capessenda
806 2312 989 2356 excitat
1006 2311 1251 2368 efficitque
1268 2313 1361 2358 hac
1376 2314 1566 2358 ratione
1585 2313 1716 2369 Opti.
1738 2313 1879 2358 Max.
1908 2314 1926 2341 ¹¹

311 2397 378 2445 vt,
405 2398 452 2433 et
476 2387 572 2444 filii,
599 2398 645 2432 et
670 2397 900 2443 parentes
933 2404 1019 2443 per
1054 2388 1178 2434 filios
1202 2390 1263 2434 ad
1287 2405 1459 2434 sanam
1485 2390 1757 2435 doctrinam
1784 2390 1930 2435 redu?

310 2474 503 2510 cantur.

367 2541 407 2586 3.
476 2541 550 2585 De
573 2540 810 2585 fratribus
835 2542 1013 2586 nostris
1039 2542 1168 2586 aliud
1194 2542 1351 2587 dicam
1375 2543 1504 2599 nihil,
1539 2558 1683 2599 quam
1717 2542 1844 2598 quod
1878 2543 1922 2587 in

310 2616 471 2660 offitiis
510 2617 608 2660 suis
633 2632 740 2661 sese
764 2618 918 2672 probe
953 2618 1246 2663 contineant
1280 2618 1303 2672 i,
1342 2619 1608 2675 seduloque
1642 2628 1919 2668 versentur.

310 2691 487 2735 Nouitii
513 2708 632 2736 vero
656 2692 701 2736 in
726 2693 826 2737 dies
861 2693 905 2737 in
939 2694 1110 2749 spiritu
1145 2704 1192 2739 et
1227 2694 1271 2739 in
1308 2695 1461 2740 literis
1495 2694 1767 2751 proficiunt,
1806 2710 1919 2751 quo-

309 2782 413 2810 rum
437 2783 666 2811 numerus
690 2767 859 2823 (Chro.
888 2769 1104 2825 auspice>
1129 2786 1157 2815 a
1181 2771 1417 2826 proximis
1442 2771 1594 2815 literis
1624 2780 1696 2815 est
1726 2780 1917 2827 auctus,

355 2927 371 2945 a
415 2920 589 2954 dicun-us
641 2920 704 2946 —b
727 2921 827 2956 Rde.
849 2920 982 2956 Pater.
1042 2928 1097 2948 —C
1126 2922 1218 2958 Hoc
1230 2926 1446 2967 pmzctmn
1463 2925 1684 2958 mutatum
1701 2923 1820 2958 estin
1836 2915 1918 2960 vir-

302 2979 456 3023 gulam
479 2979 543 3021 ist),
565 2989 697 3023 qnam
719 2980 943 3024 Jrfeqm'mmt
962 2982 1237 3017 correctiones
1256 2981 1452 3018 Polczncz'.
1508 2981 1572 3007 —d
1593 2981 1632 3016 in
1651 2981 1724 3016 hac
1751 2981 1917 3027 regione

308 3049 496 3073 emanare
515 3037 610 3071 satis
630 3037 903 3082 intelligimus.
958 3045 1019 3065 qe
1046 3037 1195 3074 faciunt
1220 3040 1412 3085 optimum
1477 3039 1532 3066 —f
1560 3040 1681 3085 longe
1707 3044 1914 3086 superant.

308 3103 371 3129 ——g
402 3094 620 3130 salutifero.
674 3096 738 3121 —h
772 3096 956 3132 Deus*i
996 3103 1224 3133 exerceant.
