2051 3516
546 247 883 284 SOs—FERRARlA
913 246 955 283 13
980 246 1171 282 AUGUSTI
1200 246 1289 282 1557
1614 245 1685 282 325

99 345 225 390 bene
247 360 374 401 erga
397 344 419 365 a
441 359 531 389 nos
556 343 793 390 affectum
819 359 927 388 esse
949 343 1255 399 multumque
1278 343 1419 388 nobis
1450 343 1670 388 tribuere
1695 344 1726 387 ¹.

98 421 226 466 Nam
251 436 361 466 cum
385 421 726 476 interrogaret
748 435 838 465 nos
861 419 921 464 de
947 434 1116 464 eorum
1132 406 1366 474 numero,
1388 420 1467 475 qui
1492 419 1620 475 apud
1640 434 1728 464 nos

99 496 413 553 confitentur,
441 497 582 554 eique
614 497 1028 554 responderemus
1062 511 1170 541 esse
1204 495 1469 540 admodum
1503 495 1729 552 frequen-

102 585 215 629 tem,
243 575 421 619 mirum
446 574 492 619 in
517 574 718 619 modum
742 583 816 620 est
840 575 1069 619 laetatus.
1098 572 1322 630 Cumque
1347 588 1643 629 rogaremus
1668 574 1730 618 ab

99 667 158 697 eo
182 652 295 708 quid
319 651 459 696 nobis
484 652 733 708 agendum
759 660 889 696 esset
922 666 1034 696 cum
1070 650 1142 707 iis,
1181 650 1259 706 qui
1295 650 1731 712 quadragesimale

100 728 328 774 ieiunium
353 744 452 773 non
475 728 823 783 obseruarent‚
846 727 1144 785 praesertim
1163 727 1202 772 si
1221 727 1357 783 prius
1376 728 1440 772 ab
1458 742 1517 771 eo
1537 726 1732 771 ueniam

99 822 195 851 non
222 806 587 862 impetrassent,
617 806 695 851 ille
720 804 974 862 respondit
1008 820 1060 850 se
1094 804 1234 850 nobis
1270 804 1497 848 omnibus
1527 803 1732 848 faculta-

101 892 200 928 tem
224 882 556 938 dispensandi,
595 883 988 939 quandocunque
1023 880 1261 937 expedire
1296 880 1644 936 iudicaremus,
1683 880 1731 924 li-

103 959 275 1003 benter
299 958 437 1015 dare3
465 958 579 1014 quin
605 959 755 1004 etiam
780 958 960 1004 adiecit
989 973 1042 1003 se
1076 958 1202 1003 adeo
1238 967 1441 1003 nostrae
1475 966 1525 1002 et
1559 957 1733 1002 doctri-

100 1051 193 1080 nae
217 1044 265 1080 et
288 1035 458 1091 pietati
484 1035 751 1092 confidere,
778 1046 830 1081 ut
849 1034 1047 1080 omnino
1067 1043 1233 1080 ratum
1252 1035 1435 1079 habeat
1454 1042 1604 1090 atque
1623 1049 1734 1090 pro-

101 1113 184 1158 bet
201 1112 434 1168 quicquid
460 1113 600 1157 nobis
625 1112 905 1158 faciendum
930 1111 1175 1157 uideatur.
1204 1111 1299 1156 Hic
1322 1111 1448 1156 idem
1474 1126 1585 1156 cum
1611 1111 1734 1156 duas

100 1190 335 1234 honestas
359 1190 548 1245 puellas
573 1190 779 1235 iudaeas
803 1190 865 1235 ad
889 1189 1034 1234 fidem
1055 1189 1423 1234 conuertendas
1442 1188 1573 1245 apud
1593 1204 1735 1245 quas-

100 1267 212 1312 dam
239 1266 568 1312 nobilissimas
600 1277 857 1313 matronas
890 1267 936 1312 in
971 1277 1076 1312 tuto
1111 1267 1425 1316 collocasset,
1462 1266 1615 1311 noluit
1649 1280 1737 1311 eas

101 1343 517 1389 cathechizandas
543 1344 651 1389 aliis
677 1344 988 1389 committere
1013 1359 1162 1400 quam
1186 1343 1385 1398 nostriS‚
1413 1358 1473 1388 ac
1493 1342 1735 1399 singulari

101 1421 314 1478 quodam
340 1420 527 1466 affectu
552 1422 692 1466 nobis
716 1420 832 1466 illud
856 1420 1121 1477 negocium
1147 1420 1481 1476 demandauit,
1504 1419 1543 1464 si
1563 1419 1609 1464 id
1632 1419 1737 1464 sine

100 1508 273 1544 nostro
298 1498 611 1544 incommodo
636 1498 807 1544 facere
832 1512 1107 1555 possemus;
1131 1498 1255 1555 quod
1278 1497 1534 1543 effecimus
1552 1497 1736 1542 foelici-

101 1585 276 1632 terque
310 1576 449 1621 nobis
485 1576 648 1631 cessit,
687 1576 796 1621 Deo
831 1576 970 1621 duce.
1009 1575 1136 1621 Nam
1170 1584 1218 1621 et
1254 1575 1413 1632 puelle
1452 1574 1630 1620 iudeae
1665 1574 1739 1630 (ut

102 1666 245 1698 erant
270 1654 399 1698 bono
424 1654 655 1710 facilique
678 1653 897 1709 ingenio)
923 1654 1130 1698 multum
1155 1653 1490 1709 profecerunt,
1519 1661 1567 1698 et
1601 1651 1735 1697 nobi-

104 1732 175 1775 les
209 1730 323 1775 illae
358 1740 620 1776 matronae
655 1740 702 1775 et
735 1730 1033 1787 grandiores
1068 1739 1187 1776 natu
1223 1731 1415 1787 puellae
1450 1730 1597 1787 (quae
1630 1729 1737 1774 fere

103 1823 299 1864 semper
323 1808 616 1853 iudaearum
651 1808 942 1853 institutioni
977 1808 1273 1864 intererant)
1308 1824 1403 1853 non
1439 1807 1738 1853 mediocrem

104 1884 321 1930 fructum
362 1885 471 1930 inde
511 1886 745 1930 tulerunt.
784 1885 940 1931 Nobis
975 1901 1171 1943 quoque
1205 1901 1379 1931 curam
1415 1881 1546 1930 dedit
1587 1894 1639 1930 ut
1671 1884 1740 1929 iu-

105 1962 282 2006 daeum
327 1962 573 2018 quendam
619 1962 681 2006 ad
732 1962 951 2007 xianam.
1004 1962 1297 2019 religionem
1348 1962 1736 2017 institueremus,

104 2040 235 2096 quod
258 2039 493 2085 effectum
519 2050 609 2096 est,
637 2039 748 2085 Iesu
774 2040 991 2085 fauente.
1018 2040 1147 2085 Nam
1171 2051 1218 2085 et
1248 2040 1530 2096 baptizatus
1565 2048 1654 2096 est,
1693 2048 1741 2084 et

105 2116 203 2161 iam
243 2116 394 2161 uitam
435 2116 600 2161 xiano.
644 2117 839 2161 homine
875 2116 1076 2173 dignam
1111 2117 1262 2173 degit.
1300 2116 1369 2162 At
1404 2116 1594 2173 quoties
1629 2132 1739 2161 eum

106 2194 311 2250 adi1nUS‚
340 2193 467 2238 idem
492 2194 595 2250 ipse
622 2209 710 2238 nos
735 2194 888 2238 multa
908 2194 1212 2250 benignitate
1233 2203 1281 2239 et
1299 2193 1639 2239 familiaritate
1659 2210 1739 2238 ex-

107 2270 238 2326 cipit,
277 2271 530 2327 multaque
572 2271 949 2316 beneuolentiae
985 2271 1128 2326 signa
1162 2270 1389 2316 ostendit.
1427 2270 1556 2327 Quin
1591 2270 1739 2315 etiam

105 2363 254 2392 unum
279 2363 340 2392 ex
366 2347 599 2392 Patribus
625 2348 809 2393 nostris
844 2346 1057 2392 Romam
1092 2346 1489 2404 proficiscentem
1525 2348 1742 2403 cogebat

107 2434 157 2468 ut
196 2433 363 2469 certos
402 2439 630 2469 nummos
664 2440 845 2469 aureos
879 2425 925 2469 in
961 2433 1211 2481 sumptum
1246 2424 1434 2469 itineris
1469 2425 1737 2480 acciperet:

107 2516 231 2557 quos
254 2510 425 2546 noster
448 2501 527 2546 ille
553 2516 643 2557 pro
668 2517 757 2546 sua
782 2501 1024 2546 modestia
1048 2501 1226 2547 renuit.

155 2664 172 2684 a
217 2669 316 2703 ergo
337 2668 416 2694 ms.

158 2813 167 2836 ¹
222 2814 444 2861 Episcopus
459 2813 715 2851 ferrariensis
731 2814 780 2850 ab
796 2828 902 2851 anno
920 2815 1022 2859 1553,
1040 2815 1152 2862 juxta
1165 2814 1413 2851 UGHELLUM
1426 2813 1581 2858 (Italia
1597 2825 1740 2856 sacra,

112 2873 160 2915 II,
180 2874 279 2919 557),
301 2880 389 2910 erat
408 2873 618 2920 Aloysius,
640 2874 833 2910 Herculis
852 2874 902 2919 H,
924 2875 1035 2910 ducis
1055 2874 1286 2918 Ferrariae,
1308 2872 1424 2910 filius.
1454 2874 1519 2910 De
1538 2886 1616 2920 quo
1636 2874 1742 2911 idem

112 2938 263 2969 auctor:
289 2946 404 2969 <<usus
435 2933 699 2980 suffraganeo
727 2940 788 2970 est
816 2934 855 2970 in
883 2934 1138 2970 ferrariensis
1168 2933 1365 2969 ecclesiae
1393 2933 1742 2971 administratione

112 2991 325 3038 Alphonso
345 2994 550 3037 Rossetto,
572 2993 758 3040 episcopo
778 2993 1035 3037 comaclensi;
1058 2993 1097 3028 in
1117 3004 1238 3037 quem
1265 2998 1352 3039 post
1379 2993 1590 3029 duodecim
1617 3007 1743 3031 annos

112 3051 382 3088 sacerdotium
402 3052 501 3088 illud
521 3051 811 3089 conferendum
831 3053 1026 3089 curauit.»
