2051 3516
531 292 869 330 18-—C03112LUT0
894 293 936 329 31
961 293 1167 340 JANUARH
1197 295 1286 330 1557
1631 297 1677 332 77

77 405 212 448 -quas
239 389 435 435 tandem
460 399 662 434 ventum
687 399 776 444 est,
805 389 851 434 in
884 389 1094 434 comitiis
1127 390 1554 436 ratisbonensibus
1588 395 1607 413 θ’
1640 394 1720 438 tri-

88 467 255 513 buitur
278 467 464 524 primus
488 468 626 512 locus
656 470 687 524 1;
725 482 869 523 quem
904 482 1109 512 necesse
1144 477 1218 513 est
1252 469 1436 513 nostris
1471 471 1718 527 precibus,

87 544 400 590 laborantem
426 560 514 601 pro
539 542 830 599 Germania,
857 544 1123 588 subleuare
1153 544 1200 589 in
1235 543 1420 590 Christi
1455 546 1718 592 charitate.

87 621 327 667 Nouimus
361 621 524 677 operis
562 620 704 665 huius
743 620 1150 676 magnitudimem
1189 630 1237 666 et
1275 621 1569 677 pendentem
1609 623 1719 669 inde

86 699 363 744 Vtilitatem.
401 699 476 744 De
510 698 865 743 concionatore
892 698 1029 744 nobis
1052 699 1289 744 mittendo
1313 699 1526 756 scripsit,
1555 710 1608 745 vt
1632 701 1717 754 ait,

85 776 350 821 Viennam:
379 777 419 821 is
442 791 629 821 summe
663 775 803 820 nobis
838 776 1148 821 necessarius
1183 785 1274 821 est.
1312 775 1481 822 Oretis
1516 792 1605 833 pro
1642 793 1720 823 me

84 853 284 909 indigno
307 868 520 910 semper,
547 853 627 910 qui
652 868 714 897 ex
739 853 902 897 animo
928 868 1017 897 vos
1042 853 1087 897 in
1109 852 1309 898 Christo
1334 852 1512 898 Patres
1536 869 1596 899 ac
1620 854 1720 900 fra--

82 939 184 975 tres
218 930 535 975 charissimos
570 938 617 974 et
651 945 763 974 amo
794 939 842 974 et
866 931 992 974 colo.
1020 929 1311 986 Ingolstadii
1337 929 1459 975 VIII
1483 931 1718 976 calendas

84 1008 408 1065 Februarias,
440 1008 567 1053 1557.

172 1084 340 1139 Rdae„
359 1085 466 1130 Pat.
494 1095 610 1130 tuae
634 1101 809 1130 seruus
834 1085 1218 1141 indignissimus,

646 1199 863 1245 THOMAS
897 1213 1221 1245 NOUIOMAGUS
1255 1199 1527 1244 LENTULUS
1560 1200 1592 1244 2.

171 1295 461 1352 lnscmfitio.
490 1304 518 1352 †
541 1294 669 1340 Rdo.
692 1295 738 1340 in
761 1295 960 1341 Christo
982 1293 1117 1339 Patri
1137 1294 1196 1339 D.
1218 1293 1280 1339 D.
1302 1293 1494 1353 Jacobo
1512 1294 1714 1350 Laynes

81 1371 348 1418 Societatis
372 1373 582 1418 nominis
605 1372 725 1431 Jesu
750 1372 943 1418 vicario
966 1372 1208 1429 generali.
1236 1372 1442 1417 Romae.

171 1449 349 1507 Sz‘gz'llz‘
369 1450 666 1506 *vestzg-tmn.

871 1614 932 1666 18

456 1742 508 1787 P.
558 1739 899 1787 DIDACUS
944 1740 1338 1787 CARRILLO

553 1864 768 1889 COMPLUTo
793 1853 836 1889 31
865 1863 1063 1900 JANUARH
1092 1854 1182 1889 1557
1209 1854 1234 1890 ³.

75 1956 150 1994 1-2.
180 1957 232 1994 P.
256 1957 424 2003 Ignatii
440 1956 564 1992 beata
586 1959 723 1991 morte
741 1966 793 1991 ac
811 1954 962 1991 Patris
982 1954 1212 1992 Francisci
1227 1955 1423 1992 adventu
1444 1959 1484 1993 et
1502 1957 1712 2003 exemplis

146 2019 362 2054 virtutum
393 2017 500 2052 socii
529 2016 847 2060 complutenses
874 2015 1188 2060 gandent—3.
1219 2015 1385 2052 Eorum
1417 2017 1463 2053 in
1491 2017 1646 2053 litteris
1674 2019 1714 2053 et

145 2076 385 2114 virtutibus
412 2080 683 2121 progressus.
701 2074 984 2111 —Facnltatis
1014 2075 1252 2119 theologiae
1279 2077 1543 2120 parisiensis
1570 2076 1711 2112 decre—

145 2140 241 2173 tum
267 2139 416 2173 contra
445 2135 702 2171 Societatem
730 2135 775 2170 in
803 2134 1096 2180 complutensi
1120 2134 1353 2171 academia
1382 2146 1577 2171 amorem
1607 2146 1708 2181 erga

146 2196 349 2233 eamdem
371 2195 626 2232 Societatem
647 2194 943 2239 adauget—4.
980 2193 1232 2239 Theologiae
1251 2195 1548 2231 conclusiones
1567 2197 1612 2231 in
1639 2206 1709 2232 no-

144 2259 232 2292 stro
253 2256 427 2300 collegio
446 2255 500 2291 ab
520 2254 792 2291 adolescente
811 2254 975 2299 egregie
992 2257 1311 2291 sustentantur.
1326 2254 1414 2290 ψ5.
1445 2254 1632 2291 Fructus
1659 2266 1710 2292 ex

144 2317 282 2352 sacris
302 2315 559 2351 n'n'nisterz'is
575 2315 779 2360 percepti.

138 2419 175 2462 1.
242 2420 270 2469 †
302 2415 397 2460 Ihs.
425 2415 544 2471 Muy
567 2414 695 2459 Rdo.
733 2430 793 2459 en
828 2412 980 2459 Chro.
1019 2414 1182 2459 Padre
1217 2424 1436 2460 nuestro.
1474 2415 1581 2460 Pax
1616 2415 1696 2462 X.i

75 2494 288 2550 Aunque
312 2508 572 2549 speramos
597 2507 657 2536 en
682 2492 725 2536 el
750 2489 912 2536 Senor
935 2506 1029 2546 que
1055 2491 1099 2535 61
1130 2490 1293 2536 Padre
1328 2492 1503 2537 doctor
1536 2492 1706 2538 Araoz

119 2684 138 2702 a
189 2682 284 2719 Hoc
302 2693 340 2718 v.
363 2680 468 2718 add.
492 2680 646 2717 eadem
666 2691 805 2716 mann
825 2683 963 2725 supra
982 2690 1091 2715 vers.

121 2863 127 2881 ³
185 2859 248 2897 Cf.
278 2859 637 2899 BRAUNSBERGER,
668 2857 776 2898 ibid..
806 2856 855 2898 ΙΙ,
886 2856 1038 2896 XXIII:
1069 2862 1108 2892 et
1135 2855 1379 2899 POLANcm,
1410 2857 1484 2894 loe.
1514 2858 1594 2903 cit,
1626 2859 1699 2904 VI,

70 2922 152 2963 354,
173 2920 255 2956 355.

119 2981 132 3000 ²
183 2978 362 3025 Collegii
381 2976 709 3024 ingolstadiensis
729 2982 874 3012 rector.

118 3041 130 3060 ³
180 3039 244 3075 Ex
263 3038 482 3083 archetypo
501 3036 541 3072 in
559 3036 694 3072 codice
715 3035 842 3081 Hisp.
867 3034 934 3078 95,
956 3048 1021 3070 nn.
1042 3034 1088 3070 34
1113 3039 1153 3070 et
1176 3034 1234 3077 36,
1264 3034 1410 3071 omisso
1436 3048 1474 3072 n.
1502 3035 1550 3073 35
1575 3037 1625 3074 ab
1653 3050 1700 3074 eo

73 3099 140 3146 qui
160 3098 256 3134 folia
275 3096 465 3142 signavit;
488 3095 597 3142 prius
616 3094 697 3130 327.
