2051 3516
381 274 450 310 930
852 274 1070 310 LITTERAE
1096 273 1453 317 QUADRIMESTRES

326 370 453 414 blice
488 370 716 425 populum
753 384 782 413 a
820 378 1106 413 nostrorum
1151 368 1389 413 societate
1433 374 1704 420 auerteret,
1746 365 1857 421 quin
1897 375 1945 409 et

326 460 516 490 merces
539 444 721 490 nostris
745 445 888 490 uendi
912 444 1213 501 prohiberet,
1240 458 1448 500 quorum
1473 441 1664 487 animus
1693 441 1760 485 ita
1784 441 1828 485 in
1863 455 1943 485 no—

327 530 458 566 stros
480 531 825 579 exasperarat,
853 530 905 566 ut
929 521 1141 577 quadam
1166 521 1274 566 uice
1308 519 1545 577 quosdam
1579 528 1774 563 nostros
1809 517 1946 573 pueri

328 597 568 654 lapidibus
592 598 885 654 impeterent
908 609 955 643 et
984 597 1186 643 ciuitate
1205 597 1455 643 eiicerent.
1477 595 1622 651 Quod
1641 594 1946 639 animaduer-

328 686 434 719 tens
457 674 654 730 quidam
679 674 915 732 egregius
944 674 1251 730 adolescens,
1289 683 1436 719 antea
1466 672 1648 729 optime
1681 671 1726 716 in
1762 686 1850 716 nos
1879 670 1947 715 af-

328 751 502 807 fectus,
531 751 735 807 ignarus
759 752 987 797 nimirum
1013 751 1195 796 Christi
1220 751 1438 806 militiae,
1465 749 1703 795 delicatus
1729 757 1855 804 tyro,
1884 748 1948 792 ef—

329 826 593 873 feminatus
639 828 751 873 Xhi.
799 828 952 884 miles,
999 827 1187 872 amicus
1226 826 1585 883 prosperitatis,
1628 824 1851 869 inimicus
1889 824 1950 868 ad

330 904 443 962 Xpi.
470 906 633 950 crucis
657 915 929 962 aspectum,
957 905 1117 950 subito
1142 905 1306 950 animo
1331 904 1459 960 cepit
1493 919 1522 949 a
1555 903 1694 948 nobis
1723 902 1947 947 alienari.

332 981 464 1027 Inter
487 982 610 1027 haec
634 992 798 1027 tamen
818 982 982 1027 omnia
1002 981 1227 1027 Zitauiae
1246 980 1296 1026 S.
1321 980 1578 1026 Francisci
1598 978 1950 1024 monasterium

332 1059 471 1104 nobis
495 1068 568 1104 est
593 1059 915 1116 resignatum.
945 1059 1093 1105 Faxit
1116 1058 1356 1103 Dominus
1380 1066 1432 1103 ut
1462 1073 1557 1102 non
1583 1056 1729 1102 modo
1761 1056 1952 1112 praelu-

335 1136 419 1182 dat
442 1146 602 1193 satan,
630 1136 715 1182 sed
740 1146 788 1182 et
810 1151 978 1182 omnes
1002 1136 1075 1181 sui
1110 1136 1294 1181 furoris
1327 1134 1541 1192 sagittas
1577 1133 1864 1185 eiaculetur,
1903 1141 1954 1177 ut

334 1212 443 1257 Xri.
470 1213 710 1268 operariis
735 1213 1117 1258 aduentantibus
1140 1212 1339 1257 liberius
1371 1226 1515 1256 omne
1549 1211 1669 1266 eiuS,
1708 1209 1837 1265 quod
1872 1209 1950 1253 ibi-

337 1289 446 1334 dem
471 1290 750 1346 occupauit,
777 1297 1035 1334 euastetur
1058 1304 1284 1345 regnum.

400 1366 467 1411 10.
534 1366 698 1423 Atque
732 1366 791 1411 de
824 1365 1035 1411 fratrum
1071 1381 1262 1423 quoque
1297 1364 1577 1410 domesticis
1616 1362 1865 1408 exercitiis
1898 1378 1956 1406 ne

337 1442 449 1500 quid
473 1442 916 1499 praetermittatur,
943 1458 1112 1487 omnes
1145 1441 1360 1498 quotidie
1395 1441 1440 1486 in
1474 1439 1647 1497 spiritu
1677 1437 1954 1495 proficiunt,

338 1518 593 1564 humilitati
617 1529 666 1565 et
689 1519 917 1564 charitati
941 1535 992 1565 se
1016 1519 1277 1575 plurimum
1302 1518 1552 1563 dedentes.
1595 1516 1729 1561 Vota
1765 1531 1958 1572 quoque

338 1596 553 1642 nonnulli
587 1597 854 1642 emiserunt
888 1611 983 1641 non
1018 1595 1251 1641 mediocri
1288 1595 1563 1640 animarum
1602 1586 1955 1642 consolatione,

341 1681 548 1730 quorum
571 1683 644 1719 est
669 1689 792 1719 unus
816 1673 1171 1729 Wolfgangus,
1199 1688 1341 1729 quem
1367 1682 1414 1717 et
1438 1671 1718 1717 sacerdotio
1743 1669 1960 1715 dedicari

342 1761 544 1808 cuperet
568 1750 621 1795 P.
650 1760 832 1807 rector,
869 1766 979 1796 cum
1014 1765 1195 1795 nouum
1231 1749 1410 1806 alioqui
1446 1749 1507 1794 sit
1540 1749 1586 1793 in
1626 1748 1697 1793 his
1732 1748 1881 1792 terris
1914 1756 1961 1792 et

344 1837 641 1884 suspectum,
669 1843 778 1873 eum
803 1827 1125 1872 concionandi
1149 1826 1288 1872 obire
1313 1841 1487 1871 munus
1511 1825 1590 1881 qui
1615 1824 1770 1869 sacris
1789 1839 1883 1868 non
1903 1823 1963 1868 sit

345 1904 575 1950 initiatus.
613 1903 785 1949 lubeat
819 1903 876 1949 T.
913 1903 972 1947 R.
1006 1904 1057 1948 P.
1092 1903 1219 1960 quod
1254 1903 1315 1948 ad
1350 1903 1444 1947 Dei
1478 1901 1689 1959 gloriam
1723 1900 1963 1957 expediet.

345 1981 554 2027 Fratres
578 1981 743 2037 (prout
766 1980 826 2026 R.
850 1980 902 2025 P.
929 1979 1162 2025 Victoria
1182 1979 1529 2036 mandauerat)
1547 1981 1561 2012 *¹
1584 1978 1630 2023 in
1649 1978 1835 2022 classes
1853 1987 1964 2021 sunt

346 2059 503 2114 diuisi,
528 2058 726 2103 mutatis
750 2058 938 2103 uicibus
963 2067 1010 2102 et
1034 2057 1241 2102 diuersis
1265 2057 1451 2114 diebus,
1479 2065 1530 2101 ut
1549 2055 1829 2112 diligentius
1848 2070 1899 2099 se
1919 2055 1963 2098 in

347 2135 499 2181 literis
532 2143 815 2191 exerceant,
860 2149 982 2179 unus
1021 2133 1337 2188 rhetoricam,
1379 2133 1506 2178 alter
1545 2132 1754 2189 copiam,
1792 2130 1966 2176 tertius

353 2211 615 2269 Virgilium
639 2210 774 2267 legit,
801 2210 897 2267 qui,
924 2224 1014 2266 pro
1039 2210 1290 2266 paucitate
1316 2225 1412 2265 qua
1437 2224 1564 2253 nunc
1584 2223 1767 2263 sumus,
1790 2207 1865 2251 uel
1887 2206 1966 2250 do-

350 2288 562 2340 mesticis
587 2287 797 2344 negotiis
821 2287 899 2332 uel
923 2287 1153 2332 classium
1178 2287 1350 2342 quibus
1385 2286 1489 2331 fere
1524 2301 1692 2330 omnes
1728 2284 1966 2329 destinen-

350 2376 445 2422 tur,
472 2381 565 2411 non
601 2364 1007 2410 contemnendam
1042 2364 1086 2408 in
1122 2363 1294 2408 litteris
1328 2363 1517 2408 faciunt
1551 2363 1963 2419 progressionem.

351 2443 478 2488 Tres
501 2451 611 2487 sunt
635 2441 921 2486 sacerdotes
945 2441 1118 2497 quibus
1142 2455 1237 2495 ego
1262 2440 1334 2485 his
1358 2440 1536 2496 elapsis
1561 2440 1729 2484 diebus
1749 2440 1779 2493 ²,
1807 2452 1968 2494 quain-

352 2519 425 2564 uis
449 2518 624 2564 diutius
658 2518 773 2563 illud
806 2533 928 2562 onus
961 2515 1209 2561 declinare
1243 2516 1502 2572 cupiissem
1537 2516 1607 2571 (ut
1642 2530 1761 2560 uere
1792 2513 1969 2568 fatear)

354 2604 586 2650 tanquam
610 2594 883 2649 abortiuus,
911 2593 1043 2638 iussu
1067 2591 1125 2638 T.
1154 2592 1206 2637 P.
1229 2601 1277 2637 et
1295 2601 1498 2637 sanctae
1518 2591 1842 2644 obedientiae,
1866 2605 1970 2634 sum

355 2672 630 2724 adiunctus,
658 2671 736 2727 qui
760 2686 855 2727 quo
880 2669 1108 2726 inutilior,
1136 2678 1320 2724 quanto
1351 2668 1605 2724 abiectior,
1640 2677 1823 2723 quanto
1859 2665 1973 2710 indi-

356 2748 500 2805 gnior
525 2762 726 2792 munere
749 2756 904 2801 tanto,
927 2762 985 2791 eo
1009 2746 1289 2802 diligentius
1312 2755 1445 2790 tuam
1466 2746 1688 2790 obtestor
1708 2743 1971 2800 paternita-

358 2834 472 2880 tem,
500 2839 625 2880 quae
650 2824 763 2869 illud
798 2824 1043 2879 imposuit,
1081 2832 1131 2868 ut
1164 2822 1263 2867 suis
1302 2822 1609 2867 orationibus
1643 2821 1802 2865 Deum
1837 2820 1973 2864 obse-

410 3010 415 3027 ¹
474 3008 576 3043 Vide
597 3020 687 3054 pag.
711 3006 790 3043 432.

408 3068 420 3085 '¹
471 3066 615 3112 Supra,
638 3079 728 3112 pag.
750 3066 830 3102 5213.
