2051 3516
340 283 410 320 258
807 284 1025 320 LITTERAE
1052 283 1401 328 QUADRIMESTRES

295 379 457 424 omnia
482 378 658 423 cedant
684 378 729 423 in
752 378 963 435 gloriam
989 394 1126 423 suam
1153 387 1200 422 et
1224 377 1431 421 salutem
1457 375 1749 421 animarum.
1783 376 1911 420 Nam

295 466 407 500 ante
433 456 584 500 multo
608 463 831 510 tempore
856 455 990 499 visus
1008 454 1098 499 fuit
1117 455 1326 499 alterum
1345 451 1518 508 pedem
1537 451 1723 496 habere
1741 451 1788 496 in
1806 466 1911 497 sca-

295 520 425 588 pulo,
454 541 506 577 vt
540 532 637 576 iam
671 531 1027 588 propemodum
1063 521 1479 575 adnumeraretur
1514 528 1640 573 inter
1672 539 1908 584 mortuos3

294 623 422 653 nunc
446 623 567 652 vero
591 607 827 663 paulatim
853 607 898 651 in
932 607 1034 651 dies
1068 604 1385 651 conualescit.
1421 603 1528 649 Hec
1561 614 1688 659 sunt,
1724 603 1786 648 R.
1824 603 1913 648 Pa-

296 693 388 740 ter,
416 699 625 740 quorum
649 698 776 728 nunc
811 698 1012 728 monere
1036 682 1094 726 T.
1132 682 1192 726 R.
1230 680 1557 726 decreuimus
1596 679 1742 724 Faxit
1776 679 1913 725 Deus

297 759 409 816 Opt.
434 760 566 804 Max.
596 769 648 804 vt
673 760 833 804 anime
857 760 1076 804 iacentes
1101 759 1145 803 in
1170 758 1374 814 puluere
1398 757 1643 802 mundane
1678 757 1912 812 cupidita-

296 837 372 891 tis,
399 837 571 881 edocte
596 836 826 881 vnctione
850 836 1048 892 spiritus
1073 846 1120 880 et
1144 833 1412 879 ministerio
1448 833 1587 879 verbi
1622 833 1731 890 Dei,
1769 848 1913 878 excu-

295 913 417 958 tiant
440 914 572 958 illum
598 913 778 957 leteum
802 928 1048 968 soporem,
1075 921 1123 957 et
1146 911 1345 956 tandem
1370 925 1468 955 vna
1486 910 1739 955 nobiscum
1759 909 1912 954 vitam

295 997 661 1044 consequantur
700 996 939 1033 eternam.
981 988 1181 1033 Interim
1222 985 1617 1043 pusillanimitate
1657 1000 1745 1031 nos
1783 1000 1913 1030 com-

296 1080 493 1120 pressos
520 1071 537 1091 ³
560 1064 753 1109 iuuabis
777 1064 834 1120 (si
859 1064 1010 1120 lubet)
1035 1064 1295 1121 praecibus
1319 1079 1378 1108 ac
1408 1062 1679 1107 sacrificiis.
1716 1062 1913 1108 Lutetie

299 1141 604 1185 Parisiorum
628 1141 657 1185 4
677 1140 806 1199 Junii
834 1141 962 1185 1557.

384 1216 444 1261 R.
474 1217 525 1261 P.
554 1217 612 1261 T.
639 1216 1005 1272 indignissimus
1029 1215 1168 1267 filius,

1108 1323 1150 1367 N
1156 1336 1368 1367 ICOLAUs
1402 1322 1728 1366 BELLEFILLE
1762 1323 1793 1365 ¹.

385 1411 674 1467 Inscriptio.
711 1419 739 1467 †
772 1411 898 1456 Rdo.
927 1412 970 1456 in
997 1412 1125 1467 Xpo.
1164 1411 1260 1455 Pri.
1299 1410 1426 1454 Dno.
1463 1409 1655 1469 Jacobo
1689 1409 1907 1466 Laynez‚

299 1487 485 1532 vicario
510 1488 732 1544 generali
757 1486 1022 1532 Societatis
1046 1487 1251 1532 nominis
1274 1486 1408 1545 jesu.
1436 1485 1488 1530 In
1513 1486 1717 1531 aedibus
1738 1486 1914 1531 beatae

295 1562 488 1609 Mariae
512 1564 639 1608 della
664 1562 863 1608 Strada.
887 1563 1095 1609 Romae.

1074 1778 1145 1828 65

745 1894 1091 1940 HENRICUS
1126 1894 1470 1940 SOMALIUS

811 1991 820 1998 ⁰
839 2012 1015 2037 cocoxm
1042 2002 1064 2037 5
1088 2011 1196 2048 JUNn
1228 2002 1315 2037 1557
1343 2004 1367 2035 “-’.

296 2083 328 2118 1.
368 2083 494 2120 Bona
521 2084 784 2120 existimatio
810 2083 978 2128 collegii
1000 2084 1256 2119 coloniensis
1283 2085 1327 2119 in·
1361 2083 1453 2119 dies
1484 2083 1771 2129 augetur—2.
1805 2085 1918 2121 Cate-

367 2143 560 2179 clzz'smus
582 2143 748 2179 Canz'sz'i
765 2144 805 2177 et
821 2143 930 2178 alter
950 2142 1118 2178 brevior
1137 2142 1346 2178 Gandcmi
1363 2144 1518 2187 magni
1530 2143 1667 2188 stimi,
1697 2146 1736 2179 et
1762 2143 1919 2190 ubique

367 2201 762 2246 dz·vulgantm›.-3.
803 2201 1027 2246 Discipuli
1055 2201 1115 2237 ad
1146 2201 1457 2246 confessionem
1489 2201 1804 2238 accedam—4.
1840 2201 1917 2238 Ite-

369 2270 469 2296 rum
488 2260 542 2296 de
561 2271 724 2305 magna
745 2262 1068 2296 existimatione
1084 2263 1226 2306 ipsius
1246 2261 1428 2305 collegii.

360 2349 397 2393 1.
463 2356 491 2404 †
514 2348 650 2407 Jhus.
675 2348 781 2394 Pax
801 2347 1000 2394 Christi.
1029 2349 1139 2407 jam
1160 2349 1370 2404 quidem,
1392 2349 1514 2394 Rde.
1538 2350 1583 2394 in
1605 2349 1803 2394 Christo
1824 2350 1917 2395 Pa-

297 2434 388 2479 ter,
417 2440 577 2481 pauca
611 2440 719 2470 sese
754 2424 973 2470 offerunt
997 2425 1273 2470 scribenda:
1302 2441 1414 2470 nam
1448 2441 1545 2470 non
1575 2441 1604 2470 a
1634 2426 1796 2471 multis
1820 2426 1916 2471 die-

301 2503 387 2545 bus
422 2501 485 2545 ad
517 2501 578 2546 R.
606 2501 664 2546 T.
691 2501 928 2557 scriptum
962 2501 1050 2546 fuit
1083 2502 1114 2545 3.
1143 2501 1299 2551 Alias,
1328 2513 1378 2547 ut
1412 2518 1574 2558 spero,
1602 2518 1692 2548 ceu
1725 2501 1917 2548 confido

298 2577 472 2632 potius.
515 2577 714 2622 uberior
752 2577 998 2622 scribendi
1038 2578 1234 2623 occasio
1274 2578 1486 2623 dabitur.
1528 2578 1714 2623 Nostra
1751 2588 1918 2639 tamen

298 2653 511 2708 quotidie
537 2653 890 2698 incrementum
925 2653 1139 2709 capiunt,
1166 2663 1547 2711 nostrorumque
1582 2654 1834 2710 diligentia
1859 2670 1919 2700 ac

347 2812 363 2832 3
432 2818 659 2851 ampressos
679 2818 757 2842 ms.

349 2937 354 2953 ¹
410 2934 504 2970 Vid.
529 2948 618 2980 pag.
636 2935 693 2973 51,
717 2941 851 2971 annot.
872 2934 906 2970 2.

347 2992 364 3012 ‘⁴'
410 2993 471 3028 Ex
489 2994 740 3039 autographo
760 2994 798 3029 in
818 2994 952 3030 codice
974 2994 1111 3031 Germ.
1130 2994 1223 3037 185,
1247 2994 1262 3029 1
1283 2993 1365 3034 fol..
1388 3007 1425 3029 n.
1450 2994 1527 3038 1163
1550 2995 1658 3041 prius
1676 2995 1757 3031 396.

347 3052 359 3070 ⁸
415 3052 516 3088 Vide
537 3065 670 3098 supra,
694 3053 807 3098 epist.
829 3053 883 3089 138.
