2051 3516
363 280 431 316 334
837 280 1052 317 LITTERAE
1079 281 1431 325 QUADRIMESTRES

319 374 560 427 amabilis,
588 374 713 429 quod
740 375 799 419 ad
826 375 1111 420 excitandos
1135 375 1194 419 ad
1222 375 1452 430 pietatem
1487 392 1671 431 omnes,
1700 388 1743 420 et
1770 377 1828 420 ad
1857 392 1935 421 res

321 452 534 496 maiores
559 451 745 496 maiore
776 467 884 496 cum
919 452 1162 496 charitate
1197 452 1570 498 exsuscitandos
1604 463 1650 497 et
1685 453 1745 497 ad
1781 453 1934 508 pristi-

321 543 432 572 nam
468 527 709 572 maiorum
745 537 1027 573 nostrorum
1063 528 1255 572 viuendi
1288 529 1498 573 formam
1532 529 1836 574 reducendos
1872 529 1933 573 vi-

322 604 497 649 deatur
532 613 839 659 comparata.
877 604 987 661 Qua
1023 605 1065 649 in
1103 621 1155 649 re
1196 614 1243 649 vt
1277 620 1458 661 magno
1494 621 1601 650 cum
1637 606 1799 661 animi,
1836 614 1937 650 tum

322 681 469 726 etiam
494 681 719 736 corporis
744 682 914 726 labore
938 690 985 726 et
1009 681 1314 726 solicitudine
1338 681 1588 737 prefectus
1618 682 1768 727 Pater
1795 681 1800 704 ¹
1833 697 1938 726 ver-

321 767 477 802 satur:
506 758 572 802 ita
596 773 690 802 non
717 758 1012 803 mediocrem
1038 757 1262 814 profecto
1286 757 1500 803 fructum
1526 774 1587 803 ex
1611 775 1669 803 eo
1701 767 1937 814 reportat,

324 844 375 879 vt
400 850 525 879 vnus
549 850 638 890 pro
663 835 883 880 omnibus
907 836 1099 891 quidem
1126 835 1263 879 nobis
1286 835 1378 879 hac
1404 835 1448 879 in
1474 844 1615 891 parte
1650 835 1941 880 satisfacere

324 911 552 956 videatur
597 911 649 967 (a
696 912 843 956 rebus
889 912 1013 956 enim
1059 912 1148 956 illis
1199 911 1429 968 gerendis
1473 920 1520 956 et
1564 927 1652 967 pro
1703 911 1942 968 dignitate

324 988 561 1033 obeundis
584 987 745 1034 studia
770 989 1023 1034 literarum
1060 1004 1168 1033 cum
1203 988 1480 1033 obedientia
1514 997 1679 1033 tamen
1714 998 1943 1045 suscepta

325 1081 411 1109 nos
436 1066 685 1121 auocant);
713 1081 804 1110 nec
828 1066 954 1110 enim
984 1066 1079 1110 vlla
1106 1065 1344 1121 praeterit
1374 1065 1476 1110 dies
1511 1065 1622 1110 dum
1658 1065 1703 1109 in
1738 1064 1945 1110 diuersis

328 1142 459 1187 vrbis
482 1143 726 1198 parisiace
750 1143 941 1199 templis
965 1142 1299 1187 confessiones
1328 1143 1518 1198 piarum
1550 1141 1809 1199 presertim
1846 1158 1943 1187 mu-

326 1219 496 1264 lierum
521 1229 569 1265 et
592 1220 866 1276 puellarum
893 1220 1043 1272 audit,
1071 1219 1113 1263 in
1141 1235 1235 1276 qua
1263 1234 1354 1263 non
1381 1219 1622 1276 quaedam
1648 1234 1774 1276 quae
1799 1228 1946 1263 antea

326 1297 500 1342 solitae
545 1313 639 1341 non
684 1306 841 1351 erant,
889 1298 949 1342 ad
994 1297 1353 1342 confessionem
1399 1296 1655 1341 accedant.
1704 1296 1947 1340 Numerus

328 1384 492 1419 autem
519 1374 851 1420 confitentium
875 1391 1027 1431 prope
1052 1375 1207 1419 maior
1232 1384 1305 1419 est
1330 1389 1476 1430 quam
1503 1382 1554 1418 vt
1578 1382 1724 1430 queat
1758 1373 1835 1418 ille
1859 1389 1947 1429 pro

328 1453 455 1497 omni
481 1452 639 1497 studio
663 1452 972 1498 satisfacere.
1001 1453 1166 1507 Atque
1197 1452 1307 1496 illae
1342 1451 1533 1507 quidem
1568 1451 1613 1496 in
1647 1450 1739 1495 Dei
1774 1451 1948 1496 timore

329 1529 435 1585 pari
460 1529 704 1574 charitate
729 1529 1044 1581 infiammate,
1078 1538 1123 1573 et
1159 1527 1415 1584 proficiunt
1450 1528 1711 1584 plurimum
1746 1536 1793 1572 et
1827 1527 1950 1572 alios

330 1607 517 1651 aliasve
563 1607 623 1651 ad
669 1606 1028 1651 contessionem
1069 1606 1319 1661 instigant.
1369 1604 1642 1649 Visitandis
1685 1612 1950 1660 praeterea
2005 1629 2008 1633 «

331 1684 675 1739 egrotantibus
700 1683 852 1739 iisque
878 1683 1115 1740 spirituali
1147 1683 1483 1728 consolatione
1514 1681 1799 1727 recreandis
1833 1696 1949 1726 nun-

331 1776 476 1817 quam
503 1777 595 1805 non
622 1762 774 1806 adest.
804 1761 1049 1816 Breuiter,
1081 1769 1129 1805 vt
1154 1759 1324 1815 paucis
1352 1759 1515 1804 verbis
1538 1759 1856 1815 complectar,
1884 1758 1951 1802 ita

332 1838 376 1882 in
401 1838 578 1883 ceteris
604 1839 806 1882 multam
837 1853 1040 1893 operam
1067 1838 1164 1892 dat,
1204 1846 1255 1881 vt
1288 1852 1491 1881 suorum
1526 1836 1750 1880 laborum
1785 1834 1952 1880 irritus

331 1931 426 1960 non
450 1915 510 1960 sit
534 1914 743 1970 fructus,
770 1914 853 1959 sed
879 1915 1077 1959 maximi
1104 1922 1294 1958 constet
1318 1913 1561 1970 copiosus,

391 1993 432 2037 2.
500 1992 567 2037 At
594 2008 714 2037 vero
738 1992 951 2036 nondum
976 1991 1042 2036 ita
1069 1991 1321 2036 nobiscum
1346 1990 1587 2035 foeliciter
1610 1989 1776 2046 agitur
1810 1997 1862 2033 vt
1891 1987 1952 2033 ad

333 2070 559 2115 obeunda
604 2069 877 2114 huiusmodi
923 2084 1127 2113 munera
1173 2068 1387 2113 animum
1433 2068 1648 2123 apellere
1692 2066 1951 2123 possimus;

334 2163 507 2203 nempe
532 2163 641 2191 cum
674 2147 734 2191 ad
766 2146 1044 2191 litterarum
1080 2145 1237 2190 studia
1275 2160 1363 2189 nos
1396 2153 1525 2189 totos
1561 2141 1838 2188 obedientia
1875 2158 1953 2187 vo-

336 2234 427 2277 cet;
456 2225 499 2269 in
526 2224 714 2281 quibus,
747 2234 796 2268 vt
820 2223 928 2267 Deo
954 2223 1197 2267 habeatur
1228 2221 1410 2277 gratia,
1439 2221 1742 2276 aliquantum
1767 2218 1954 2275 profici-

337 2318 459 2347 mus.
488 2302 588 2346 Nec
614 2301 789 2345 desunt
813 2316 983 2345 eorum
1008 2299 1294 2355 quibuscum
1320 2299 1363 2343 in
1387 2299 1508 2343 vrbe
1527 2296 1779 2342 studemus
1800 2295 1894 2351 qui,
1917 2295 1954 2339 si

336 2379 485 2435 recipi
511 2388 724 2434 possent,
753 2377 1135 2433 flagrantissimo
1166 2375 1326 2420 studio
1362 2374 1661 2419 Societatem
1697 2371 1953 2427 affectant,

337 2466 384 2502 et
403 2457 449 2501 in
469 2471 577 2501 eam
598 2455 822 2510 cooptari
842 2454 969 2498 omni
992 2454 1071 2498 via
1092 2462 1388 2509 pertentant.
1417 2452 1566 2496 Aucti
1587 2467 1681 2495 vno
1702 2451 1859 2495 fratre
1882 2465 1955 2494 su-

339 2550 459 2588 mus,
488 2543 725 2589 prouecto
749 2531 847 2588 jam
874 2531 915 2576 in
943 2530 1115 2576 litteris
1140 2540 1187 2575 et
1211 2530 1437 2574 facilimis
1461 2528 1678 2573 moribus
1713 2527 1954 2584 praedito.

339 2610 442 2654 Nec
479 2625 598 2654 vero
640 2609 765 2653 diem
810 2624 954 2653 vnum
994 2623 1179 2660 eorum,
1223 2606 1301 2662 qui
1340 2606 1451 2651 huic
1490 2605 1690 2661 negotio
1730 2603 1958 2649 destinati

339 2697 470 2739 sunt,
513 2687 880 2731 intermittimus
918 2700 1012 2741 quo
1052 2701 1145 2729 non
1192 2684 1251 2728 ad
1288 2684 1349 2728 D.
1396 2682 1633 2728 Germani
1678 2681 1825 2727 aedes
1870 2696 1958 2737 pro

342 2779 476 2808 more
502 2764 752 2819 adeamus,
782 2763 861 2807 vbi
896 2770 1063 2807 noster
1100 2763 1246 2805 Pater
1281 2760 1593 2815 studentium,
1631 2758 1810 2804 ciuium
1847 2772 1959 2813 quo-

341 2841 565 2885 rumdam
590 2855 648 2884 ac
674 2849 1016 2885 matronarum
1042 2837 1377 2882 confessiones
1400 2836 1550 2892 audit,
1578 2836 1659 2891 qui
1677 2835 1739 2880 ad
1762 2848 1959 2879 sacram

342 2917 707 2970 eucharistiam,
743 2932 889 2961 sacro
928 2915 1171 2969 absoluto,
1214 2913 1469 2958 nobiscum
1503 2913 1662 2958 solent
1701 2910 1957 2956 accedere.

390 3090 397 3108 ¹
451 3088 495 3124 P.
520 3088 715 3124 Nicolaus
737 3087 951 3124 Bellefille.
974 3086 1079 3122 Vide
1099 3097 1233 3132 supra,
1255 3097 1347 3131 pag.
1367 3083 1448 3120 256.
