2051 3516
517 283 903 322 209.—V1N1>0130NA
930 286 972 323 31
1002 285 1209 323 Ocrossms
1238 286 1328 323 1558
1613 285 1684 322 863

103 379 235 426 tione
257 388 482 426 nostrum
506 378 589 424 illa
612 378 888 426 institutum
913 391 1274 428 concernerent
1296 388 1332 427 ³.
1359 381 1627 427 Lectiones
1660 381 1729 426 in-

102 465 277 514 tegras
316 472 346 502 a
385 456 452 501 V.
489 455 550 501 R.
593 455 641 500 in
678 457 863 513 templo
901 467 1074 503 nostro
1113 457 1223 505 istic
1265 458 1461 504 habitas
1499 456 1728 515 proximo

102 532 299 579 biennio
339 532 708 590 diligentissime
747 533 1055 590 conscripsit.
1079 535 1184 581 Nec
1218 551 1315 581 non
1349 551 1592 581 summam
1627 551 1728 581 om-

102 610 236 655 nium
274 626 402 668 quae
440 610 489 656 in
527 610 958 656 exhortationibus
989 613 1271 658 domesticis
1308 628 1337 659 a
1370 613 1433 659 R.
1470 613 1523 658 P.
1561 612 1728 658 Natali

102 686 275 733 aliisue
311 687 631 734 concionibus
666 687 913 745 audierat,
951 689 1078 734 notis
1112 689 1335 736 scribere
1368 690 1580 736 curauit.
1616 690 1727 735 Non

102 764 538 821 praetermittebat
561 764 710 811 etiam
745 780 862 811 suas
890 774 993 811 tum
1018 766 1383 812 consolationes
1407 777 1510 813 tum
1535 767 1728 814 desola-

101 835 262 882 tiones
300 851 574 894 earumque
609 846 855 883 annotare
890 837 1129 883 remedia.
1164 837 1310 895 Quod
1350 847 1516 884 autem
1550 839 1597 885 in
1636 839 1730 884 hac

102 912 206 959 eius
228 922 405 959 sancta
428 913 671 960 industria
704 913 1029 960 vehementer
1063 914 1303 971 admiror,
1330 915 1424 962 hoc
1454 931 1630 973 nempe
1655 924 1730 961 est

101 990 233 1047 quod
271 990 482 1035 viderim
522 1005 633 1036 eum
672 990 781 1036 aliis
824 991 870 1036 in
915 992 1064 1037 rebus
1107 992 1557 1049 occupatissimum.
1599 992 1728 1039 Nam

101 1067 232 1113 domi
266 1067 603 1124 professorem
638 1068 977 1126 philosophiae
1011 1069 1198 1125 agebat
1232 1070 1496 1127 publicum,
1524 1081 1571 1115 et
1602 1085 1729 1127 quae

102 1144 149 1190 in
184 1144 364 1190 scholis
398 1145 638 1191 docturus
673 1154 798 1203 erat,
832 1145 998 1191 omnia
1030 1145 1137 1191 fere
1172 1146 1218 1192 in
1253 1146 1481 1192 cubiculo
1516 1146 1728 1203 primum

102 1222 275 1268 ordine
304 1222 573 1280 scribebat,
600 1223 738 1269 festis
771 1232 937 1269 autem
971 1223 1142 1270 diebus
1176 1239 1410 1270 carceres
1444 1224 1658 1270 inuisere
1682 1234 1731 1271 et

105 1299 379 1346 doctrinam
415 1300 737 1346 christianam
772 1300 1000 1346 rudiores
1035 1300 1217 1347 docere
1253 1302 1331 1347 vel
1365 1310 1501 1347 certe
1540 1301 1729 1347 confes-

104 1377 321 1423 sionibus
344 1377 599 1424 audiendis
633 1393 821 1423 vacare
854 1387 1202 1424 consueuerat.
1230 1379 1461 1425 Accessit
1484 1389 1658 1436 postea
1683 1388 1731 1425 et

105 1454 380 1512 germanici
414 1455 613 1512 collegii
637 1470 775 1513 cura,
803 1455 941 1501 cuius
965 1455 1054 1501 fuit
1078 1465 1246 1502 rector
1269 1457 1580 1502 constitutus.
1609 1455 1726 1502 Por-

105 1547 162 1578 ro
199 1532 376 1578 horum
411 1532 628 1578 omnium
663 1541 815 1578 testes
849 1532 1227 1590 irrefragabiles
1251 1542 1364 1579 sunt
1394 1534 1503 1579 libri
1534 1533 1729 1591 plurimi

106 1624 229 1666 quos
253 1625 343 1655 sua
365 1625 513 1655 manu
537 1609 847 1667 conscriptos
869 1610 1086 1656 moriens
1109 1611 1187 1656 hic
1210 1611 1350 1657 nobis
1374 1611 1586 1668 reliquit.

166 1687 234 1732 14.
302 1686 379 1733 De
422 1696 585 1733 morte
629 1687 746 1741 eius,
791 1688 926 1734 vitae
970 1697 1237 1734 anteactae
1281 1689 1426 1746 plane
1470 1689 1727 1745 conformi,

105 1765 259 1810 multa
292 1764 560 1821 praeclara
593 1764 672 1811 hic
704 1765 993 1823 scriberem,
1021 1765 1111 1811 nisi
1136 1766 1423 1823 prolixitate
1458 1766 1606 1812 nimia
1635 1782 1729 1812 me-

105 1851 295 1887 tuerem
340 1857 449 1887 esse
493 1842 765 1889 molestior.
807 1841 1139 1889 Committere
1178 1853 1344 1889 tamen
1389 1859 1485 1889 non
1529 1859 1731 1900 possum

103 1919 217 1976 quin
242 1919 456 1976 paucula
489 1935 617 1976 quae
650 1934 825 1965 coram
859 1920 962 1977 ipse
997 1920 1096 1966 vidi
1131 1930 1180 1967 et
1214 1921 1396 1978 audiui,
1424 1921 1501 1966 hic
1526 1921 1731 1966 interse-

103 2012 228 2044 ram.
254 1996 366 2054 Ipso
400 2012 525 2055 ergo
559 1997 620 2043 D.
660 1997 931 2055 Michaelis,
959 1999 1117 2044 sacris
1152 1999 1333 2044 missae
1368 1998 1619 2056 mysteriis
1653 2013 1731 2044 co-

105 2090 214 2120 ram
239 2073 432 2120 infirmo
457 2074 674 2131 peractis
707 2090 738 2120 a
770 2075 831 2121 R.
860 2075 912 2120 Ρ.
936 2075 1243 2132 prouinciali,
1271 2091 1383 2121 cum
1406 2075 1505 2120 iam
1531 2090 1730 2121 sacram

106 2152 318 2209 synaxin
353 2152 396 2198 ei
429 2152 495 2197 R.
522 2152 583 2198 P.
610 2153 935 2210 porrexisset,
962 2154 1125 2211 coepit
1149 2153 1369 2199 infirmus
1394 2153 1541 2199 anxie
1565 2153 1731 2198 admo-

105 2229 222 2275 dum
261 2238 542 2276 extremam
582 2229 864 2276 vnctionem
898 2232 1169 2288 postulare.
1207 2231 1521 2288 Responsum
1559 2231 1602 2276 ei
1642 2230 1734 2276 fuit

105 2322 202 2353 non
228 2322 337 2352 esse
368 2316 469 2352 tam
502 2322 742 2363 praesens
775 2308 1048 2365 periculum
1084 2308 1198 2365 quin
1234 2307 1426 2353 differri
1460 2308 1732 2365 aliquantu·

104 2386 203 2430 lum
227 2393 411 2442 posset,
431 2384 646 2430 maxime
671 2400 782 2431 cum
806 2385 982 2432 medici
1001 2401 1186 2443 operae
1207 2385 1425 2443 precium
1451 2385 1497 2430 id
1522 2385 1730 2431 necdum

105 2476 214 2507 esse
237 2461 529 2508 iudicarent.
556 2461 667 2507 Non
700 2473 865 2508 cessat
899 2471 1065 2508 tamen
1099 2462 1321 2508 infirmus
1356 2478 1446 2508 sua
1483 2462 1732 2519 replicare

104 2538 365 2596 desideria,
393 2554 643 2597 cuperem,
670 2540 910 2598 inquiens,
937 2540 977 2586 si
1001 2541 1069 2586 ita
1092 2540 1350 2586 videretur
1383 2550 1591 2586 sanctae
1619 2541 1731 2586 obe-

105 2616 334 2674 dientiae,
372 2616 466 2662 hoc
508 2632 585 2663 me
624 2627 850 2665 extremo
884 2627 1202 2664 sacramento
1236 2618 1429 2664 muniri.
1468 2618 1735 2675 Acquieuit

105 2694 304 2740 tandem
327 2695 386 2740 R.
415 2694 467 2740 P.
491 2696 810 2752 prouincialis
834 2706 882 2743 et
905 2697 995 2742 sub
1025 2711 1288 2753 vesperum
1321 2696 1610 2742 conuocatis
1635 2696 1733 2742 fra-

104 2771 261 2817 tribus
284 2781 396 2829 post
417 2771 443 2817 7
466 2773 685 2829 psalmos
708 2784 756 2819 et
779 2774 976 2820 litanias
997 2774 1234 2820 recitatas
1253 2773 1451 2831 (orante
1475 2774 1731 2820 nobiscum

105 2849 361 2895 altissima
384 2848 403 2876 ¹³
435 2865 559 2896 voce
593 2850 804 2909 infirmo)
828 2852 1103 2909 plenariam
1127 2851 1169 2897 ei
1195 2851 1404 2908 primum
1429 2852 1734 2898 authoritate

106 2926 381 2982 apostolica
419 2927 665 2974 concessit
703 2928 1078 2986 indulgentiam,
1124 2937 1172 2974 et
1211 2944 1358 2974 sacro
1403 2928 1578 2974 deinde
1623 2930 1734 2975 oleo

154 3099 173 3120 ἃ
223 3092 273 3129 ad
290 3098 513 3131 nostrum...
534 3095 798 3141 pertinerent.
852 3095 919 3123 ——b
940 3096 1036 3132 alta.
