2051 3516
386 299 455 335 922
854 297 1071 333 LITTERAE
1099 296 1453 340 QUADfflMEsrREs

342 396 537 451 legatus
572 395 584 418 ¹
606 393 740 450 regis
760 391 1009 448 Poloniae,
1032 390 1108 436 uir
1127 399 1258 435 totus
1278 399 1445 435 noster
1466 395 1498 445 ³,
1521 388 1615 433 duo
1635 388 1848 445 episcopi
1867 392 1954 432 etc.

343 469 642 515 Curauimus
666 478 831 514 autem
857 468 1094 513 lectiones
1118 476 1316 511 nostras
1340 475 1387 511 et
1420 464 1664 522 quaedam
1689 464 1787 509 alia
1820 480 1957 520 prae-

342 546 472 591 ludia
506 545 729 602 imprimi,
771 559 898 602 quae
937 543 1218 599 obtulimus,
1261 546 1315 587 nt
1351 542 1412 586 de
1451 542 1569 586 aliis
1608 541 1736 586 Jzz'lzz'l
1771 540 1956 596 dicam,
1991 596 1999 602 Ι

342 622 392 667 S.
420 621 477 667 C.
504 622 592 677 M.,
617 620 930 667 serenissimo
956 619 1159 675 principi
1184 628 1233 664 et
1256 618 1460 675 principi
1486 617 1672 663 Carolo
1696 618 1710 642 2
1736 621 1844 673 etc„
1881 617 1959 672 qui

341 715 401 744 ea
424 698 705 756 gratissime
729 705 1048 754 exceperunt.
1076 696 1184 741 Misi
1209 711 1401 752 quoque
1425 695 1615 749 eadem,
1648 710 1758 740 cum
1793 709 1958 750 supra-

342 776 471 821 dicto
495 776 714 832 doctore,
742 783 882 831 patre
907 774 1061 819 nostri
1082 772 1396 828 conuictoris,
1419 787 1593 818 uersus
1613 771 1835 817 scholam
1854 770 1959 815 Phi-

342 853 453 910 lippi
478 854 510 910 ³,
537 852 852 909 quantumuis
875 851 970 897 sint
994 850 1196 895 minuta:
1223 865 1318 894 non
1337 850 1465 895 enim
1490 864 1578 894 nos
1603 864 1775 894 eorum
1801 846 1959 904 poeni-

343 940 412 977 tet
435 939 520 976 aut
543 930 706 987 pudet,
735 945 822 986 per
847 944 973 985 quae
995 936 1170 973 nostra
1205 927 1401 972 minima
1438 926 1765 983 Conrzpagnta
1788 925 1807 952 ¹³
1840 940 1960 970 sem-

344 1023 430 1065 per
454 1022 749 1053 excrescere
774 1005 836 1051 ad
861 1005 1052 1050 maiora
1076 1004 1220 1050 solita
1243 1013 1331 1049 est,

406 1084 473 1130 19.
541 1083 898 1129 Numerczmus
935 1082 981 1127 in
1020 1081 1189 1127 schola
1226 1089 1399 1126 nostra
1439 1080 1639 1125 circiter
1682 1079 1791 1124 120
1815 1085 1962 1134 cpue-

346 1177 428 1206 ros
480 1160 514 1216 0¹,
558 1173 777 1217 quorum
802 1159 949 1217 sorte
986 1158 1169 1203 saltem
1203 1164 1218 1183 e
1259 1165 1452 1202 centum
1485 1164 1597 1201 sunt
1630 1155 1846 1201 hussitae
1879 1162 1964 1199 aut

345 1237 642 1283 hussitarum
679 1235 774 1281 filii.
803 1234 1024 1280 Veniunt
1057 1234 1261 1280 subinde
1290 1234 1471 1290 plnres
1502 1232 1511 1259 f
1538 1248 1628 1278 nec
1651 1232 1965 1277 deterrentur

347 1314 476 1372 quod
500 1329 589 1359 nos
613 1313 762 1358 simus
797 1312 1036 1369 papistae,
1063 1312 1176 1368 ipse
1210 1325 1331 1356 uero
1365 1310 1612 1355 lmssz'tcze.
1640 1309 1851 1366 Quidam
1887 1324 1962 1354 eo-

347 1408 470 1448 rum,
509 1391 584 1436 uir
623 1389 788 1447 magni
829 1389 1050 1446 nominis,
1093 1388 1161 1434 ait
1200 1389 1260 1433 ad
1301 1398 1512 1433 nostros:
1555 1387 1731 1432 vellem
1771 1386 1963 1442 quidem

345 1485 509 1515 meum
543 1468 691 1514 filium
715 1467 761 1512 in
785 1467 933 1512 aliam
967 1466 1267 1511 hussitarum
1298 1465 1517 1511 scholam
1542 1464 1756 1520 tradere;
1783 1464 1865 1509 sed
1892 1464 1967 1520 (nt

349 1548 461 1603 ipse
494 1546 586 1602 czz't)
626 1546 776 1591 boues
810 1553 936 1600 sunt,
975 1543 1165 1600 ipsimet
1198 1542 1314 1588 nihil
1352 1542 1526 1588 sciunt.
1563 1541 1657 1587 Hic
1690 1550 1764 1587 est
1798 1550 1966 1587 noster

347 1639 564 1681 magnus
594 1623 798 1679 amicus,
825 1622 909 1667 sed
937 1637 1088 1678 usque
1123 1620 1184 1666 ad
1218 1620 1378 1666 fidem.
1405 1620 1619 1676 Rogate,
1648 1620 1736 1664 Pr.
1763 1620 1848 1675 mi,
1876 1635 1965 1675 pro

347 1703 445 1747 h'ac
488 1701 669 1757 anima,
711 1708 762 1759 ut
804 1699 1002 1745 tandem
1047 1698 1179 1755 uelit,
1223 1698 1350 1754 quod
1394 1697 1543 1743 filium
1588 1697 1692 1742 eius
1730 1697 1855 1742 uelle
1900 1696 1964 1740 ui-

348 1780 534 1824 demus.

407 1855 478 1901 20.
545 1854 874 1899 Wenceslaus
909 1862 1107 1910 praeest
1145 1852 1334 1908 primae
1367 1851 1529 1907 classi,
1567 1851 1753 1896 caeteri
1792 1865 1969 1896 omnes

349 1942 702 1988 praeceptores
737 1930 1057 1987 profecerunt
1091 1929 1295 1974 multum
1330 1929 1374 1974 in
1400 1928 1569 1985 lingua
1592 1926 1830 1983 boemica,
1858 1926 1967 1972 licet

350 2009 508 2054 bo’emi
548 2024 642 2053 non
681 2008 791 2053 sint.
834 2007 1037 2052 Horum
1077 2006 1385 2064 quibusdam
1419 2005 1638 2050 occurrit
1671 2005 1883 2062 qnidam
1917 2005 1967 2049 in

350 2087 537 2142 plateis
568 2086 656 2143 qni
688 2085 784 2130 ait:
807 2084 991 2140 Audio,
1021 2084 1200 2140 inquit,
1237 2083 1374 2140 qnod
1405 2096 1497 2127 nos
1530 2082 1653 2127 bene
1688 2081 1970 2126 instituatis

350 2168 555 2219 pueros,
593 2162 795 2207 mittam
829 2174 953 2218 ergo
988 2173 1159 2205 meum
1179 2160 1357 2216 felium
1387 2172 1583 2217 quoque
1606 2158 1677 2203 ad
1699 2171 1812 2213 110ss
1836 2158 1969 2202 idem

352 2240 480 2285 milei
512 2239 606 2284 alii
638 2239 828 2284 dicunt.
857 2236 1185 2283 Conuictores
1222 2237 1457 2281 habemus
1492 2244 1721 2292 quatuor,
1747 2250 1969 2280 summae

351 2317 450 2373 spei
491 2316 848 2371 adolescentes,
891 2325 936 2359 et
977 2313 1101 2359 alios
1139 2313 1262 2358 duos
1301 2317 1637 2369 expectamus,
1680 2321 1727 2356 et
1774 2311 1970 2356 ueniunt

352 2409 499 2449 saepe
523 2393 602 2449 qui
628 2392 794 2448 plures
827 2390 1208 2444 committerent,
1235 2389 1320 2435 sed
1356 2404 1528 2434 ornnes
1562 2404 1647 2445 spe
1681 2388 1856 2433 alimus
1889 2388 1967 2433 ha-

354 2470 541 2516 bendae
567 2470 738 2515 domus
764 2467 1032 2525 amplioriS,
1060 2482 1120 2512 ac
1145 2467 1316 2512 deinde
1341 2466 1448 2512 illos
1473 2465 1751 2523 recipiendi.

400 2661 418 2678 Ἀ
469 2665 520 2696 et.
574 2659 640 2686 —b
673 2657 869 2695 Societas.
924 2663 984 2685 —c
1006 2656 1215 2692 Habemus
1234 2654 1318 2691 in...
1341 2655 1505 2691 multos.
1563 2654 1628 2681 —d
1649 2654 1818 2691 Eadem
1835 2664 1970 2690 mam!

353 2719 458 2756 add.
481 2720 526 2755 in
547 2728 706 2763 marg:
724 2722 763 2754 et
783 2722 918 2754 essent
938 2715 1043 2753 haud
1070 2715 1188 2751 dubie
1214 2715 1365 2761 plures,
1394 2714 1433 2750 ni
1462 2726 1529 2751 eos
1560 2727 1583 2750 a
1610 2714 1746 2750 schola
1777 2712 1906 2759 frigus
1934 2718 1971 2748 et

354 2778 626 2825 longinquitas
648 2777 721 2814 loci
741 2781 912 2813 arceret.
983 2782 1043 2803 —e
1064 2775 1205 2812 horum
1224 2773 1322 2811 fere.
1391 2773 1448 2801 -f
1476 2786 1524 2810 ex
1551 2773 1610 2810 his
1637 2773 1874 2820 complures.

404 2959 412 2977 ¹
465 2956 667 2993 Martinus
688 2955 874 2993 Cromer.

402 3017 415 3036 ²
461 3016 603 3062 Junior
623 3014 878 3062 imperatoris
896 3013 1014 3050 filius.

403 3076 415 3095 ²
468 3074 680 3122 Philippus
699 3073 989 3111 Melanchthon
1008 3072 1175 3110 indicari
1200 3072 1370 3108 videtur.
