2051 3516
468 291 877 328 154.—1N60LsTAD10
902 289 950 326 26
974 289 1153 326 APRiLIS
1182 288 1282 326 1528.
1572 287 1642 324 603

59 397 138 431 cto
164 386 210 431 in
234 385 398 432 limine
423 395 598 442 portae
623 385 917 431 vestimento
941 394 989 429 et
1012 383 1138 440 pileo
1173 393 1362 439 nostro,
1400 399 1569 428 secum
1605 384 1687 428 ab·

59 463 210 508 duxit.
235 461 299 508 Et
318 462 568 508 credimus
587 472 634 507 et
658 461 814 507 oculis
840 461 1021 507 nostris
1045 461 1412 517 conspeximuS,
1439 469 1686 505 sartorem

59 555 252 598 quoque
277 555 336 585 ac
361 555 472 584 eum
498 554 560 584 ex
591 538 761 595 Praga
795 538 1048 593 nouitium,
1087 538 1262 582 horum
1298 537 1541 582 malorum
1576 552 1686 582 con-

60 617 231 673 scium,
259 617 352 662 Dei
383 616 510 662 enim
544 615 855 672 prouidentia
889 614 1056 661 statim
1092 626 1199 671 post
1234 614 1445 660 aliorum
1480 614 1685 665 abitum„

59 693 346 740 subodorati
372 708 542 738 sumus
566 693 693 738 hunc
718 707 912 749 quoque
941 691 1001 737 de
1036 706 1246 747 egressu
1281 691 1477 748 collegii
1513 691 1688 737 sollici-

58 781 159 816 tum
185 786 310 824 esse,
339 785 551 826 eumque
584 778 856 826 expectare
890 778 1085 825 tempus
1120 769 1360 814 orationis
1394 778 1510 814 ante
1545 769 1687 814 meri-

58 847 200 904 diem,
227 863 324 905 quo
349 847 502 893 libere
527 856 575 892 et
597 847 702 892 sine
727 847 988 892 obstaculo
1012 845 1138 891 alios
1156 847 1562 903 subsequeretur.
1591 844 1689 891 Sed

57 924 221 970 statim
262 924 522 981 impeditus
556 924 648 969 fuit
681 939 711 969 a
745 924 900 979 nobis;
937 922 1236 980 deprehendi
1273 923 1401 968 enim
1436 924 1527 969 sub
1560 925 1690 969 lecto

58 1002 324 1058 sarcinam,
352 1018 499 1059 quam
535 1001 828 1058 transferre,
866 1001 1008 1047 nobis
1042 1016 1215 1046 coram
1250 1001 1687 1051 inambulantibus,

58 1096 153 1126 non
178 1090 379 1138 poterat
403 1079 595 1126 etiamsi
621 1080 809 1126 abitum
827 1079 1157 1135 dissimulare,
1185 1090 1294 1125 arte
1320 1095 1416 1136 qua
1436 1080 1688 1132 Vtebatur,

57 1158 146 1203 nisi
170 1157 301 1204 forte
326 1158 558 1215 neglecta
581 1157 798 1213 sarcina,
825 1157 1078 1202 voluisset.
1103 1156 1276 1214 Itaque
1301 1165 1354 1201 vt
1385 1172 1579 1202 omnem
1614 1173 1690 1202 su-

33 1235 326 1292 ·spicionem
352 1234 566 1281 fratrum
591 1235 968 1292 praecluderem
992 1235 1052 1279 de
1076 1234 1304 1280 absentia
1334 1234 1550 1280 maxime
1574 1235 1689 1280 alio-

60 1328 182 1369 rum,
210 1313 490 1358 humaniter
514 1327 624 1357 eum
649 1321 698 1358 et
720 1311 899 1358 blande
922 1320 1149 1357 tractare
1183 1327 1459 1368 aggressus
1493 1327 1617 1367 sum,
1644 1320 1691 1357 et

57 1390 365 1448 persuadere
391 1401 442 1435 vt
467 1390 623 1435 literis
647 1390 768 1435 meis
793 1389 1060 1446 Viennam,
1088 1389 1171 1435 vbi
1190 1389 1326 1446 prius
1344 1389 1543 1446 integro
1562 1405 1692 1435 anno

57 1469 165 1525 fuit,
191 1468 278 1514 sed
303 1483 570 1525 numquam
603 1467 900 1524 tractabilis,
933 1467 1135 1522 rediret,
1170 1478 1270 1512 tum
1304 1476 1358 1512 vt
1393 1478 1691 1513 conuentum

56 1546 266 1592 aliorum
287 1545 578 1596 declinaret,
599 1555 702 1590 tum
724 1554 777 1591 vt
794 1545 1020 1590 securius
1038 1544 1291 1590 Viennam
1312 1545 1690 1602 perduceretur.

56 1624 95 1669 si
125 1623 255 1668 forte
296 1622 457 1668 Deum
498 1622 589 1668 sibi
630 1622 905 1680 propicium
944 1622 991 1667 in
1030 1622 1399 1679 peregrinando
1441 1622 1688 1668 redderet.

57 1700 175 1746 Feci
200 1700 331 1758 quod
356 1699 490 1757 potui
516 1709 564 1745 et
584 1700 741 1745 debui.
767 1699 1041 1745 Confessus
1060 1700 1187 1745 enim
1209 1699 1345 1757 prius
1365 1716 1513 1757 quam
1532 1700 1694 1746 abiret

58 1778 155 1823 Pri.
185 1777 474 1823 Hermanno
501 1779 531 1835 ¹,
560 1777 789 1823 salutatis
812 1777 1055 1823 fratribus
1079 1793 1314 1834 egressus
1333 1787 1409 1822 est
1427 1777 1691 1835 collegium

56 1855 183 1914 [sic]
210 1855 388 1913 Itaque
408 1854 553 1900 huius
576 1854 859 1900 dimissione
884 1854 1111 1900 omnibus
1145 1854 1347 1900 conscia
1376 1854 1566 1900 factum
1601 1864 1690 1909 est,

57 1949 116 1979 ne
141 1932 318 1990 aliquis
341 1932 402 1978 de
420 1932 633 1978 aliorum
659 1932 886 1978 absentia
910 1933 1089 1978 anxius
1113 1944 1346 1989 quereret
1370 1941 1455 1978 aut
1489 1933 1692 1978 mirare-

57 2021 136 2057 tur
159 2011 219 2057 de
243 2020 345 2056 tam
370 2010 629 2067 repentina
655 2010 945 2056 mutatione.
974 2009 1068 2055 Hic
1091 2020 1261 2055 sartor
1289 2010 1380 2056 fuit
1415 2011 1692 2056 inconstan-

58 2088 290 2142 tissimus,
317 2103 568 2145 nunquam
603 2088 812 2145 quietus,
839 2087 1037 2133 infinitis
1061 2087 1268 2145 denique
1296 2087 1606 2145 passionibus
1630 2088 1675 2133 in

57 2166 434 2213 extricabilibus
459 2165 670 2222 deditus,
698 2176 751 2211 vt
776 2165 1126 2211 viennensibus
1157 2175 1204 2211 et
1238 2166 1569 2223 pragensibus
1599 2181 1694 2210 non

58 2246 326 2305 obscurum
351 2252 437 2289 est.
462 2243 660 2300 Reliqui
693 2244 790 2289 duo
823 2252 1092 2300 antequam
1128 2243 1383 2301 prodirent
1417 2252 1466 2288 et
1500 2243 1545 2288 in
1576 2243 1695 2288 noti-

59 2322 177 2368 tiam
203 2321 357 2367 nostri
382 2321 693 2377 deuenirent,
721 2322 1030 2367 adornarunt
1054 2321 1244 2378 fugam.
1281 2321 1454 2377 Itaque
1489 2337 1581 2366 non
1620 2331 1694 2366 est

59 2414 150 2444 cur
172 2398 348 2444 soliciti
380 2398 532 2444 simus
567 2399 625 2444 de
660 2397 768 2444 illis.
807 2398 1057 2455 Cuperem
1092 2411 1257 2444 tamen
1292 2414 1570 2455 pragenses
1604 2414 1692 2444 seu

61 2477 357 2522 viennenses
390 2491 486 2521 non
513 2476 707 2522 mittere
732 2477 796 2522 ad
825 2491 914 2521 nos
938 2476 1154 2522 nouitios
1196 2476 1338 2531 vllos,
1376 2485 1583 2532 propter
1614 2492 1693 2521 oc-

59 2553 350 2611 cupationes
374 2562 578 2599 nostras
596 2563 644 2599 et
665 2553 862 2610 collegii
887 2553 1041 2599 nostri
1063 2553 1395 2599 inordinatam
1418 2552 1694 2610 dispositio-

59 2647 189 2688 nem,
216 2646 343 2688 quae
368 2632 519 2677 etiam
544 2632 755 2677 celestes
778 2631 981 2688 spiritus
1005 2631 1170 2677 taedio
1195 2630 1438 2676 afficeret.

116 2710 159 2756 5.
227 2709 458 2756 Confessi
491 2718 605 2755 sunt
638 2710 685 2756 in
720 2710 814 2755 hac
849 2709 1237 2771 quadragesima
1273 2708 1460 2766 infiniti,
1496 2708 1587 2754 nisi
1622 2725 1697 2754 me

59 2787 201 2833 fallat
225 2787 434 2832 animus
464 2786 616 2832 Pater
641 2786 911 2844 Dionysius
946 2788 961 2811 ²
997 2787 1127 2843 apud
1161 2801 1251 2830 nos
1285 2786 1491 2843 singulis
1525 2785 1698 2831 diebus

59 2873 270 2910 vocatus
300 2863 391 2909 fuit
422 2864 484 2909 ad
509 2880 689 2921 agrum
715 2864 825 2919 Dei,
854 2864 934 2909 vbi
961 2876 1006 2909 et
1031 2863 1346 2919 euangelium
1372 2863 1626 2908 dominicis
1650 2873 1697 2908 et

109 3052 116 3068 ¹
170 3048 215 3086 P.
237 3049 502 3086 Hermannus
521 3048 750 3096 Thyraeus.

107 3111 118 3128 '·'
170 3108 220 3145 P.
248 3108 472 3156 Dionysius
491 3108 750 3156 Feyrabend.
773 3107 837 3146 Cf.
859 3108 1220 3153 BRAUNSBERGER,
1242 3109 1315 3144 loc.
1337 3108 1419 3153 eit„
1439 3106 1521 3144 392.
