<?xml version="1.0" encoding="UTF-8"?>
<!DOCTYPE html PUBLIC "-//W3C//DTD XHTML 1.0 Transitional//EN"
    "http://www.w3.org/TR/xhtml1/DTD/xhtml1-transitional.dtd">
<html xmlns="http://www.w3.org/1999/xhtml" xml:lang="en" lang="en">
 <head>
  <title>
</title>
<meta http-equiv="Content-Type" content="text/html;charset=utf-8" />
  <meta name='ocr-system' content='tesseract 3.04.00' />
  <meta name='ocr-capabilities' content='ocr_page ocr_carea ocr_par ocr_line ocrx_word'/>
</head>
<body>
  <div class='ocr_page' id='page_1' title='image "./litteraequadrime17lain_0804.png"; bbox 0 0 2051 3516; ppageno 0'>
   <div class='ocr_carea' id='block_1_1' title="bbox 322 297 1387 342">
    <p class='ocr_par' dir='ltr' id='par_1_1' title="bbox 322 297 1387 342">
     <span class='ocr_line' id='line_1_1' title="bbox 322 297 1387 342; baseline -0.004 -6"><span class='ocrx_word' id='word_1_1' title='bbox 322 301 391 336; x_wconf 59' lang='lat'><strong>76³5</strong></span> <span class='ocrx_word' id='word_1_2' title='bbox 786 297 1007 334; x_wconf 68' lang='lat' dir='ltr'><strong>LITTERAE</strong></span> <span class='ocrx_word' id='word_1_3' title='bbox 1034 297 1387 342; x_wconf 76' lang='lat' dir='ltr'>QUADRIMESTRES</span> 
     </span>
    </p>
   </div>
   <div class='ocr_carea' id='block_1_2' title="bbox 275 389 1901 2058">
    <p class='ocr_par' dir='ltr' id='par_1_2' title="bbox 275 389 1896 602">
     <span class='ocr_line' id='line_1_2' title="bbox 277 389 1896 451; baseline -0.004 -11"><span class='ocrx_word' id='word_1_4' title='bbox 277 395 425 440; x_wconf 87' lang='lat' dir='ltr'><strong>etiam</strong></span> <span class='ocrx_word' id='word_1_5' title='bbox 451 394 599 450; x_wconf 91' lang='lat' dir='ltr'><strong>(quod</strong></span> <span class='ocrx_word' id='word_1_6' title='bbox 624 411 719 440; x_wconf 91' lang='lat' dir='ltr'><strong>non</strong></span> <span class='ocrx_word' id='word_1_7' title='bbox 742 399 918 451; x_wconf 72' lang='lat' dir='ltr'><strong>&#39;parurn</strong></span> <span class='ocrx_word' id='word_1_8' title='bbox 944 393 1053 449; x_wconf 88' lang='lat' dir='ltr'><strong>est),</strong></span> <span class='ocrx_word' id='word_1_9' title='bbox 1080 391 1326 437; x_wconf 93' lang='lat' dir='ltr'><strong>accedunt</strong></span> <span class='ocrx_word' id='word_1_10' title='bbox 1348 390 1501 435; x_wconf 86' lang='lat' dir='ltr'>nostri</span> <span class='ocrx_word' id='word_1_11' title='bbox 1527 389 1731 435; x_wconf 89' lang='lat' dir='ltr'><strong>instituti</strong></span> <span class='ocrx_word' id='word_1_12' title='bbox 1755 404 1896 434; x_wconf 90' lang='lat' dir='ltr'><strong>amor</strong></span> 
     </span>
     <span class='ocr_line' id='line_1_3' title="bbox 275 466 1894 528; baseline -0.004 -12"><span class='ocrx_word' id='word_1_13' title='bbox 275 486 335 516; x_wconf 91' lang='lat' dir='ltr'><strong>ac</strong></span> <span class='ocrx_word' id='word_1_14' title='bbox 359 469 566 526; x_wconf 87' lang='lat' dir='ltr'><strong>diligens</strong></span> <span class='ocrx_word' id='word_1_15' title='bbox 591 472 879 528; x_wconf 86' lang='lat' dir='ltr'><strong>regularum</strong></span> <span class='ocrx_word' id='word_1_16' title='bbox 915 467 1250 524; x_wconf 86' lang='lat' dir='ltr'><strong>obseruantia,</strong></span> <span class='ocrx_word' id='word_1_17' title='bbox 1278 482 1487 523; x_wconf 88' lang='lat' dir='ltr'><strong>quarum</strong></span> <span class='ocrx_word' id='word_1_18' title='bbox 1518 467 1643 511; x_wconf 90' lang='lat' dir='ltr'><strong>inter</strong></span> <span class='ocrx_word' id='word_1_19' title='bbox 1666 466 1765 510; x_wconf 91' lang='lat' dir='ltr'><strong>alia</strong></span> <span class='ocrx_word' id='word_1_20' title='bbox 1787 481 1894 522; x_wconf 52' lang='lat' dir='ltr'><strong>pre*</strong></span> 
     </span>
     <span class='ocr_line' id='line_1_4' title="bbox 277 546 821 602; baseline 0.002 -11"><span class='ocrx_word' id='word_1_21' title='bbox 277 547 423 602; x_wconf 86' lang='lat' dir='ltr'><strong>cipua</strong></span> <span class='ocrx_word' id='word_1_22' title='bbox 447 546 659 592; x_wconf 90' lang='lat' dir='ltr'><strong>habetur</strong></span> <span class='ocrx_word' id='word_1_23' title='bbox 683 563 821 592; x_wconf 89' lang='lat' dir='ltr'><strong>cura.</strong></span> 
     </span>
    </p>

    <p class='ocr_par' dir='ltr' id='par_1_3' title="bbox 275 617 1899 1048">
     <span class='ocr_line' id='line_1_5' title="bbox 332 617 1897 677; baseline -0.003 -11"><span class='ocrx_word' id='word_1_24' title='bbox 332 621 375 666; x_wconf 80' lang='lat'><strong>3,</strong></span> <span class='ocrx_word' id='word_1_25' title='bbox 442 620 494 666; x_wconf 90' lang='lat' dir='ltr'><strong>In</strong></span> <span class='ocrx_word' id='word_1_26' title='bbox 520 623 731 668; x_wconf 90' lang='lat' dir='ltr'><strong>ecclesia</strong></span> <span class='ocrx_word' id='word_1_27' title='bbox 762 622 868 668; x_wconf 78' lang='lat' dir='ltr'><strong>fere</strong></span> <span class='ocrx_word' id='word_1_28' title='bbox 903 635 1100 677; x_wconf 78' lang='lat' dir='ltr'><strong>semper</strong></span> <span class='ocrx_word' id='word_1_29' title='bbox 1134 619 1448 665; x_wconf 90' lang='lat' dir='ltr'><strong>desideratur</strong></span> <span class='ocrx_word' id='word_1_30' title='bbox 1477 617 1897 663; x_wconf 75' lang='lat' dir='ltr'>confessariorum</span> 
     </span>
     <span class='ocr_line' id='line_1_6' title="bbox 277 693 1894 754; baseline -0.003 -12"><span class='ocrx_word' id='word_1_31' title='bbox 277 697 437 754; x_wconf 70' lang='lat' dir='ltr'><strong>copia,</strong></span> <span class='ocrx_word' id='word_1_32' title='bbox 474 713 534 743; x_wconf 89' lang='lat' dir='ltr'><strong>ea</strong></span> <span class='ocrx_word' id='word_1_33' title='bbox 573 707 647 743; x_wconf 92' lang='lat' dir='ltr'><strong>est</strong></span> <span class='ocrx_word' id='word_1_34' title='bbox 686 697 1088 744; x_wconf 88' lang='lat' dir='ltr'><strong>concurrentium</strong></span> <span class='ocrx_word' id='word_1_35' title='bbox 1128 695 1402 751; x_wconf 90' lang='lat' dir='ltr'><strong>multitudo,</strong></span> <span class='ocrx_word' id='word_1_36' title='bbox 1429 693 1603 750; x_wconf 91' lang='lat' dir='ltr'><strong>quibus</strong></span> <span class='ocrx_word' id='word_1_37' title='bbox 1647 709 1758 738; x_wconf 90' lang='lat' dir='ltr'><strong>curn</strong></span> <span class='ocrx_word' id='word_1_38' title='bbox 1799 708 1894 737; x_wconf 89' lang='lat' dir='ltr'><strong>non</strong></span> 
     </span>
     <span class='ocr_line' id='line_1_7' title="bbox 276 767 1895 830; baseline -0.004 -12"><span class='ocrx_word' id='word_1_39' title='bbox 276 774 430 830; x_wconf 84' lang='lat' dir='ltr'>possit</span> <span class='ocrx_word' id='word_1_40' title='bbox 454 773 560 819; x_wconf 87' lang='lat' dir='ltr'><strong>fieri</strong></span> <span class='ocrx_word' id='word_1_41' title='bbox 589 775 726 830; x_wconf 83' lang='lat' dir='ltr'><strong>satis,</strong></span> <span class='ocrx_word' id='word_1_42' title='bbox 754 773 956 820; x_wconf 89' lang='lat' dir='ltr'><strong>infirmis</strong></span> <span class='ocrx_word' id='word_1_43' title='bbox 990 788 1050 818; x_wconf 91' lang='lat' dir='ltr'><strong>ac</strong></span> <span class='ocrx_word' id='word_1_44' title='bbox 1082 771 1259 817; x_wconf 89' lang='lat' dir='ltr'><strong>vinctis</strong></span> <span class='ocrx_word' id='word_1_45' title='bbox 1294 785 1499 816; x_wconf 90' lang='lat' dir='ltr'><strong>carcere</strong></span> <span class='ocrx_word' id='word_1_46' title='bbox 1523 769 1572 826; x_wconf 92' lang='lat' dir='ltr'><strong>(a</strong></span> <span class='ocrx_word' id='word_1_47' title='bbox 1595 769 1769 826; x_wconf 90' lang='lat' dir='ltr'><strong>quibus</strong></span> <span class='ocrx_word' id='word_1_48' title='bbox 1801 767 1895 813; x_wconf 79' lang='lat' dir='ltr'><strong>fre-</strong></span> 
     </span>
     <span class='ocr_line' id='line_1_8' title="bbox 277 844 1896 907; baseline -0.004 -13"><span class='ocrx_word' id='word_1_49' title='bbox 277 859 483 906; x_wconf 90' lang='lat' dir='ltr'><strong>quenter</strong></span> <span class='ocrx_word' id='word_1_50' title='bbox 521 851 808 907; x_wconf 85' lang='lat' dir='ltr'><strong>euocarnur)</strong></span> <span class='ocrx_word' id='word_1_51' title='bbox 848 849 1096 894; x_wconf 80' lang='lat' dir='ltr'>multoties</span> <span class='ocrx_word' id='word_1_52' title='bbox 1130 847 1357 903; x_wconf 84' lang='lat' dir='ltr'><strong>cogimur</strong></span> <span class='ocrx_word' id='word_1_53' title='bbox 1395 846 1583 891; x_wconf 81' lang='lat' dir='ltr'><strong>deesse.</strong></span> <span class='ocrx_word' id='word_1_54' title='bbox 1625 844 1896 890; x_wconf 82' lang='lat' dir='ltr'><strong>Sacrosan-</strong></span> 
     </span>
     <span class='ocr_line' id='line_1_9' title="bbox 275 921 1899 981; baseline -0.004 -10"><span class='ocrx_word' id='word_1_55' title='bbox 275 935 409 971; x_wconf 92' lang='lat' dir='ltr'><strong>ctum</strong></span> <span class='ocrx_word' id='word_1_56' title='bbox 434 927 764 972; x_wconf 79' lang='lat' dir='ltr'><strong>eucharistiae</strong></span> <span class='ocrx_word' id='word_1_57' title='bbox 788 934 1157 972; x_wconf 90' lang='lat' dir='ltr'><strong>sacramentum</strong></span> <span class='ocrx_word' id='word_1_58' title='bbox 1181 939 1328 981; x_wconf 91' lang='lat' dir='ltr'><strong>quam</strong></span> <span class='ocrx_word' id='word_1_59' title='bbox 1352 921 1546 979; x_wconf 89' lang='lat' dir='ltr'>plurimi</span> <span class='ocrx_word' id='word_1_60' title='bbox 1580 921 1899 977; x_wconf 79' lang='lat' dir='ltr'><strong>frequentant</strong></span> 
     </span>
     <span class='ocr_line' id='line_1_10' title="bbox 275 1002 769 1048; baseline 0.004 -2"><span class='ocrx_word' id='word_1_61' title='bbox 275 1002 322 1046; x_wconf 91' lang='lat' dir='ltr'><strong>in</strong></span> <span class='ocrx_word' id='word_1_62' title='bbox 347 1003 559 1048; x_wconf 88' lang='lat' dir='ltr'><strong>ecclesia</strong></span> <span class='ocrx_word' id='word_1_63' title='bbox 583 1012 769 1048; x_wconf 90' lang='lat' dir='ltr'><strong>nostra.</strong></span> 
     </span>
    </p>

    <p class='ocr_par' dir='ltr' id='par_1_4' title="bbox 277 1073 1901 2058">
     <span class='ocr_line' id='line_1_11' title="bbox 334 1073 1898 1124; baseline -0.004 0"><span class='ocrx_word' id='word_1_64' title='bbox 334 1079 376 1124; x_wconf 79' lang='grc'><strong>4.</strong></span> <span class='ocrx_word' id='word_1_65' title='bbox 443 1079 635 1124; x_wconf 91' lang='lat' dir='ltr'><strong>Doctor</strong></span> <span class='ocrx_word' id='word_1_66' title='bbox 668 1079 903 1124; x_wconf 82' lang='lat' dir='ltr'><strong>Ramirez</strong></span> <span class='ocrx_word' id='word_1_67' title='bbox 935 1080 947 1102; x_wconf 78' lang='lat'>¹</span> <span class='ocrx_word' id='word_1_68' title='bbox 984 1077 1155 1123; x_wconf 87' lang='lat' dir='ltr'><strong>diebus</strong></span> <span class='ocrx_word' id='word_1_69' title='bbox 1177 1077 1316 1122; x_wconf 80' lang='lat' dir='ltr'><strong>festis</strong></span> <span class='ocrx_word' id='word_1_70' title='bbox 1342 1090 1485 1120; x_wconf 91' lang='lat' dir='ltr'><strong>mane</strong></span> <span class='ocrx_word' id='word_1_71' title='bbox 1519 1074 1782 1119; x_wconf 83' lang='lat' dir='ltr'><strong>conciones</strong></span> <span class='ocrx_word' id='word_1_72' title='bbox 1814 1073 1898 1118; x_wconf 88' lang='lat' dir='ltr'><strong>ha-</strong></span> 
     </span>
     <span class='ocr_line' id='line_1_12' title="bbox 277 1150 1893 1213; baseline -0.004 -12"><span class='ocrx_word' id='word_1_73' title='bbox 277 1156 360 1200; x_wconf 93' lang='lat' dir='ltr'><strong>bet</strong></span> <span class='ocrx_word' id='word_1_74' title='bbox 382 1155 429 1200; x_wconf 93' lang='lat' dir='ltr'><strong>in</strong></span> <span class='ocrx_word' id='word_1_75' title='bbox 459 1155 696 1213; x_wconf 89' lang='lat' dir='ltr'><strong>ecclesiis,</strong></span> <span class='ocrx_word' id='word_1_76' title='bbox 725 1171 934 1212; x_wconf 83' lang='lat' dir='ltr'><strong>vespere</strong></span> <span class='ocrx_word' id='word_1_77' title='bbox 968 1163 1132 1199; x_wconf 85' lang='lat' dir='ltr'><strong>autern</strong></span> <span class='ocrx_word' id='word_1_78' title='bbox 1169 1153 1298 1198; x_wconf 93' lang='lat' dir='ltr'><strong>domi</strong></span> <span class='ocrx_word' id='word_1_79' title='bbox 1333 1161 1535 1196; x_wconf 88' lang='lat' dir='ltr'><strong>nostrae</strong></span> <span class='ocrx_word' id='word_1_80' title='bbox 1569 1166 1633 1196; x_wconf 85' lang='lat' dir='ltr'><strong>ex</strong></span> <span class='ocrx_word' id='word_1_81' title='bbox 1665 1150 1893 1195; x_wconf 90' lang='lat' dir='ltr'><strong>doctrina</strong></span> 
     </span>
     <span class='ocr_line' id='line_1_13' title="bbox 277 1226 1900 1290; baseline -0.004 -14"><span class='ocrx_word' id='word_1_82' title='bbox 277 1231 565 1286; x_wconf 88' lang='lat' dir='ltr'><strong>christiana,</strong></span> <span class='ocrx_word' id='word_1_83' title='bbox 601 1248 748 1290; x_wconf 92' lang='lat' dir='ltr'><strong>quam</strong></span> <span class='ocrx_word' id='word_1_84' title='bbox 783 1231 987 1277; x_wconf 90' lang='lat' dir='ltr'><strong>audiunt</strong></span> <span class='ocrx_word' id='word_1_85' title='bbox 1025 1245 1196 1275; x_wconf 89' lang='lat' dir='ltr'><strong>omnes</strong></span> <span class='ocrx_word' id='word_1_86' title='bbox 1234 1227 1568 1283; x_wconf 82' lang='lat' dir='ltr'><strong>libentissime,</strong></span> <span class='ocrx_word' id='word_1_87' title='bbox 1604 1236 1652 1271; x_wconf 95' lang='lat' dir='ltr'><strong>et</strong></span> <span class='ocrx_word' id='word_1_88' title='bbox 1685 1226 1900 1282; x_wconf 90' lang='lat' dir='ltr'><strong>probant</strong></span> 
     </span>
     <span class='ocr_line' id='line_1_14' title="bbox 278 1302 1899 1365; baseline -0.004 -12"><span class='ocrx_word' id='word_1_89' title='bbox 278 1323 372 1353; x_wconf 92' lang='lat' dir='ltr'><strong>non</strong></span> <span class='ocrx_word' id='word_1_90' title='bbox 407 1309 510 1353; x_wconf 91' lang='lat' dir='ltr'><strong>sine</strong></span> <span class='ocrx_word' id='word_1_91' title='bbox 544 1324 728 1365; x_wconf 85' lang='lat' dir='ltr'><strong>magna</strong></span> <span class='ocrx_word' id='word_1_92' title='bbox 763 1309 977 1365; x_wconf 91' lang='lat' dir='ltr'><strong>ipsorum</strong></span> <span class='ocrx_word' id='word_1_93' title='bbox 1011 1307 1159 1363; x_wconf 81' lang='lat' dir='ltr'><strong>fruge</strong></span> <span class='ocrx_word' id='word_1_94' title='bbox 1193 1316 1240 1351; x_wconf 92' lang='lat' dir='ltr'><strong>et</strong></span> <span class='ocrx_word' id='word_1_95' title='bbox 1273 1320 1480 1349; x_wconf 90' lang='lat' dir='ltr'><strong>numero</strong></span> <span class='ocrx_word' id='word_1_96' title='bbox 1504 1302 1791 1350; x_wconf 85' lang='lat' dir='ltr'><strong>incredibili:</strong></span> <span class='ocrx_word' id='word_1_97' title='bbox 1820 1302 1899 1359; x_wconf 91' lang='lat' dir='ltr'><strong>qui</strong></span> 
     </span>
     <span class='ocr_line' id='line_1_15' title="bbox 279 1378 1899 1442; baseline -0.005 -12"><span class='ocrx_word' id='word_1_98' title='bbox 279 1385 443 1442; x_wconf 88' lang='lat' dir='ltr'><strong>etiam,</strong></span> <span class='ocrx_word' id='word_1_99' title='bbox 471 1400 583 1430; x_wconf 92' lang='lat' dir='ltr'><strong>cum</strong></span> <span class='ocrx_word' id='word_1_100' title='bbox 608 1394 751 1441; x_wconf 90' lang='lat' dir='ltr'><strong>patre</strong></span> <span class='ocrx_word' id='word_1_101' title='bbox 785 1384 881 1429; x_wconf 91' lang='lat' dir='ltr'><strong>alio</strong></span> <span class='ocrx_word' id='word_1_102' title='bbox 916 1383 997 1439; x_wconf 86' lang='lat' dir='ltr'><strong>(ad</strong></span> <span class='ocrx_word' id='word_1_103' title='bbox 1032 1398 1121 1427; x_wconf 88' lang='lat' dir='ltr'><strong>nos</strong></span> <span class='ocrx_word' id='word_1_104' title='bbox 1154 1398 1217 1427; x_wconf 82' lang='lat' dir='ltr'><strong>ex</strong></span> <span class='ocrx_word' id='word_1_105' title='bbox 1252 1381 1470 1426; x_wconf 87' lang='lat' dir='ltr'><strong>Montille</strong></span> <span class='ocrx_word' id='word_1_106' title='bbox 1504 1379 1716 1436; x_wconf 84' lang='lat' dir='ltr'><strong>collegio</strong></span> <span class='ocrx_word' id='word_1_107' title='bbox 1751 1378 1899 1423; x_wconf 88' lang='lat' dir='ltr'><strong>misso</strong></span> 
     </span>
     <span class='ocr_line' id='line_1_16' title="bbox 280 1457 1899 1518; baseline -0.004 -11"><span class='ocrx_word' id='word_1_108' title='bbox 280 1461 451 1506; x_wconf 90' lang='lat' dir='ltr'><strong>diebus</strong></span> <span class='ocrx_word' id='word_1_109' title='bbox 485 1461 688 1518; x_wconf 84' lang='lat' dir='ltr'><strong>aliquot)</strong></span> <span class='ocrx_word' id='word_1_110' title='bbox 713 1477 775 1506; x_wconf 85' lang='lat' dir='ltr'><strong>ex</strong></span> <span class='ocrx_word' id='word_1_111' title='bbox 798 1460 979 1505; x_wconf 91' lang='lat' dir='ltr'><strong>domini</strong></span> <span class='ocrx_word' id='word_1_112' title='bbox 1013 1458 1370 1516; x_wconf 88' lang='lat' dir='ltr'><strong>archiepiscopi</strong></span> <span class='ocrx_word' id='word_1_113' title='bbox 1396 1459 1410 1482; x_wconf 75' lang='lat'><strong>²</strong></span> <span class='ocrx_word' id='word_1_114' title='bbox 1435 1457 1690 1502; x_wconf 90' lang='lat' dir='ltr'><strong>suassione</strong></span> <span class='ocrx_word' id='word_1_115' title='bbox 1714 1466 1763 1501; x_wconf 94' lang='lat' dir='ltr'><strong>et</strong></span> <span class='ocrx_word' id='word_1_116' title='bbox 1786 1471 1899 1501; x_wconf 92' lang='lat' dir='ltr'><strong>con-</strong></span> 
     </span>
     <span class='ocr_line' id='line_1_17' title="bbox 280 1534 1897 1595; baseline -0.004 -12"><span class='ocrx_word' id='word_1_117' title='bbox 280 1538 403 1595; x_wconf 91' lang='lat' dir='ltr'><strong>silio,</strong></span> <span class='ocrx_word' id='word_1_118' title='bbox 430 1537 475 1582; x_wconf 93' lang='lat' dir='ltr'><strong>in</strong></span> <span class='ocrx_word' id='word_1_119' title='bbox 500 1538 656 1583; x_wconf 88' lang='lat' dir='ltr'><strong>triuiis</strong></span> <span class='ocrx_word' id='word_1_120' title='bbox 681 1547 730 1582; x_wconf 93' lang='lat' dir='ltr'><strong>et</strong></span> <span class='ocrx_word' id='word_1_121' title='bbox 753 1537 928 1593; x_wconf 89' lang='lat' dir='ltr'><strong>plateis</strong></span> <span class='ocrx_word' id='word_1_122' title='bbox 961 1536 1226 1581; x_wconf 91' lang='lat' dir='ltr'><strong>conciones</strong></span> <span class='ocrx_word' id='word_1_123' title='bbox 1259 1535 1442 1580; x_wconf 88' lang='lat' dir='ltr'><strong>habent</strong></span> <span class='ocrx_word' id='word_1_124' title='bbox 1476 1544 1523 1579; x_wconf 91' lang='lat' dir='ltr'><strong>et</strong></span> <span class='ocrx_word' id='word_1_125' title='bbox 1556 1534 1619 1578; x_wconf 90' lang='lat' dir='ltr'><strong>ad</strong></span> <span class='ocrx_word' id='word_1_126' title='bbox 1653 1542 1897 1578; x_wconf 90' lang='lat' dir='ltr'><strong>mercato-</strong></span> 
     </span>
     <span class='ocr_line' id='line_1_18' title="bbox 278 1610 1898 1671; baseline -0.004 -12"><span class='ocrx_word' id='word_1_127' title='bbox 278 1630 375 1659; x_wconf 86' lang='lat' dir='ltr'><strong>res.</strong></span> <span class='ocrx_word' id='word_1_128' title='bbox 403 1614 479 1659; x_wconf 84' lang='lat' dir='ltr'><strong>Ex</strong></span> <span class='ocrx_word' id='word_1_129' title='bbox 504 1630 598 1671; x_wconf 94' lang='lat' dir='ltr'><strong>quo</strong></span> <span class='ocrx_word' id='word_1_130' title='bbox 624 1630 857 1670; x_wconf 85' lang='lat' dir='ltr'><strong>magnum</strong></span> <span class='ocrx_word' id='word_1_131' title='bbox 881 1614 927 1658; x_wconf 92' lang='lat' dir='ltr'><strong>in</strong></span> <span class='ocrx_word' id='word_1_132' title='bbox 951 1622 1105 1658; x_wconf 90' lang='lat' dir='ltr'><strong>totam</strong></span> <span class='ocrx_word' id='word_1_133' title='bbox 1131 1612 1382 1658; x_wconf 90' lang='lat' dir='ltr'><strong>ciuitatem</strong></span> <span class='ocrx_word' id='word_1_134' title='bbox 1417 1610 1725 1656; x_wconf 91' lang='lat' dir='ltr'><strong>commodum</strong></span> <span class='ocrx_word' id='word_1_135' title='bbox 1749 1619 1898 1665; x_wconf 92' lang='lat' dir='ltr'><strong>atque</strong></span> 
     </span>
     <span class='ocr_line' id='line_1_19' title="bbox 277 1686 1897 1745; baseline -0.004 -9"><span class='ocrx_word' id='word_1_136' title='bbox 277 1691 670 1737; x_wconf 89' lang='lat' dir='ltr'><strong>aedificationem</strong></span> <span class='ocrx_word' id='word_1_137' title='bbox 697 1691 923 1735; x_wconf 85' lang='lat' dir='ltr'><strong>videntur</strong></span> <span class='ocrx_word' id='word_1_138' title='bbox 947 1689 1227 1745; x_wconf 84' lang='lat' dir='ltr'><strong>contulisse,</strong></span> <span class='ocrx_word' id='word_1_139' title='bbox 1249 1689 1374 1733; x_wconf 87' lang='lat' dir='ltr'><strong>adeo</strong></span> <span class='ocrx_word' id='word_1_140' title='bbox 1400 1697 1452 1733; x_wconf 89' lang='lat' dir='ltr'><strong>vt</strong></span> <span class='ocrx_word' id='word_1_141' title='bbox 1476 1697 1586 1744; x_wconf 92' lang='lat' dir='ltr'><strong>post</strong></span> <span class='ocrx_word' id='word_1_142' title='bbox 1609 1686 1897 1731; x_wconf 91' lang='lat' dir='ltr'><strong>concionem</strong></span> 
     </span>
     <span class='ocr_line' id='line_1_20' title="bbox 278 1764 1899 1819; baseline -0.003 -5"><span class='ocrx_word' id='word_1_143' title='bbox 278 1769 497 1814; x_wconf 91' lang='lat' dir='ltr'><strong>habitam</strong></span> <span class='ocrx_word' id='word_1_144' title='bbox 522 1768 581 1813; x_wconf 92' lang='lat' dir='ltr'><strong>de</strong></span> <span class='ocrx_word' id='word_1_145' title='bbox 606 1767 939 1813; x_wconf 91' lang='lat' dir='ltr'><strong>venditionum</strong></span> <span class='ocrx_word' id='word_1_146' title='bbox 964 1766 1306 1812; x_wconf 78' lang='lat' dir='ltr'><strong>fraudulentiis</strong></span> <span class='ocrx_word' id='word_1_147' title='bbox 1340 1781 1399 1811; x_wconf 90' lang='lat' dir='ltr'><strong>ac</strong></span> <span class='ocrx_word' id='word_1_148' title='bbox 1433 1764 1760 1819; x_wconf 86' lang='lat' dir='ltr'><strong>restitutione,</strong></span> <span class='ocrx_word' id='word_1_149' title='bbox 1787 1777 1899 1809; x_wconf 81' lang='lat' dir='ltr'><strong>cum</strong></span> 
     </span>
     <span class='ocr_line' id='line_1_21' title="bbox 281 1840 1899 1902; baseline -0.004 -11"><span class='ocrx_word' id='word_1_150' title='bbox 281 1846 505 1902; x_wconf 89' lang='lat' dir='ltr'><strong>sequenti</strong></span> <span class='ocrx_word' id='word_1_151' title='bbox 544 1846 619 1891; x_wconf 94' lang='lat' dir='ltr'><strong>die</strong></span> <span class='ocrx_word' id='word_1_152' title='bbox 663 1845 919 1902; x_wconf 88' lang='lat' dir='ltr'><strong>quisquam</strong></span> <span class='ocrx_word' id='word_1_153' title='bbox 964 1844 1247 1901; x_wconf 83' lang='lat' dir='ltr'><strong>exquireret</strong></span> <span class='ocrx_word' id='word_1_154' title='bbox 1290 1851 1622 1888; x_wconf 88' lang='lat' dir='ltr'><strong>mercatorem</strong></span> <span class='ocrx_word' id='word_1_155' title='bbox 1666 1840 1899 1896; x_wconf 89' lang='lat' dir='ltr'><strong>aliquem,</strong></span> 
     </span>
     <span class='ocr_line' id='line_1_22' title="bbox 281 1917 1900 1980; baseline -0.006 -12"><span class='ocrx_word' id='word_1_156' title='bbox 281 1923 361 1980; x_wconf 90' lang='lat' dir='ltr'><strong>qui</strong></span> <span class='ocrx_word' id='word_1_157' title='bbox 388 1923 535 1968; x_wconf 89' lang='lat' dir='ltr'><strong>vellet</strong></span> <span class='ocrx_word' id='word_1_158' title='bbox 559 1923 649 1968; x_wconf 90' lang='lat' dir='ltr'><strong>sibi</strong></span> <span class='ocrx_word' id='word_1_159' title='bbox 674 1937 934 1967; x_wconf 88' lang='lat' dir='ltr'><strong>versuram</strong></span> <span class='ocrx_word' id='word_1_160' title='bbox 964 1921 1150 1978; x_wconf 78' lang='lat' dir='ltr'><strong>facere,</strong></span> <span class='ocrx_word' id='word_1_161' title='bbox 1177 1920 1417 1966; x_wconf 91' lang='lat' dir='ltr'><strong>neminem</strong></span> <span class='ocrx_word' id='word_1_162' title='bbox 1442 1918 1522 1975; x_wconf 91' lang='lat' dir='ltr'><strong>qui</strong></span> <span class='ocrx_word' id='word_1_163' title='bbox 1546 1918 1738 1963; x_wconf 75' lang='lat' dir='ltr'><strong>faceret</strong></span> <span class='ocrx_word' id='word_1_164' title='bbox 1771 1917 1900 1962; x_wconf 92' lang='lat' dir='ltr'><strong>inue-</strong></span> 
     </span>
     <span class='ocr_line' id='line_1_23' title="bbox 278 1994 1901 2058; baseline -0.005 -12"><span class='ocrx_word' id='word_1_165' title='bbox 278 2000 362 2058; x_wconf 91' lang='lat' dir='ltr'><strong>nit,</strong></span> <span class='ocrx_word' id='word_1_166' title='bbox 390 2016 501 2046; x_wconf 89' lang='lat' dir='ltr'><strong>cum</strong></span> <span class='ocrx_word' id='word_1_167' title='bbox 526 2001 678 2045; x_wconf 91' lang='lat' dir='ltr'><strong>multa</strong></span> <span class='ocrx_word' id='word_1_168' title='bbox 710 2001 834 2046; x_wconf 89' lang='lat' dir='ltr'><strong>alias</strong></span> <span class='ocrx_word' id='word_1_169' title='bbox 867 2016 897 2045; x_wconf 88' lang='lat' dir='ltr'><strong>a</strong></span> <span class='ocrx_word' id='word_1_170' title='bbox 932 2016 985 2045; x_wconf 90' lang='lat' dir='ltr'><strong>re</strong></span> <span class='ocrx_word' id='word_1_171' title='bbox 1020 1999 1188 2044; x_wconf 90' lang='lat' dir='ltr'><strong>illicita</strong></span> <span class='ocrx_word' id='word_1_172' title='bbox 1222 1999 1495 2055; x_wconf 85' lang='lat' dir='ltr'><strong>impostura</strong></span> <span class='ocrx_word' id='word_1_173' title='bbox 1528 1997 1574 2041; x_wconf 92' lang='lat' dir='ltr'><strong>in</strong></span> <span class='ocrx_word' id='word_1_174' title='bbox 1610 1995 1710 2041; x_wconf 92' lang='lat' dir='ltr'><strong>suis</strong></span> <span class='ocrx_word' id='word_1_175' title='bbox 1735 1994 1901 2039; x_wconf 90' lang='lat' dir='ltr'><strong>vendi-</strong></span> 
     </span>
    </p>
   </div>
   <div class='ocr_carea' id='block_1_3' title="bbox 279 2072 1905 2133">
    <p class='ocr_par' dir='ltr' id='par_1_5' title="bbox 279 2072 1905 2133">
     <span class='ocr_line' id='line_1_24' title="bbox 279 2072 1905 2133; baseline -0.004 -10"><span class='ocrx_word' id='word_1_176' title='bbox 279 2077 492 2123; x_wconf 90' lang='lat' dir='ltr'><strong>tionibus</strong></span> <span class='ocrx_word' id='word_1_177' title='bbox 514 2077 812 2133; x_wconf 90' lang='lat' dir='ltr'><strong>suspicanda</strong></span> <span class='ocrx_word' id='word_1_178' title='bbox 836 2087 960 2123; x_wconf 88' lang='lat' dir='ltr'><strong>erat.</strong></span> <span class='ocrx_word' id='word_1_179' title='bbox 985 2077 1128 2122; x_wconf 92' lang='lat' dir='ltr'><strong>Nunc</strong></span> <span class='ocrx_word' id='word_1_180' title='bbox 1162 2092 1286 2121; x_wconf 90' lang='lat' dir='ltr'><strong>vero</strong></span> <span class='ocrx_word' id='word_1_181' title='bbox 1320 2076 1448 2120; x_wconf 88' lang='lat' dir='ltr'><strong>alter</strong></span> <span class='ocrx_word' id='word_1_182' title='bbox 1482 2089 1654 2119; x_wconf 90' lang='lat' dir='ltr'><strong>eorum</strong></span> <span class='ocrx_word' id='word_1_183' title='bbox 1683 2072 1905 2117; x_wconf 88' lang='lat' dir='ltr'><strong>secundo</strong></span> 
     </span>
    </p>
   </div>
   <div class='ocr_carea' id='block_1_4' title="bbox 279 2148 1903 2593">
    <p class='ocr_par' dir='ltr' id='par_1_6' title="bbox 279 2148 1900 2364">
     <span class='ocr_line' id='line_1_25' title="bbox 280 2148 1900 2212; baseline -0.004 -13"><span class='ocrx_word' id='word_1_184' title='bbox 280 2169 474 2212; x_wconf 89' lang='lat' dir='ltr'><strong>quoque</strong></span> <span class='ocrx_word' id='word_1_185' title='bbox 499 2163 547 2199; x_wconf 93' lang='lat' dir='ltr'><strong>et</strong></span> <span class='ocrx_word' id='word_1_186' title='bbox 571 2164 748 2210; x_wconf 90' lang='lat' dir='ltr'><strong>quarto</strong></span> <span class='ocrx_word' id='word_1_187' title='bbox 779 2154 1013 2210; x_wconf 90' lang='lat' dir='ltr'><strong>cuiusque</strong></span> <span class='ocrx_word' id='word_1_188' title='bbox 1047 2152 1388 2198; x_wconf 90' lang='lat' dir='ltr'><strong>hebdomadae</strong></span> <span class='ocrx_word' id='word_1_189' title='bbox 1418 2151 1494 2196; x_wconf 92' lang='lat' dir='ltr'><strong>die</strong></span> <span class='ocrx_word' id='word_1_190' title='bbox 1528 2164 1807 2196; x_wconf 91' lang='lat' dir='ltr'><strong>sermonem</strong></span> <span class='ocrx_word' id='word_1_191' title='bbox 1831 2148 1900 2193; x_wconf 84' lang='lat' dir='ltr'><strong>fa-</strong></span> 
     </span>
     <span class='ocr_line' id='line_1_26' title="bbox 279 2225 1899 2284; baseline -0.005 -7"><span class='ocrx_word' id='word_1_192' title='bbox 279 2232 344 2277; x_wconf 93' lang='lat' dir='ltr'><strong>cit</strong></span> <span class='ocrx_word' id='word_1_193' title='bbox 368 2231 427 2276; x_wconf 93' lang='lat' dir='ltr'><strong>de</strong></span> <span class='ocrx_word' id='word_1_194' title='bbox 452 2231 763 2276; x_wconf 90' lang='lat' dir='ltr'><strong>restitutione</strong></span> <span class='ocrx_word' id='word_1_195' title='bbox 787 2230 971 2276; x_wconf 90' lang='lat' dir='ltr'><strong>eisdem</strong></span> <span class='ocrx_word' id='word_1_196' title='bbox 997 2229 1361 2275; x_wconf 87' lang='lat' dir='ltr'><strong>mercatoribus</strong></span> <span class='ocrx_word' id='word_1_197' title='bbox 1385 2228 1447 2273; x_wconf 89' lang='lat' dir='ltr'><strong>ad</strong></span> <span class='ocrx_word' id='word_1_198' title='bbox 1472 2228 1691 2284; x_wconf 89' lang='lat' dir='ltr'><strong>ipsorum</strong></span> <span class='ocrx_word' id='word_1_199' title='bbox 1715 2225 1899 2281; x_wconf 88' lang='lat' dir='ltr'><strong>limina,</strong></span> 
     </span>
     <span class='ocr_line' id='line_1_27' title="bbox 282 2306 1110 2364; baseline -0.002 -11"><span class='ocrx_word' id='word_1_200' title='bbox 282 2323 467 2364; x_wconf 86' lang='lat' dir='ltr'><strong>magna</strong></span> <span class='ocrx_word' id='word_1_201' title='bbox 491 2307 766 2352; x_wconf 90' lang='lat' dir='ltr'><strong>confluente</strong></span> <span class='ocrx_word' id='word_1_202' title='bbox 791 2306 1110 2352; x_wconf 91' lang='lat' dir='ltr'><strong>multitudine.</strong></span> 
     </span>
    </p>

    <p class='ocr_par' dir='ltr' id='par_1_7' title="bbox 282 2378 1903 2593">
     <span class='ocr_line' id='line_1_28' title="bbox 339 2378 1901 2439; baseline -0.004 -10"><span class='ocrx_word' id='word_1_203' title='bbox 339 2385 382 2430; x_wconf 76' lang='lat'><strong>5.</strong></span> <span class='ocrx_word' id='word_1_204' title='bbox 450 2383 694 2439; x_wconf 81' lang='lat' dir='ltr'><strong>Magister</strong></span> <span class='ocrx_word' id='word_1_205' title='bbox 728 2383 978 2428; x_wconf 85' lang='lat' dir='ltr'><strong>Albotodo</strong></span> <span class='ocrx_word' id='word_1_206' title='bbox 1012 2383 1235 2438; x_wconf 89' lang='lat' dir='ltr'><strong>arabyca</strong></span> <span class='ocrx_word' id='word_1_207' title='bbox 1273 2381 1443 2437; x_wconf 87' lang='lat' dir='ltr'><strong>lingua</strong></span> <span class='ocrx_word' id='word_1_208' title='bbox 1477 2379 1617 2425; x_wconf 91' lang='lat' dir='ltr'><strong>nouis</strong></span> <span class='ocrx_word' id='word_1_209' title='bbox 1651 2378 1901 2424; x_wconf 88' lang='lat' dir='ltr'><strong>christico-</strong></span> 
     </span>
     <span class='ocr_line' id='line_1_29' title="bbox 282 2457 1903 2516; baseline -0.005 -10"><span class='ocrx_word' id='word_1_210' title='bbox 282 2461 339 2505; x_wconf 90' lang='lat' dir='ltr'><strong>lis</strong></span> <span class='ocrx_word' id='word_1_211' title='bbox 363 2461 703 2516; x_wconf 85' lang='lat' dir='ltr'><strong>concionatur,</strong></span> <span class='ocrx_word' id='word_1_212' title='bbox 730 2476 760 2505; x_wconf 90' lang='lat' dir='ltr'><strong>a</strong></span> <span class='ocrx_word' id='word_1_213' title='bbox 785 2460 958 2516; x_wconf 91' lang='lat' dir='ltr'><strong>quibus</strong></span> <span class='ocrx_word' id='word_1_214' title='bbox 982 2459 1127 2504; x_wconf 90' lang='lat' dir='ltr'><strong>valde</strong></span> <span class='ocrx_word' id='word_1_215' title='bbox 1152 2457 1387 2515; x_wconf 84' lang='lat' dir='ltr'><strong>diligitur,</strong></span> <span class='ocrx_word' id='word_1_216' title='bbox 1415 2457 1543 2513; x_wconf 89' lang='lat' dir='ltr'><strong>quod</strong></span> <span class='ocrx_word' id='word_1_217' title='bbox 1574 2471 1669 2500; x_wconf 94' lang='lat' dir='ltr'><strong>non</strong></span> <span class='ocrx_word' id='word_1_218' title='bbox 1693 2469 1903 2512; x_wconf 87' lang='lat' dir='ltr'><strong>paruam</strong></span> 
     </span>
     <span class='ocr_line' id='line_1_30' title="bbox 282 2535 1161 2593; baseline -0.003 -11"><span class='ocrx_word' id='word_1_219' title='bbox 282 2538 328 2582; x_wconf 93' lang='lat' dir='ltr'><strong>in</strong></span> <span class='ocrx_word' id='word_1_220' title='bbox 353 2537 424 2582; x_wconf 86' lang='lat' dir='ltr'><strong>eis</strong></span> <span class='ocrx_word' id='word_1_221' title='bbox 447 2552 583 2592; x_wconf 90' lang='lat' dir='ltr'><strong>spem</strong></span> <span class='ocrx_word' id='word_1_222' title='bbox 609 2535 862 2593; x_wconf 77' lang='lat' dir='ltr'><strong>profectus</strong></span> <span class='ocrx_word' id='word_1_223' title='bbox 886 2536 1161 2593; x_wconf 89' lang='lat' dir='ltr'><strong>pollicetur.</strong></span> 
     </span>
    </p>
   </div>
   <div class='ocr_carea' id='block_1_5' title="bbox 337 2609 1902 2669">
    <p class='ocr_par' dir='ltr' id='par_1_8' title="bbox 337 2609 1902 2669">
     <span class='ocr_line' id='line_1_31' title="bbox 337 2609 1902 2669; baseline -0.003 -11"><span class='ocrx_word' id='word_1_224' title='bbox 337 2614 379 2659; x_wconf 76' lang='lat'><strong>6.</strong></span> <span class='ocrx_word' id='word_1_225' title='bbox 447 2613 686 2658; x_wconf 88' lang='lat' dir='ltr'><strong>Dominus</strong></span> <span class='ocrx_word' id='word_1_226' title='bbox 720 2613 1121 2669; x_wconf 88' lang='lat' dir='ltr'><strong>archiepiscopus</strong></span> <span class='ocrx_word' id='word_1_227' title='bbox 1155 2627 1243 2656; x_wconf 90' lang='lat' dir='ltr'><strong>nos</strong></span> <span class='ocrx_word' id='word_1_228' title='bbox 1277 2609 1480 2655; x_wconf 89' lang='lat' dir='ltr'><strong>mirifice</strong></span> <span class='ocrx_word' id='word_1_229' title='bbox 1516 2609 1827 2666; x_wconf 88' lang='lat' dir='ltr'><strong>amplectitur</strong></span> <span class='ocrx_word' id='word_1_230' title='bbox 1852 2617 1902 2653; x_wconf 91' lang='lat' dir='ltr'><strong>et</strong></span> 
     </span>
    </p>
   </div>
   <div class='ocr_carea' id='block_1_6' title="bbox 282 2687 1913 2747">
    <p class='ocr_par' dir='ltr' id='par_1_9' title="bbox 282 2687 1913 2747">
     <span class='ocr_line' id='line_1_32' title="bbox 282 2687 1913 2747; baseline -0.004 -11"><span class='ocrx_word' id='word_1_231' title='bbox 282 2691 642 2747; x_wconf 80' lang='lat' dir='ltr'><strong>patrocinatur;</strong></span> <span class='ocrx_word' id='word_1_232' title='bbox 669 2690 715 2735; x_wconf 90' lang='lat' dir='ltr'><strong>in</strong></span> <span class='ocrx_word' id='word_1_233' title='bbox 740 2690 1043 2747; x_wconf 87' lang='lat' dir='ltr'><strong>spiritalibus</strong></span> <span class='ocrx_word' id='word_1_234' title='bbox 1076 2689 1202 2733; x_wconf 85' lang='lat' dir='ltr'><strong>enirn</strong></span> <span class='ocrx_word' id='word_1_235' title='bbox 1236 2687 1541 2744; x_wconf 78' lang='lat' dir='ltr'><strong>frequentius</strong></span> <span class='ocrx_word' id='word_1_236' title='bbox 1566 2687 1696 2731; x_wconf 92' lang='lat' dir='ltr'><strong>illum</strong></span> <span class='ocrx_word' id='word_1_237' title='bbox 1730 2700 1913 2731; x_wconf 68' lang='lat' dir='ltr'><strong>consu--</strong></span> 
     </span>
    </p>
   </div>
   <div class='ocr_carea' id='block_1_7' title="bbox 280 2765 1903 2900">
    <p class='ocr_par' dir='ltr' id='par_1_10' title="bbox 280 2765 1903 2900">
     <span class='ocr_line' id='line_1_33' title="bbox 280 2765 1903 2823; baseline -0.004 -10"><span class='ocrx_word' id='word_1_238' title='bbox 280 2769 436 2813; x_wconf 90' lang='lat' dir='ltr'><strong>lentes</strong></span> <span class='ocrx_word' id='word_1_239' title='bbox 459 2767 743 2823; x_wconf 82' lang='lat' dir='ltr'><strong>edocemur,</strong></span> <span class='ocrx_word' id='word_1_240' title='bbox 770 2778 817 2811; x_wconf 95' lang='lat' dir='ltr'><strong>et</strong></span> <span class='ocrx_word' id='word_1_241' title='bbox 842 2766 1022 2822; x_wconf 89' lang='lat' dir='ltr'><strong>pietate</strong></span> <span class='ocrx_word' id='word_1_242' title='bbox 1046 2765 1200 2821; x_wconf 89' lang='lat' dir='ltr'><strong>patris</strong></span> <span class='ocrx_word' id='word_1_243' title='bbox 1224 2765 1516 2810; x_wconf 89' lang='lat' dir='ltr'><strong>consolatur</strong></span> <span class='ocrx_word' id='word_1_244' title='bbox 1551 2773 1599 2809; x_wconf 91' lang='lat' dir='ltr'><strong>et</strong></span> <span class='ocrx_word' id='word_1_245' title='bbox 1632 2778 1816 2819; x_wconf 88' lang='lat' dir='ltr'><strong>magna</strong></span> <span class='ocrx_word' id='word_1_246' title='bbox 1839 2777 1903 2807; x_wconf 86' lang='lat' dir='ltr'><strong>ex</strong></span> 
     </span>
     <span class='ocr_line' id='line_1_34' title="bbox 281 2839 1901 2900; baseline -0.003 -11"><span class='ocrx_word' id='word_1_247' title='bbox 281 2856 420 2900; x_wconf 87' lang='lat' dir='ltr'><strong>parte</strong></span> <span class='ocrx_word' id='word_1_248' title='bbox 444 2844 730 2888; x_wconf 80' lang='lat' dir='ltr'><strong>necessaria</strong></span> <span class='ocrx_word' id='word_1_249' title='bbox 755 2843 886 2888; x_wconf 88' lang='lat' dir='ltr'><strong>vitae</strong></span> <span class='ocrx_word' id='word_1_250' title='bbox 909 2842 1048 2887; x_wconf 92' lang='lat' dir='ltr'><strong>nobis</strong></span> <span class='ocrx_word' id='word_1_251' title='bbox 1072 2841 1427 2897; x_wconf 88' lang='lat' dir='ltr'><strong>subministrat,</strong></span> <span class='ocrx_word' id='word_1_252' title='bbox 1455 2849 1503 2885; x_wconf 93' lang='lat' dir='ltr'><strong>vt</strong></span> <span class='ocrx_word' id='word_1_253' title='bbox 1528 2840 1699 2885; x_wconf 89' lang='lat' dir='ltr'><strong>melius</strong></span> <span class='ocrx_word' id='word_1_254' title='bbox 1724 2855 1786 2885; x_wconf 84' lang='lat' dir='ltr'><strong>ex</strong></span> <span class='ocrx_word' id='word_1_255' title='bbox 1810 2839 1901 2884; x_wconf 87' lang='lat' dir='ltr'><strong>Pa-</strong></span> 
     </span>
    </p>
   </div>
   <div class='ocr_carea' id='block_1_8' title="bbox 398 2960 563 2963">
    <p class='ocr_par' dir='ltr' id='par_1_11' title="bbox 398 2960 563 2963">
     <span class='ocr_line' id='line_1_35' title="bbox 398 2960 563 2963; baseline 0 0"><span class='ocrx_word' id='word_1_256' title='bbox 398 2960 563 2963; x_wconf 95' lang='lat' dir='ltr'><strong> </strong></span> 
     </span>
    </p>
   </div>
   <div class='ocr_carea' id='block_1_9' title="bbox 329 3022 857 3119">
    <p class='ocr_par' dir='ltr' id='par_1_12' title="bbox 329 3022 857 3119">
     <span class='ocr_line' id='line_1_36' title="bbox 332 3022 857 3068; baseline -0.002 -10"><span class='ocrx_word' id='word_1_257' title='bbox 332 3025 340 3042; x_wconf 84' lang='lat'>¹</span> <span class='ocrx_word' id='word_1_258' title='bbox 392 3022 436 3058; x_wconf 72' lang='lat' dir='ltr'><strong>P.</strong></span> <span class='ocrx_word' id='word_1_259' title='bbox 455 3022 632 3068; x_wconf 75' lang='lat' dir='ltr'><strong>joannes</strong></span> <span class='ocrx_word' id='word_1_260' title='bbox 651 3022 857 3058; x_wconf 65' lang='lat' dir='ltr'><strong>Ramirez.</strong></span> 
     </span>
     <span class='ocr_line' id='line_1_37' title="bbox 329 3081 780 3119; baseline 0 -1"><span class='ocrx_word' id='word_1_261' title='bbox 329 3082 341 3101; x_wconf 72' lang='lat'><strong>‘²</strong></span> <span class='ocrx_word' id='word_1_262' title='bbox 392 3082 537 3118; x_wconf 82' lang='lat' dir='ltr'><strong>Petrus</strong></span> <span class='ocrx_word' id='word_1_263' title='bbox 556 3081 780 3119; x_wconf 80' lang='lat' dir='ltr'><strong>Guerrero.</strong></span> 
     </span>
    </p>
   </div>
  </div>
 </body>
</html>
