2051 3516
295 298 361 336 102
759 298 974 334 LITTERAE
1001 296 1353 341 QUADRIMESTRES

248 393 337 438 che
361 392 788 449 gagliardamente
815 392 1137 446 combatesse,
1163 388 1376 444 risposse
1401 404 1497 432 non
1523 397 1708 432 temere
1733 386 1872 431 altro·

244 468 333 513 che
364 469 409 512 la
448 468 676 512 dilatione
701 467 745 511 di
781 478 953 523 questa
987 466 1087 510 uita
1122 467 1152 510 ¹.
1190 463 1263 508 Fu
1293 465 1483 519 sepolto
1519 463 1630 507 nela
1667 461 1859 506 chiessa

245 544 530 589 cathedrale
554 544 597 588 di
623 542 777 589 Santo
803 543 1044 588 LorenZO.
1072 542 1192 586 Nele
1217 540 1448 596 obsequie
1473 540 1503 584 il
1529 539 1700 595 signor
1720 537 1860 582 deca-

245 636 306 665 no
327 636 418 665 con
438 620 546 665 tutti
568 620 595 664 li
617 619 838 664 canonici
859 618 1110 663 dichiarat'
1136 618 1296 662 hanno
1317 615 1522 660 affetion
1543 614 1733 671 grande
1753 629 1860 658 uer-

248 711 304 741 so
330 696 373 740 di
399 696 493 741 noi.

303 772 344 817 3.
419 770 586 816 Siamo
609 778 625 797 ³
654 771 699 815 in
730 780 900 826 questo
933 769 1142 825 collegio
1173 768 1379 814 duodeci
1409 769 1441 818 2,
1474 767 1592 812 fuor
1618 766 1663 810 di
1688 777 1863 822 quatro

247 848 335 893 che
359 847 420 892 da
445 848 667 903 proximo
692 862 872 891 sarano
897 845 1122 899 admessi,
1149 855 1196 889 et
1228 847 1267 889 si
1292 859 1429 889 come
1461 857 1628 899 penso,
1666 843 1861 898 prestis-

246 923 368 967 simo
393 923 645 967 andarano
670 925 807 967 costi.
834 921 966 967 Sono
1000 922 1124 966 nelle
1148 935 1299 977 grece
1323 931 1368 964 et
1403 919 1551 964 latine
1571 918 1743 963 lettere
1766 934 1862 963 me-

247 999 580 1043 diocremente
619 998 756 1053 dotti,
792 1013 870 1042 ma
904 997 1146 1053 d‘ingenio
1182 1006 1228 1042 et
1261 996 1391 1041 uirtu
1431 994 1704 1039 excellente
1736 1003 1784 1039 et
1817 994 1862 1038 di

249 1075 441 1131 grande
466 1074 836 1119 mansuetudine
861 1074 904 1118 di
929 1074 1106 1118 animo.

337 1150 522 1206 Questo
547 1151 688 1195 basta
713 1149 846 1194 circa
871 1150 914 1195 le
938 1165 1051 1194 cose
1077 1149 1121 1193 di
1147 1163 1280 1205 casa3
1305 1148 1585 1204 parlaremo
1605 1147 1785 1191 adesso
1805 1147 1864 1191 de

248 1228 292 1271 le
311 1238 477 1271 nostre
501 1226 681 1271 schole.

307 1303 348 1346 4.
416 1302 692 1347 Habbiamo
717 1302 846 1346 assai
881 1301 959 1357 piu
994 1301 1205 1346 scholari
1241 1301 1329 1345 che
1364 1300 1537 1356 prima,
1576 1310 1622 1345 et
1653 1299 1714 1344 mi
1739 1315 1862 1355 pare

249 1379 336 1441 che
361 1378 502 1422 l'odio
537 1378 741 1422 d'alcuni
776 1393 954 1433 mosso,
983 1378 1011 1421 li
1037 1377 1182 1433 qualli
1217 1392 1427 1432 appreso
1462 1377 1493 1420 il
1526 1377 1677 1431 uolgo
1711 1391 1866 1420 erano

249 1455 428 1499 stimati
454 1454 601 1503 assai.
629 1469 796 1499 essere
821 1454 865 1498 in
889 1469 1014 1509 gran
1035 1454 1199 1509 gratia
1223 1464 1270 1498 et
1293 1453 1637 1497 beneuolentia
1657 1461 1859 1497 mutato.

250 1531 437 1587 Questo
461 1530 581 1574 farsi
607 1530 667 1574 da
688 1530 714 1574 li
741 1530 955 1585 discipoli
980 1545 1072 1573 non
1100 1532 1125 1573 e
1149 1529 1340 1584 grande
1359 1528 1671 1585 marauiglia,
1694 1528 1864 1584 poiche

250 1606 410 1652 alcuni
435 1607 492 1651 de
516 1606 546 1650 li
571 1606 740 1651 mastri
766 1606 943 1661 publici
968 1606 1056 1650 che
1090 1606 1247 1662 prima
1280 1607 1516 1650 soleuano
1551 1621 1580 1649 a
1614 1604 1865 1650 l’instituto

250 1692 419 1728 nostro
443 1693 489 1727 et
514 1683 682 1727 ordine
707 1683 1016 1738 d'insegnare
1051 1682 1347 1737 conti-adire,
1385 1683 1545 1738 quello
1569 1692 1729 1727 stesso
1754 1697 1874 1737 pro--

252 1760 376 1804 beno
401 1759 576 1804 adesso
600 1768 647 1803 et
682 1759 871 1803 lodeno.
911 1758 1055 1804 Oltra
1089 1759 1133 1802 di
1169 1761 1259 1815 cio,
1296 1759 1457 1803 alcuni
1493 1758 1621 1814 altri,
1660 1758 1863 1802 acioche

255 1836 434 1892 meglio
460 1850 669 1891 possano
694 1836 741 1880 al
764 1850 852 1879 suo
884 1835 1075 1891 publico
1110 1835 1266 1880 offitio
1300 1835 1561 1890 sodisfare,
1603 1835 1641 1880 si
1677 1833 1865 1879 aconsi-

252 1912 418 1969 gliano
437 1927 528 1956 con
553 1912 582 1956 li
605 1912 774 1967 nostri3
803 1927 956 1956 usano
976 1911 1021 1956 di
1041 1913 1087 1956 la
1105 1913 1177 1956 lor
1197 1912 1414 1956 dotti·ina
1433 1923 1479 1956 et
1498 1926 1688 1968 regono
1708 1911 1737 1956 li
1757 1911 1865 1956 loro

247 1988 465 2034 scholari
489 1988 703 2033 secondo
728 1988 770 2032 le
794 1989 963 2044 regole
988 1988 1051 2033 dil
1074 1999 1243 2033 nostro
1267 1988 1493 2045 collegio.

309 2065 351 2109 5.
418 2063 642 2109 Hauemo
668 2064 860 2108 ducenti
886 2065 1114 2116 scholari,
1142 2065 1255 2109 fuor
1280 2064 1322 2109 di
1349 2065 1494 2121 quelli
1520 2065 1609 2109 che
1633 2065 1671 2109 si
1699 2073 1865 2109 troua-

251 2156 313 2186 no
338 2141 446 2185 nele
469 2140 633 2185 letioni
657 2140 721 2184 dil
745 2140 942 2185 fratello
967 2150 1134 2185 nostro
1158 2140 1350 2198 joanne
1374 2141 1592 2186 Antonio
1616 2142 1631 2165 3
1656 2141 1687 2185 il
1722 2141 1873 2196 quale·

252 2217 366 2273 lege
390 2217 437 2261 la
461 2216 649 2272 Topica
672 2216 730 2260 de
755 2215 996 2261 Cicerone
1020 2231 1111 2261 con
1137 2226 1275 2261 tanta
1300 2217 1627 2261 admiratione
1652 2217 1710 2261 de
1735 2216 1862 2271 tutti,

253 2293 341 2338 che
365 2292 538 2337 dicono
562 2307 657 2336 non
682 2292 835 2337 hauer
859 2293 984 2337 uisto
1011 2308 1127 2337 cosa
1160 2293 1313 2338 simile
1348 2293 1392 2337 in
1424 2304 1596 2349 questa
1628 2293 1873 2338 uniuersi-⁷

253 2372 321 2413 ta.
349 2369 421 2413 Ne
445 2379 580 2413 tanto
605 2368 663 2413 de
687 2369 733 2413 la
756 2384 880 2424 poca
905 2371 982 2413 eta
1003 2369 1064 2413 dil
1088 2369 1368 2424 professore
1392 2369 1411 2396 b
1439 2370 1477 2414 si
1501 2369 1873 2426 marauigliano

301 2522 320 2540 a
370 2520 479 2558 Simo
502 2531 579 2557 ms.
632 2520 697 2547 —b
718 2520 991 2566 professerore
1013 2532 1091 2558 ms.

303 2657 311 2675 ¹
367 2654 428 2691 Cf.
447 2655 688 2697 POLANCUM,
708 2656 781 2690 loc.
803 2655 883 2697 eit..
907 2654 984 2691 109.

301 2715 314 2733 ²
363 2713 406 2749 In
426 2713 593 2758 epistola
612 2713 656 2749 P.
678 2712 924 2749 Mercuriani
944 2713 1022 2749 diei
1040 2713 1062 2748 6
1076 2713 1258 2759 Januarii
1274 2714 1391 2760 hujus
1407 2715 1513 2760 anni,
1532 2715 1570 2751 hi
1585 2720 1864 2753 recensentur:

253 2771 298 2808 P.
331 2771 518 2808 Andreas
549 2771 808 2812 Galuaneuo,
841 2771 885 2807 P.
919 2771 1103 2807 Francho
1133 2772 1242 2815 Diaz,
1277 2773 1344 2810 Fr.
1367 2773 1457 2811 Gio.
1491 2773 1614 2811 Ant.O
1641 2774 1872 2821 Viperanoy

255 2830 322 2867 Fr.
344 2830 482 2866 Marco
506 2829 667 2874 Valdes,
690 2829 756 2866 Fr.
778 2829 938 2877 Gaspar
956 2830 1223 2876 d'Auignone,
1254 2831 1321 2867 Fr.
1351 2832 1441 2870 Gio.
1463 2832 1630 2878 Leunis‚
1649 2833 1717 2870 Fr.
1735 2833 1867 2869 Batt.a

255 2888 487 2931 Ferrarese,
510 2888 575 2925 Fr.
598 2888 781 2925 Francho
801 2888 1004 2930 Mercado,
1027 2888 1259 2936 Vuolfango
1285 2890 1476 2935 Bohemo,
1506 2891 1574 2928 Fr.
1605 2891 1699 2929 Gio.
1728 2891 1867 2928 Mode-

255 2960 363 2992 nese,
385 2947 452 2983 Fr.
482 2947 657 2993 Virgilio
684 2948 733 2983 da
761 2947 982 2984 Mattelica.
1014 2947 1060 2984 In
1078 2948 1211 2985 codice
1244 2948 1475 2994 Insormczt.
1498 2952 1718 2997 antiquae,
1741 2963 1778 2988 n.
1806 2951 1873 2997 742

255 3006 364 3052 prius
382 3005 463 3042 2¹24.

301 3065 314 3084 3
359 3064 536 3110 Joannes
555 3065 756 3101 Antonius
777 3065 1021 3112 Viperanus.
1042 3065 1271 3111 POLANCUS,
1294 3069 1367 3104 loc.
1389 3068 1470 3111 cit„
1495 3068 1572 3105 111.
