2051 3516
315 339 415 365 xvm
780 326 997 363 LITTERAE
1023 325 1373 371 QUADRIMESTRES

271 432 422 480 tenga
461 423 507 467 la
541 421 807 467 medesima
836 420 1013 477 forma,
1039 436 1091 466 se
1116 412 1209 465 non
1249 420 1287 465 si
1325 420 1492 465 auessi
1530 420 1727 466 licentia
1756 420 1887 466 dalla

273 509 431 558 parte,
468 500 557 544 che
592 499 748 544 allora
783 515 877 544 non
907 498 949 543 ci
973 498 1107 543 saria
1140 498 1207 543 tal
1246 497 1488 554 pericolo»
1517 499 1547 542 ¹.
1577 497 1701 542 Cum
1727 507 1890 543 autem

207 581 216 589 '
274 592 402 622 anno
449 575 562 621 1560
603 575 866 621 universae
916 573 1016 631 jam
1061 572 1299 620 Societati
1344 589 1562 619 summus
1606 574 1892 619 moderator

274 661 546 710 praeesset,
581 651 849 709 Hispaniae
888 651 1272 708 provincialibus
1312 651 1435 696 haec
1472 651 1681 707 scripsit:
1719 650 1893 696 «Estos

275 731 380 775 dias
403 745 455 775 se
480 729 621 774 enbio
655 730 702 773 la
735 728 897 773 forma
921 728 997 773 del
1022 728 1212 773 screuir
1235 728 1293 773 de
1321 728 1447 773 cada
1470 728 1742 784 prouincia.
1771 727 1893 773 Des-

276 811 396 863 pues
419 809 512 851 aca
535 822 587 851 se
607 806 796 850 offrece
821 805 1075 850 occassion
1101 804 1160 849 de
1185 804 1517 849 encomendar
1541 793 1896 860 en'particular

277 900 339 929 un
364 892 513 940 punto
533 898 624 939 que
648 898 706 927 en
727 882 773 927 la
793 882 934 926 dicha
957 881 1121 926 forma
1144 897 1197 926 se
1220 890 1351 938 toca,
1377 899 1408 938 y
1433 897 1485 926 es
1512 897 1603 938 que
1627 897 1679 927 se
1703 881 1897 927 escriua

279 961 338 1006 de
362 962 434 1005 las
453 975 596 1005 cosas
615 959 673 1004 de
692 958 993 1014 edificaci6n,
1016 967 1099 1003 tan
1124 959 1195 1003 sin
1221 957 1457 1016 perjuizio
1477 959 1553 1004 del
1571 968 1782 1016 secreto,
1805 974 1897 1015 que

280 1053 332 1083 se
350 1037 483 1093 haga
501 1047 694 1091 cuenta,
717 1050 809 1092 que
829 1035 1090 1091 leye'ndose
1110 1051 1168 1080 en
1188 1036 1235 1080 la
1254 1050 1442 1080 mesma
1460 1035 1613 1081 tierra
1633 1036 1706 1081 las
1725 1036 1894 1093 letras,

281 1130 343 1159 no
381 1113 540 1170 pueda
580 1128 825 1169 quexarse
864 1127 955 1157 con
990 1112 1141 1156 razon
1181 1112 1397 1169 ninguno
1421 1112 1481 1157 de
1505 1128 1596 1169 que
1619 1128 1705 1158 sea
1729 1113 1898 1158 descu—

284 1191 443 1237 bierto
472 1191 623 1246 algun
647 1189 842 1234 defecto
867 1204 1014 1245 suyo»
1042 1190 1072 1233 2.
1520 1228 1528 1236 ,

371 1267 513 1323 Quae
538 1267 667 1311 dicta
690 1265 1047 1322 prudentissimi
1074 1266 1341 1310 conditoris
1364 1265 1542 1323 Ignatii
1567 1275 1614 1311 et
1647 1267 1900 1323 sapientis-

284 1345 390 1390 simi
430 1343 589 1409 Lainii
627 1351 679 1387 ut
718 1342 1067 1398 compleamus,
1105 1357 1163 1386 cn
1203 1358 1327 1398 quae
1366 1343 1409 1387 in
1450 1343 1772 1389 instructione
1810 1360 1900 1400 pro

223 1480 226 1484 Ι
284 1420 554 1466 scribendis
576 1419 750 1464 litteris
774 1417 962 1474 annuis,
991 1433 1119 1462 anno
1147 1418 1272 1472 1594,
1297 1420 1446 1464 multo
1465 1420 1616 1476 igitur
1633 1431 1741 1477 post
1759 1420 1901 1478 Igna-

286 1498 337 1543 tii
361 1496 616 1552 L‘ainiique
638 1507 877 1551 tempora,
900 1494 1141 1554 ¹Claudius
1174 1496 1442 1552 Aquaviva
1476 1498 1743 1553 praecepit:
1783 1499 1905 1544 «Ca-

288 1575 496 1620 vendum
522 1582 686 1617 autem
712 1581 824 1616 ante
848 1571 1010 1615 omnia
1045 1571 1320 1629 diligenter,
1359 1581 1409 1617 ut
1444 1588 1569 1629 quae
1604 1573 1665 1618 ad
1701 1573 1904 1619 Confes-

289 1651 437 1696 sionis
461 1648 839 1694 Sacramentum
863 1657 1103 1704 spectant,
1131 1648 1263 1693 nulla
1285 1649 1475 1694 ratione
1500 1649 1545 1694 in
1570 1650 1641 1695 his
1666 1651 1906 1707 capitibus

291 1727 615 1782 attingantur3
643 1724 1028 1779 omittanturque
1053 1724 1274 1769 similiter
1299 1740 1426 1781 quae
1450 1726 1548 1770 alia
1566 1727 1740 1782 quavis
1759 1729 1907 1773 ratio-

290 1820 350 1849 ne
375 1812 617 1848 secretum
643 1802 892 1858 postulant
916 1810 963 1845 et
987 1816 1047 1844 ex
1072 1816 1280 1856 quarum
1306 1803 1591 1848 narratione
1616 1802 1721 1849 iure
1755 1804 1907 1849 offen-

292 1881 337 1925 di
362 1873 816 1937 quisquam'possit»
844 1877 874 1921 3.

382 1957 520 2001 Haec
544 1955 624 2000 illi.
652 1954 849 2011 Quanto
874 1955 920 1999 id
944 1950 1349 2010 magis'omnibus
1378 1955 1724 2014 inculcassent,
1762 1957 1799 2003 si
1837 1974 1909 2003 re-

297 2033 577 2079 centissima
622 2031 1040 2088 Congregationis
1083 2030 1253 2077 Sancti
1292 2031 1454 2078 Officii
1489 2034 1673 2079 monita
1711 2036 1910 2080 saeculo

297 2112 377 2156 illo
401 2119 543 2174 sexto
568 2109 755 2153 decimo
780 2107 1064 2164 viguissent!
1098 2108 1201 2153 Nos
1234 2109 1401 2166 igitur,
1438 2110 1511 2155 his
1544 2112 1738 2157 monitis
1773 2113 1909 2157 obse-

299 2196 517 2243 quentes,
544 2185 820 2240 singulares
844 2184 951 2229 illos
975 2200 1121 2229 casus
1146 2185 1190 2229 in
1212 2176 1318 2230 'hac
1349 2187 1781 2242 quadrimestrium
1816 2189 1911 2233 col-

298 2263 507 2309 lectione
532 2262 968 2319 praetermisimus,
996 2262 1137 2318 idque
1162 2277 1220 2306 eo
1242 2262 1484 2320 libentius,
1512 2264 1641 2320 quod
1661 2280 1721 2310 ex
1741 2281 1912 2311 narra-

300 2341 510 2386 tionibus
544 2339 634 2384 illis
669 2353 841 2394 parum
874 2338 1088 2383 historiis
1122 2338 1303 2383 nostris
1337 2349 1423 2384 aut
1456 2340 1571 2385 nihil
1604 2341 1797 2387 luminis
1835 2358 1942 2387 ac·-

301 2417 443 2462 cedit.

390 2491 479 2536 His
502 2491 561 2535 de
586 2491 746 2536 causis
768 2507 1026 2546 speramus
1050 2508 1241 2550 quoque
1264 2493 1372 2539 fore
1403 2504 1453 2539 ut
1488 2494 1914 2540 Monumentorum

306 2570 515 2613 lectores
549 2567 858 2612 omissionem
892 2568 1018 2613 hanc
1052 2570 1163 2614 boni
1197 2571 1472 2628 consulant,
1509 2586 1654 2627 quam
1689 2571 1837 2616 etiam
1872 2572 1917 2617 in

304 2660 453 2701 opere
497 2644 754 2689 clarissimi
793 2644 991 2702 Josephi
1031 2645 1234 2692 Hansen
1279 2647 1592 2692 Rlzeim'sche
1628 2648 1789 2693 Aleten
1815 2649 1921 2706 fiir

308 2721 603 2767 Gesclziclzte
626 2721 717 2764 der
740 2719 1078 2779 Gesellsclmft
1099 2722 1229 2778 sesa
1261 2739 1409 2779 saepe
1439 2709 1709 2769 invenimus
1742 2725 1917 2780 proba-

304 2813 523 2854 musque.

357 3011 366 3030 ¹
419 3010 571 3046 Laim'z'
586 3009 794 3055 fllomtm„
815 3010 863 3055 II,
884 3010 964 3047 646.

356 3070 368 3089 ²
418 3060 606 3113 Ib1d.,''<7'‚
626 3068 683 3105 36.

356 3130 369 3149 ⁸
422 3128 677 3165 Iustitutmn
699 3129 920 3165 Socz'etatz's
933 3130 1057 3175 Jeszt,
1077 3129 1145 3176 ΙΙΙ,
1168 3143 1258 3177 pag.
1277 3132 1333 3168 43.
