2051 3516
538 300 923 337 30.—1NGOLSTAD10
948 300 971 336 9
996 299 1157 336 MARTH
1188 300 1277 335 1557
1615 301 1677 337 131

878 535 953 586 30

453 661 505 706 P.
544 659 969 708 THEODORUS
1004 660 1369 707 PELTANUS

584 779 856 805 INGOLs’rAmo
881 768 905 803 9
930 778 1075 804 MARTII
1104 768 1194 804 1557
1222 770 1245 804 ¹.

96 864 171 900 1-4.
207 864 269 900 De
282 864 472 909 puhlicis
491 875 541 901 uc
557 866 747 910 privatis
765 865 1125 901 scholasticorum
1146 867 1395 901 nostrorum
1415 867 1729 902 exercitationi-

170 923 473 969 bus—Opinio
493 924 604 961 bona
625 936 676 960 uc
694 925 840 961 [mimi
861 923 1050 969 affectus
1076 935 1176 969 eiga
1207 924 1463 960 Societatem
1496 927 1535 960 et
1561 936 1629 962 eos
1655 927 1735 971 qui

169 983 404 1029 theologica
431 984 581 1020 stadia
611 985 771 1027 colunt,
798 985 843 1020 in
872 983 965 1020 «lies
992 984 1284 1029 (lugentia—5.
1323 984 1537 1027 Canisius,
1569 985 1731 1021 laboris

169 1043 406 1085 studiosus,
429 1055 514 1080 nou
534 1045 678 1080 solum
698 1045 743 1080 in
764 1045 950 1080 comitiis
969 1045 1062 1089 ipse
1080 1043 1341 1088 indefessus
1362 1044 1440 1080 sect
1459 1047 1498 1080 et
1516 1047 1731 1081 nostrates

168 1104 527 1149 occupatissimos
551 1105 596 1140 iu
623 1103 785 1140 studiis
812 1106 851 1140 et
878 1103 1156 1140 concionibus
1182 1114 1273 1140 esse
1299 1103 1527 1140 curat-6.
1559 1105 1731 1141 Schola-

167 1173 267 1199 ·rum
287 1166 541 1199 nostrarum
552 1163 707 1208 fe'ices
724 1173 962 1199 successus.
977 1162 1094 1199 Α778.
1123 1163 1345 1199 Primam·
1363 1162 1628 1200 Germaniae
1646 1165 1733 1200 viri

169 1222 393 1259 Societatis
412 1223 740 1260 studiosissimi.
773 1222 834 1258 -9.
860 1223 1076 1266 Aliorum,
1099 1234 1150 1259 ac
1170 1225 1437 1259 nominatim
1456 1225 1648 1270 episcopi
1670 1225 1732 1260 la-

166 1282 375 1324 baceusz's,
397 1293 499 1328 erga
521 1283 777 1320 Societatem
797 1284 1047 1319 aunon—10,
1070 1283 1222 1329 Aliqui
1237 1284 1345 1319 socii
1360 1283 1561 1329 Pragczm
1590 1285 1733 1327 missi,·

168 1342 250 1377 alii
266 1342 370 1379 inde
391 1344 569 1379 reversi.

161 1438 197 1482 1.
250 1441 278 1488 †
302 1437 409 1482 Pax
425 1437 628 1494 Christi,
650 1449 742 1483 etc.
766 1438 993 1495 Frugum
1014 1438 1369 1495 quadrimestri
1388 1438 1481 1483 hoc
1498 1449 1611 1484 acto
1635 1440 1729 1485 col-

100 1516 340 1561 lectarum
368 1516 608 1561 rationem
639 1517 894 1565 reddituri,
923 1516 1048 1562 Rde.
1077 1517 1123 1562 in
1149 1516 1302 1562 Chro.
1331 1516 1498 1572 Pater,
1528 1533 1618 1573 pro
1645 1517 1728 1561 mi-

99 1594 230 1638 nimo
254 1604 402 1650 atque
426 1595 552 1639 adeo
576 1610 666 1650 pro
686 1595 834 1648 nullo,
862 1596 1128 1651 praecipue
1153 1596 1191 1640 si
1216 1596 1396 1641 uberes
1420 1595 1529 1640 illas
1553 1604 1601 1640 et
1625 1594 1724 1639 foe-

99 1671 287 1716 cundas
310 1671 518 1716 aliorum
545 1672 871 1729 collegiorum
903 1688 1089 1717 messes
1124 1683 1420 1728 spectemus,
1458 1672 1587 1728 quod
1612 1673 1730 1717 alla-

100 1749 197 1793 turi
223 1764 390 1793 sumus
414 1748 688 1794 ducendum
715 1749 960 1799 existimo:
999 1760 1050 1794 at
1075 1750 1112 1795 si
1149 1750 1237 1794 soli
1262 1750 1309 1794 in
1344 1766 1440 1806 quo
1465 1765 1730 1794 uei-samur

99 1826 427 1883 sterilitatem,
450 1826 679 1871 fortassis
700 1827 916 1872 nonnihil
942 1828 1123 1872 horreo
1145 1827 1329 1872 Christi
1350 1827 1575 1873 attulisse
1599 1827 1730 1872 uide-

100 1904 276 1949 bimur.
304 1904 470 1960 Atque
496 1914 547 1949 ut
566 1904 680 1949 illud
705 1905 958 1961 paululum
994 1904 1302 1960 paucissimis
1326 1905 1370 1949 in
1397 1904 1449 1949 P.
1477 1904 1542 1949 V.
1570 1904 1730 1950 sinum

99 1997 423 2038 exponamus,
451 1982 652 2026 noueris
671 1981 849 2027 Patres
873 1991 921 2026 et
946 1982 1131 2027 fratres
1156 1998 1343 2035 omnes,
1372 1992 1611 2038 quotquot
1645 1992 1730 2026 aut

97 2058 260 2104 Roma
285 2059 417 2104 missi
436 2060 531 2104 huc
548 2075 748 2116 uenere,
771 2070 857 2105 aut
876 2060 1072 2105 aliunde
1091 2060 1137 2104 in
1158 2058 1411 2105 Societate
1430 2060 1628 2104 nomina
1648 2060 1729 2104 da-

99 2135 196 2180 turi
221 2151 499 2192 accessere,
526 2137 802 2193 peroptime
826 2138 1012 2187 ualere,
1041 2152 1325 2194 omnesque,
1352 2137 1458 2182 solo
1494 2137 1574 2193 qui
1608 2137 1731 2181 haec

100 2213 252 2259 dictat
271 2214 484 2270 dempto,
508 2213 742 2259 mirificos
761 2224 809 2259 et
828 2215 1028 2271 spiritus
1052 2224 1100 2260 et
1120 2215 1375 2259 literarum
1395 2230 1490 2259 non
1510 2224 1612 2259 tam
1631 2214 1730 2270 pol-

101 2291 252 2343 liceri,
279 2307 427 2348 quam
451 2292 548 2337 iam
572 2307 702 2337 nunc
725 2292 875 2338 etiam
901 2292 1092 2337 fructus
1116 2292 1332 2337 adferre.

159 2368 200 2414 2.
270 2368 333 2415 Et
373 2384 655 2426 quanquam
688 2369 874 2414 fratres
910 2379 1114 2426 praeter
1148 2385 1351 2425 paucos,
1389 2384 1511 2426 quos
1544 2369 1727 2414 theolo-

100 2446 213 2503 giae
237 2446 525 2503 mancipare
544 2446 745 2502 placuit,
773 2447 981 2503 publicis
1007 2447 1298 2492 lectionibus
1321 2447 1465 2491 nullis
1484 2445 1727 2501 intersint,

101 2539 196 2568 non
230 2533 394 2568 tamen
435 2524 535 2568 ulla
574 2524 838 2570 lectionum
878 2524 1246 2575 commoditate,
1295 2523 1730 2580 opportunitateue

101 2601 425 2657 frustrantur,
447 2602 651 2647 audiunt
685 2602 813 2647 enim
838 2602 969 2648 intra
993 2602 1218 2658 priuatos
1242 2602 1458 2658 parietes
1484 2615 1728 2656 quaecun-

102 2694 195 2735 que
218 2679 264 2724 in
285 2679 542 2725 academia
566 2680 738 2724 audire
764 2679 1093 2736 contingeret.
1120 2679 1282 2724 Porro
1306 2694 1365 2723 ex
1391 2678 1464 2722 his
1487 2677 1568 2733 qui
1599 2676 1731 2721 domi

102 2767 417 2808 exercentur,
455 2756 603 2814 aliqui
643 2766 742 2802 tam
777 2757 1038 2802 commode
1061 2756 1108 2801 in
1133 2772 1316 2813 magno
1350 2755 1729 2811 praeclarorum

151 2933 159 2951 ¹
212 2930 273 2967 Ex
291 2931 542 2978 autographo
562 2931 602 2967 in
620 2931 755 2967 codice
778 2930 917 2968 Germ.
940 2929 1033 2973 185,
1053 2929 1076 2965 2
1094 2929 1153 2968 ff..
1174 2941 1238 2964 nn.
1267 2927 1325 2972 53,
1354 2928 1413 2970 515
1442 2928 1553 2974 prius
1586 2927 1616 2970 1,
1633 2926 1665 2968 2,
1692 2927 1726 2964 3·

103 2990 309 3028 Nonnulla
328 3005 351 3027 a
370 2991 547 3027 Polanco
565 2991 781 3027 emendata
798 2991 838 3027 in
863 2990 1189 3026 annotationibus
1213 2988 1486 3033 invenientur;
1515 2988 1651 3025 deleta
1677 2987 1728 3025 ab

103 3052 202 3099 ipso,
228 3058 271 3088 ut
296 3051 410 3093 alias,
439 3051 586 3087 litteris
612 3051 757 3087 italicis
784 3051 824 3087 in
854 3056 966 3086 textu
998 3056 1195 3086 notamus.
1230 3048 1358 3085 Aliud
1390 3049 1621 3095 exemplum
1639 3054 1730 3095 post

104 3112 410 3149 emendationes
430 3112 674 3158 exscriptum
694 3116 825 3148 exstat
843 3111 884 3147 in
903 3110 943 3148 fi.
965 3109 1086 3146 51-52.
