2051 3516
381 286 450 321 <320
841 288 1059 326 LITTERAE
1086 290 1438 335 QUADRIMESTRES

331 381 559 436 1²(zt),nz'si
581 382 872 437 plurimum
901 386 1162 442 grauibus
1194 388 1370 433 causis
1408 389 1662 445 impedita
1682 391 1884 448 fuisset
1914 399 1948 437 ³.

389 456 456 502 13.
524 456 791 514 Postquam
816 459 990 506 deinde
1015 461 1074 507 R.
1102 462 1155 508 Ρ.
1182 463 1414 509 Victoria
1438 464 1572 510 iussu
1596 464 1653 511 C.
1680 466 1766 522 M.,
1793 476 1841 512 et
1878 484 1949 513 re-

331 533 418 577 bus
452 533 633 579 nostris
668 534 734 580 ita
772 537 1149 594 postulantibus,
1195 539 1248 584 16
1285 539 1585 586 Nouembris
1625 541 1824 588 Vienna
1857 543 1951 589 huc

330 608 548 665 Pragam
580 610 713 656 uenit
744 610 810 667 (et
840 611 1172 660 Wenceslaus
1202 617 1213 639 ¹
1248 625 1397 673 atque
1428 632 1522 674 ego
1553 633 1665 662 cum
1696 617 1801 674 ipso
1836 620 1948 676 una)

330 701 442 730 mox
461 685 624 732 inuisit
642 687 1007 747 imperatorem,
1029 690 1313 749 principem,
1336 693 1618 750 episcopum
1637 694 1736 751 (qui
1756 695 1833 741 hic
1853 696 1953 741 uni·

328 778 414 808 cus
438 764 564 820 erat)
590 765 819 820 barones,
846 776 1085 823 patronos
1110 783 1170 814 ac
1193 770 1370 816 multos
1400 771 1524 817 alios
1553 771 1757 828 amicos,
1795 788 1824 818 a
1855 774 1952 830 qui-

331 841 419 884 bus
442 840 666 886 omnibus
688 841 777 887 fuit
801 844 1083 900 gratissime
1109 846 1339 902 affectus
1356 846 1390 904 b,
1413 848 1695 893 obtulerunt
1712 864 1766 894 se
1784 864 1954 895 omnes

331 916 687 975 paratissimos3
714 934 805 964 nec
829 920 953 966 ullus
983 921 1076 967 fuit
1109 923 1188 979 qui
1223 939 1318 969 non
1352 924 1755 980 splendidissimis
1789 927 1956 972 uerbis

330 993 375 1038 in
409 994 611 1040 auribus
646 996 827 1042 nostris
859 997 1200 1055 triumpharet.
1236 1000 1516 1057 Imperator
1549 1017 1669 1047 sane
1704 1002 1836 1048 illum
1871 1003 1954 1049 ali-

332 1071 525 1127 quando
550 1071 609 1117 ad
646 1072 821 1118 horam
855 1084 940 1120 aut
973 1076 1182 1133 amplius
1216 1076 1533 1123 libentissime
1567 1079 1770 1136 audiuit,
1806 1079 1875 1125 ita
1905 1090 1957 1126 ut

331 1147 474 1193 aulici
509 1148 723 1195 maxima
757 1150 1085 1198 admiratione
1119 1155 1524 1212 percellerentur,
1563 1156 1694 1212 quod
1727 1156 1953 1202 nimirum

329 1223 538 1282 jesuitae
561 1234 661 1271 tam
687 1236 850 1273 essent
875 1227 926 1274 S.
955 1228 1010 1274 C.
1036 1230 1100 1275 M.
1129 1231 1262 1287 grati
1288 1246 1347 1276 ac
1371 1231 1525 1277 chari.

393 1302 460 1347 14.
526 1302 633 1348 Non
670 1304 866 1350 decreui
901 1321 996 1363 ego
1030 1307 1173 1352 modo
1212 1308 1618 1354 humanissimam
1652 1307 1704 1354 S.
1732 1309 1797 1355 M.
1832 1325 1956 1367 erga

332 1394 420 1424 nos
444 1381 748 1426 uoluntatem
774 1380 915 1438 (quos
940 1398 1054 1428 suos
1079 1394 1227 1430 uocat
1255 1385 1534 1443 theologos)
1570 1401 1631 1431 ac
1663 1386 1956 1432 beneuolen-

332 1456 449 1501 tiam
482 1457 672 1513 prolixe
706 1473 1117 1519 commemorare,
1156 1476 1273 1507 cum
1295 1469 1309 1489 ⁰
1339 1462 1386 1508 id
1409 1463 1554 1509 unico
1577 1464 1732 1509 uerbo
1757 1464 1954 1521 possim,

332 1548 443 1578 nam
468 1535 680 1590 quodam
704 1535 780 1580 die
804 1551 866 1582 ex
891 1537 1050 1583 media
1075 1539 1188 1584 aula
1213 1548 1260 1584 et
1283 1541 1431 1586 turba
1455 1540 1699 1586 baronum
1730 1556 1791 1586 ac
1824 1542 1955 1587 nobi-

334 1611 463 1668 lium,
490 1627 600 1657 cum
624 1612 784 1658 obiter
808 1614 1010 1661 uidisset
1028 1616 1087 1661 R.
1111 1615 1163 1662 Ρ.
1192 1616 1492 1676 Victoriam,
1514 1617 1800 1675 simpliciter
1819 1620 1957 1676 quasi

333 1704 395 1733 ex
429 1704 586 1734 cauea
619 1690 1015 1747 prospicientem,
1052 1693 1192 1738 clara
1228 1709 1349 1740 uoce
1382 1694 1519 1740 illum
1555 1695 1618 1740 ad
1650 1710 1703 1740 se
1737 1695 1953 1741 uocauit:

335 1765 482 1821 Veni,
509 1766 758 1823 Victoria,
786 1768 841 1813 ui
863 1769 992 1814 medo
1016 1770 1071 1815 di
1093 1770 1263 1816 (mona
1288 1772 1466 1829 noglz'a
1490 1771 1525 1829 d,
1553 1787 1679 1829 quae
1712 1773 1870 1818 uerba
1885 1764 1957 1818 'di-

336 1842 405 1888 xit
428 1842 693 1901 hispanice,
722 1844 895 1901 quibus
920 1846 1098 1892 auditis
1124 1863 1294 1893 omnes
1327 1847 1372 1893 in
1398 1848 1598 1894 Patrem
1622 1857 1846 1895 nostrum
1872 1850 1957 1894 (zd-

336 1920 586 1965 nv'razztes
619 1922 789 1966 oculos
824 1922 1087 1968 coniiciunt
1120 1933 1168 1970 et
1202 1940 1312 1970 eum
1346 1925 1457 1971 hinc
1492 1925 1603 1972 inde
1643 1935 1954 1972 contuentur.

338 1995 516 2043 Omnia
540 1999 601 2043 ad
627 1999 839 2055 gloriam
864 1998 1064 2046 Christi.

399 2075 467 2120 15.
528 2075 604 2121 De
623 2076 858 2133 negociis,
882 2092 1008 2134 quae
1027 2078 1170 2134 plane
1191 2080 1342 2125 multa
1361 2089 1490 2136 sunt,
1515 2096 1641 2137 quae
1662 2080 1789 2126 idem
1807 2081 1958 2128 Rdus,

340 2151 419 2200 Pr.
446 2167 535 2208 per
557 2168 850 2199 caesaream
875 2154 1186 2200 maiestatem
1210 2157 1390 2212 partim
1410 2157 1760 2219 expediuit,ac
1779 2168 1829 2203 ut
1849 2174 1958 2215 par-

338 2228 420 2274 tim
447 2229 618 2275 deinde
642 2230 1006 2287 expedirentur,
1034 2247 1225 2278 summa
1260 2234 1499 2280 industria
1532 2244 1580 2280 et
1613 2235 1784 2280 labore
1818 2251 1957 2281 cura-

340 2305 423 2361 uit,
450 2306 552 2351 scio
576 2307 632 2351 T.
662 2307 751 2352 Rm
778 2308 840 2353 ab
865 2308 1072 2365 ipsomet
1105 2310 1368 2355 certiorem
1403 2326 1510 2357 esse
1546 2312 1630 2356 uel
1659 2312 1845 2357 factum
1880 2313 1963 2357 uel

334 2382 654 2437 faciendum.
692 2383 800 2430 Hoc
823 2384 992 2441 paucis
1016 2385 1240 2443 dixerim,
1268 2402 1379 2432 eum
1403 2403 1499 2433 non
1523 2399 1814 2445 expectasse
1840 2390 1958 2434 mul-

339 2468 503 2505 torum
543 2461 936 2520 pollicitationes;
979 2463 1064 2508 sed
1103 2478 1190 2519 per
1229 2464 1439 2510 medium
1483 2465 1700 2522 ipsorum
1745 2466 1959 2511 omnium

340 2538 593 2582 transisse
619 2544 634 2565 e
656 2538 786 2594 (ibat
809 2543 982 2585 autem
1005 2540 1177 2597 noctu)
1211 2540 1221 2568 f
1244 2541 1306 2586 ad
1330 2541 1695 2599 imperatorem,
1722 2551 1770 2588 et
1788 2558 1956 2589 coram

386 2677 405 2696 a
455 2679 603 2716 Postea
621 2680 744 2717 etiam
763 2693 805 2717 se
825 2693 874 2718 ex
893 2694 986 2719 arce
1006 2683 1055 2719 ad
1074 2695 1144 2718 nos
1159 2683 1448 2720 descensurum
1463 2683 1720 2730 significauit,
1737 2684 1807 2722 sed
1822 2685 1955 2732 graui-

340 2739 412 2774 bus
431 2739 645 2785 impeditus
662 2740 856 2786 negociis,
878 2741 915 2777 id
932 2747 1138 2788 praestare
1154 2754 1230 2778 non
1252 2743 1393 2789 potuit.
1447 2743 1512 2770 —b
1533 2748 1738 2790 exceptus.
1792 2751 1854 2772 —C
1875 2744 1956 2783 sed.

341 2797 407 2824 —d
438 2797 613 2835 libenter
630 2804 670 2836 te
690 2799 817 2838 video.
871 2808 934 2829 —e
966 2801 1103 2838 Prius
1121 2801 1291 2849 ipsemet
1314 2802 1488 2839 transire
1513 2802 1683 2840 solebat.
1736 2803 1793 2831 —f
1818 2803 1959 2840 solitus

341 2862 476 2893 autem
495 2863 582 2894 erat
602 2858 659 2895 ire
677 2864 809 2897 noctu.

391 3003 400 3022 ¹
453 3002 726 3040 Wenceslaus
760 3003 962 3041 Sturmius
996 3003 1240 3050 (Ssturem),
1276 3005 1461 3043 boemus.
1495 3004 1564 3043 Cf.
1601 3005 1956 3049 BRAUNSBERGER,

346 3061 394 3098 Β.
417 3061 467 3098 Ρ.
494 3062 661 3099 Cam‘sii
677 3065 813 3109 epist„
835 3064 883 3109 ΙΙ,
904 3064 985 3108 307,
1006 3064 1089 3107 349;
1110 3064 1265 3101 Laz'm'i
1281 3064 1489 3109 Monam„
1510 3064 1579 3111 III,
1599 3064 1681 3107 647;
1701 3064 1774 3109 IV,
1795 3064 1852 3102 91.
