<?xml version="1.0" encoding="UTF-8"?>
<!DOCTYPE html PUBLIC "-//W3C//DTD XHTML 1.0 Transitional//EN"
    "http://www.w3.org/TR/xhtml1/DTD/xhtml1-transitional.dtd">
<html xmlns="http://www.w3.org/1999/xhtml" xml:lang="en" lang="en">
 <head>
  <title>
</title>
<meta http-equiv="Content-Type" content="text/html;charset=utf-8" />
  <meta name='ocr-system' content='tesseract 3.04.00' />
  <meta name='ocr-capabilities' content='ocr_page ocr_carea ocr_par ocr_line ocrx_word'/>
</head>
<body>
  <div class='ocr_page' id='page_1' title='image "./litteraequadrime17lain_0824.png"; bbox 0 0 2051 3516; ppageno 0'>
   <div class='ocr_carea' id='block_1_1' title="bbox 378 317 1440 363">
    <p class='ocr_par' dir='ltr' id='par_1_1' title="bbox 378 317 1440 363">
     <span class='ocr_line' id='line_1_1' title="bbox 378 317 1440 363; baseline 0.002 -9"><span class='ocrx_word' id='word_1_1' title='bbox 378 319 447 355; x_wconf 82' lang='grc'>788</span> <span class='ocrx_word' id='word_1_2' title='bbox 842 317 1061 353; x_wconf 76' lang='lat' dir='ltr'>LIrrERAE</span> <span class='ocrx_word' id='word_1_3' title='bbox 1087 318 1440 363; x_wconf 81' lang='lat' dir='ltr'>QUADRIMESTRES</span> 
     </span>
    </p>
   </div>
   <div class='ocr_carea' id='block_1_2' title="bbox 326 411 2005 2998">
    <p class='ocr_par' dir='ltr' id='par_1_2' title="bbox 326 411 2005 2845">
     <span class='ocr_line' id='line_1_2' title="bbox 329 411 1950 471; baseline 0.004 -15"><span class='ocrx_word' id='word_1_4' title='bbox 329 412 459 469; x_wconf 92' lang='lat' dir='ltr'>quod</span> <span class='ocrx_word' id='word_1_5' title='bbox 477 411 752 456; x_wconf 90' lang='lat' dir='ltr'>hominibus</span> <span class='ocrx_word' id='word_1_6' title='bbox 769 420 956 456; x_wconf 86' lang='lat' dir='ltr'>tantum</span> <span class='ocrx_word' id='word_1_7' title='bbox 975 414 1173 467; x_wconf 85' lang='lat' dir='ltr'>patebat</span> <span class='ocrx_word' id='word_1_8' title='bbox 1190 414 1366 466; x_wconf 89' lang='lat' dir='ltr'>aditus;</span> <span class='ocrx_word' id='word_1_9' title='bbox 1382 414 1466 459; x_wconf 90' lang='lat' dir='ltr'>sed</span> <span class='ocrx_word' id='word_1_10' title='bbox 1483 430 1592 460; x_wconf 92' lang='lat' dir='ltr'>cum</span> <span class='ocrx_word' id='word_1_11' title='bbox 1605 431 1718 471; x_wconf 90' lang='lat' dir='ltr'>spes</span> <span class='ocrx_word' id='word_1_12' title='bbox 1733 417 1950 462; x_wconf 87' lang='lat' dir='ltr'>obtinen-</span> 
     </span>
     <span class='ocr_line' id='line_1_3' title="bbox 329 487 1949 545; baseline 0.002 -12"><span class='ocrx_word' id='word_1_13' title='bbox 329 490 420 533; x_wconf 83' lang='lat' dir='ltr'>dae</span> <span class='ocrx_word' id='word_1_14' title='bbox 437 487 679 532; x_wconf 91' lang='lat' dir='ltr'>ecclesiae</span> <span class='ocrx_word' id='word_1_15' title='bbox 696 487 739 531; x_wconf 92' lang='lat' dir='ltr'>in</span> <span class='ocrx_word' id='word_1_16' title='bbox 758 488 958 544; x_wconf 84' lang='lat' dir='ltr'>longum</span> <span class='ocrx_word' id='word_1_17' title='bbox 976 489 1369 545; x_wconf 72' lang='lat' dir='ltr'>protraheretur,</span> <span class='ocrx_word' id='word_1_18' title='bbox 1388 491 1698 536; x_wconf 89' lang='lat' dir='ltr'>decreuimus</span> <span class='ocrx_word' id='word_1_19' title='bbox 1715 493 1949 537; x_wconf 90' lang='lat' dir='ltr'>sacellum</span> 
     </span>
     <span class='ocr_line' id='line_1_4' title="bbox 329 564 1951 626; baseline 0.003 -17"><span class='ocrx_word' id='word_1_20' title='bbox 329 566 420 609; x_wconf 93' lang='lat' dir='ltr'>hoc</span> <span class='ocrx_word' id='word_1_21' title='bbox 436 564 504 608; x_wconf 91' lang='lat' dir='ltr'>ita</span> <span class='ocrx_word' id='word_1_22' title='bbox 523 579 705 609; x_wconf 89' lang='lat' dir='ltr'>ornare</span> <span class='ocrx_word' id='word_1_23' title='bbox 724 574 777 609; x_wconf 91' lang='lat' dir='ltr'>ut</span> <span class='ocrx_word' id='word_1_24' title='bbox 795 565 909 609; x_wconf 92' lang='lat' dir='ltr'>nihil</span> <span class='ocrx_word' id='word_1_25' title='bbox 929 565 992 609; x_wconf 89' lang='lat' dir='ltr'>illi</span> <span class='ocrx_word' id='word_1_26' title='bbox 1013 565 1074 609; x_wconf 94' lang='lat' dir='ltr'>ad</span> <span class='ocrx_word' id='word_1_27' title='bbox 1094 566 1354 610; x_wconf 91' lang='lat' dir='ltr'>ecclesiam</span> <span class='ocrx_word' id='word_1_28' title='bbox 1375 567 1547 612; x_wconf 88' lang='lat' dir='ltr'>deesse</span> <span class='ocrx_word' id='word_1_29' title='bbox 1569 569 1836 626; x_wconf 89' lang='lat' dir='ltr'>videretur;</span> <span class='ocrx_word' id='word_1_30' title='bbox 1856 585 1951 625; x_wconf 92' lang='lat' dir='ltr'>quo</span> 
     </span>
     <span class='ocr_line' id='line_1_5' title="bbox 329 641 1952 697; baseline 0.003 -12"><span class='ocrx_word' id='word_1_31' title='bbox 329 657 389 685; x_wconf 79' lang='lat' dir='ltr'>ex</span> <span class='ocrx_word' id='word_1_32' title='bbox 426 651 649 696; x_wconf 89' lang='lat' dir='ltr'>tempore</span> <span class='ocrx_word' id='word_1_33' title='bbox 689 641 995 697; x_wconf 79' lang='lat' dir='ltr'><strong>frequentior</strong></span> <span class='ocrx_word' id='word_1_34' title='bbox 1030 642 1173 687; x_wconf 87' lang='lat' dir='ltr'>solito</span> <span class='ocrx_word' id='word_1_35' title='bbox 1204 643 1264 687; x_wconf 92' lang='lat' dir='ltr'>ad</span> <span class='ocrx_word' id='word_1_36' title='bbox 1296 659 1385 688; x_wconf 91' lang='lat' dir='ltr'>nos</span> <span class='ocrx_word' id='word_1_37' title='bbox 1414 644 1661 689; x_wconf 91' lang='lat' dir='ltr'>hominum</span> <span class='ocrx_word' id='word_1_38' title='bbox 1694 646 1952 691; x_wconf 90' lang='lat' dir='ltr'>multitudo</span> 
     </span>
     <span class='ocr_line' id='line_1_6' title="bbox 329 716 1949 774; baseline 0.004 -13"><span class='ocrx_word' id='word_1_39' title='bbox 329 716 582 761; x_wconf 83' lang='lat' dir='ltr'>confluxit.</span> <span class='ocrx_word' id='word_1_40' title='bbox 609 716 736 762; x_wconf 90' lang='lat' dir='ltr'>Nam</span> <span class='ocrx_word' id='word_1_41' title='bbox 762 727 1113 773; x_wconf 73' lang='lat' dir='ltr'><strong>praeterquam</strong></span> <span class='ocrx_word' id='word_1_42' title='bbox 1133 719 1261 774; x_wconf 88' lang='lat' dir='ltr'>quod</span> <span class='ocrx_word' id='word_1_43' title='bbox 1282 720 1375 764; x_wconf 91' lang='lat' dir='ltr'>loci</span> <span class='ocrx_word' id='word_1_44' title='bbox 1400 722 1724 766; x_wconf 78' lang='lat' dir='ltr'>commoditas</span> <span class='ocrx_word' id='word_1_45' title='bbox 1743 732 1790 767; x_wconf 92' lang='lat' dir='ltr'>et</span> <span class='ocrx_word' id='word_1_46' title='bbox 1809 738 1949 767; x_wconf 89' lang='lat' dir='ltr'>orna-</span> 
     </span>
     <span class='ocr_line' id='line_1_7' title="bbox 329 793 1950 851; baseline 0.004 -14"><span class='ocrx_word' id='word_1_47' title='bbox 329 802 408 837; x_wconf 88' lang='lat' dir='ltr'>tus</span> <span class='ocrx_word' id='word_1_48' title='bbox 426 808 511 837; x_wconf 90' lang='lat' dir='ltr'>eos</span> <span class='ocrx_word' id='word_1_49' title='bbox 530 793 697 849; x_wconf 77' lang='lat' dir='ltr'>allicit,</span> <span class='ocrx_word' id='word_1_50' title='bbox 720 795 892 839; x_wconf 88' lang='lat' dir='ltr'>concio</span> <span class='ocrx_word' id='word_1_51' title='bbox 912 794 1059 839; x_wconf 91' lang='lat' dir='ltr'>etiam</span> <span class='ocrx_word' id='word_1_52' title='bbox 1081 794 1141 839; x_wconf 83' lang='lat' dir='ltr'>R.</span> <span class='ocrx_word' id='word_1_53' title='bbox 1164 795 1215 839; x_wconf 82' lang='lat' dir='ltr'>P.</span> <span class='ocrx_word' id='word_1_54' title='bbox 1234 796 1390 840; x_wconf 83' lang='lat' dir='ltr'>nostri</span> <span class='ocrx_word' id='word_1_55' title='bbox 1410 798 1638 846; x_wconf 79' lang='lat' dir='ltr'>rectoris,</span> <span class='ocrx_word' id='word_1_56' title='bbox 1662 798 1723 843; x_wconf 90' lang='lat' dir='ltr'>D.</span> <span class='ocrx_word' id='word_1_57' title='bbox 1746 799 1950 851; x_wconf 80' lang='lat' dir='ltr'>Loarte,</span> 
     </span>
     <span class='ocr_line' id='line_1_8' title="bbox 329 870 1950 927; baseline 0.004 -13"><span class='ocrx_word' id='word_1_58' title='bbox 329 885 475 925; x_wconf 93' lang='lat' dir='ltr'>quam</span> <span class='ocrx_word' id='word_1_59' title='bbox 510 879 619 925; x_wconf 88' lang='lat' dir='ltr'>post</span> <span class='ocrx_word' id='word_1_60' title='bbox 653 870 832 916; x_wconf 88' lang='lat' dir='ltr'>missae</span> <span class='ocrx_word' id='word_1_61' title='bbox 867 871 1183 916; x_wconf 77' lang='lat' dir='ltr'>offertorium</span> <span class='ocrx_word' id='word_1_62' title='bbox 1219 872 1281 916; x_wconf 88' lang='lat' dir='ltr'>ad</span> <span class='ocrx_word' id='word_1_63' title='bbox 1314 888 1399 917; x_wconf 88' lang='lat' dir='ltr'>eos</span> <span class='ocrx_word' id='word_1_64' title='bbox 1433 873 1620 918; x_wconf 87' lang='lat' dir='ltr'>habere</span> <span class='ocrx_word' id='word_1_65' title='bbox 1654 875 1826 920; x_wconf 87' lang='lat' dir='ltr'>solitus</span> <span class='ocrx_word' id='word_1_66' title='bbox 1860 886 1950 927; x_wconf 76' lang='lat' dir='ltr'>est.</span> 
     </span>
     <span class='ocr_line' id='line_1_9' title="bbox 329 947 1949 1006; baseline 0.004 -16"><span class='ocrx_word' id='word_1_67' title='bbox 329 947 505 991; x_wconf 91' lang='lat' dir='ltr'>mirum</span> <span class='ocrx_word' id='word_1_68' title='bbox 532 947 576 991; x_wconf 90' lang='lat' dir='ltr'>in</span> <span class='ocrx_word' id='word_1_69' title='bbox 602 947 798 992; x_wconf 91' lang='lat' dir='ltr'>modum</span> <span class='ocrx_word' id='word_1_70' title='bbox 823 963 995 992; x_wconf 88' lang='lat' dir='ltr'>eorum</span> <span class='ocrx_word' id='word_1_71' title='bbox 1020 948 1209 992; x_wconf 87' lang='lat' dir='ltr'>animos</span> <span class='ocrx_word' id='word_1_72' title='bbox 1234 959 1432 994; x_wconf 88' lang='lat' dir='ltr'>recreat</span> <span class='ocrx_word' id='word_1_73' title='bbox 1453 961 1599 1006; x_wconf 88' lang='lat' dir='ltr'>atque</span> <span class='ocrx_word' id='word_1_74' title='bbox 1620 950 1791 996; x_wconf 88' lang='lat' dir='ltr'>reficit.</span> <span class='ocrx_word' id='word_1_75' title='bbox 1816 950 1949 997; x_wconf 83' lang='lat' dir='ltr'>Sem-</span> 
     </span>
     <span class='ocr_line' id='line_1_10' title="bbox 328 1023 1951 1080; baseline 0.004 -13"><span class='ocrx_word' id='word_1_76' title='bbox 328 1039 416 1079; x_wconf 88' lang='lat' dir='ltr'>per</span> <span class='ocrx_word' id='word_1_77' title='bbox 439 1023 566 1068; x_wconf 93' lang='lat' dir='ltr'>enim</span> <span class='ocrx_word' id='word_1_78' title='bbox 590 1023 759 1069; x_wconf 90' lang='lat' dir='ltr'>inserit</span> <span class='ocrx_word' id='word_1_79' title='bbox 784 1033 932 1080; x_wconf 89' lang='lat' dir='ltr'>atque</span> <span class='ocrx_word' id='word_1_80' title='bbox 956 1024 1128 1069; x_wconf 80' lang='lat' dir='ltr'>intexit</span> <span class='ocrx_word' id='word_1_81' title='bbox 1153 1025 1316 1080; x_wconf 89' lang='lat' dir='ltr'>aliqua</span> <span class='ocrx_word' id='word_1_82' title='bbox 1336 1026 1394 1070; x_wconf 89' lang='lat' dir='ltr'>de</span> <span class='ocrx_word' id='word_1_83' title='bbox 1414 1027 1756 1072; x_wconf 88' lang='lat' dir='ltr'>sanctissimae</span> <span class='ocrx_word' id='word_1_84' title='bbox 1776 1029 1951 1073; x_wconf 88' lang='lat' dir='ltr'>eucha-</span> 
     </span>
     <span class='ocr_line' id='line_1_11' title="bbox 328 1099 1952 1157; baseline 0.003 -13"><span class='ocrx_word' id='word_1_85' title='bbox 328 1099 497 1144; x_wconf 86' lang='lat' dir='ltr'>ristiae</span> <span class='ocrx_word' id='word_1_86' title='bbox 522 1110 855 1155; x_wconf 84' lang='lat' dir='ltr'>sacramento,</span> <span class='ocrx_word' id='word_1_87' title='bbox 883 1100 945 1144; x_wconf 90' lang='lat' dir='ltr'>ad</span> <span class='ocrx_word' id='word_1_88' title='bbox 970 1101 1097 1156; x_wconf 91' lang='lat' dir='ltr'>quod</span> <span class='ocrx_word' id='word_1_89' title='bbox 1124 1116 1301 1157; x_wconf 77' lang='lat' dir='ltr'>magna</span> <span class='ocrx_word' id='word_1_90' title='bbox 1327 1117 1436 1145; x_wconf 86' lang='lat' dir='ltr'>cum</span> <span class='ocrx_word' id='word_1_91' title='bbox 1472 1102 1620 1147; x_wconf 90' lang='lat' dir='ltr'>animi</span> <span class='ocrx_word' id='word_1_92' title='bbox 1655 1104 1952 1149; x_wconf 88' lang='lat' dir='ltr'>summissio-</span> 
     </span>
     <span class='ocr_line' id='line_1_12' title="bbox 328 1177 1950 1235; baseline 0.002 -13"><span class='ocrx_word' id='word_1_93' title='bbox 328 1193 388 1222; x_wconf 90' lang='lat' dir='ltr'>ne</span> <span class='ocrx_word' id='word_1_94' title='bbox 413 1177 774 1232; x_wconf 87' lang='lat' dir='ltr'>suscipiendum</span> <span class='ocrx_word' id='word_1_95' title='bbox 799 1178 1046 1229; x_wconf 72' lang='lat' dir='ltr'>hortatur,</span> <span class='ocrx_word' id='word_1_96' title='bbox 1073 1178 1248 1234; x_wconf 86' lang='lat' dir='ltr'>quibus</span> <span class='ocrx_word' id='word_1_97' title='bbox 1284 1179 1432 1222; x_wconf 82' lang='lat' dir='ltr'>rebus</span> <span class='ocrx_word' id='word_1_98' title='bbox 1467 1179 1535 1223; x_wconf 90' lang='lat' dir='ltr'>ita</span> <span class='ocrx_word' id='word_1_99' title='bbox 1570 1179 1950 1235; x_wconf 86' lang='lat' dir='ltr'>inflammantur,</span> 
     </span>
     <span class='ocr_line' id='line_1_13' title="bbox 329 1253 1951 1311; baseline 0.002 -13"><span class='ocrx_word' id='word_1_100' title='bbox 329 1263 381 1299; x_wconf 90' lang='lat' dir='ltr'>ut</span> <span class='ocrx_word' id='word_1_101' title='bbox 405 1255 553 1298; x_wconf 90' lang='lat' dir='ltr'>aliam</span> <span class='ocrx_word' id='word_1_102' title='bbox 580 1253 751 1298; x_wconf 88' lang='lat' dir='ltr'>videre</span> <span class='ocrx_word' id='word_1_103' title='bbox 776 1254 934 1310; x_wconf 88' lang='lat' dir='ltr'>possis</span> <span class='ocrx_word' id='word_1_104' title='bbox 968 1255 1308 1310; x_wconf 87' lang='lat' dir='ltr'>apostolorum</span> <span class='ocrx_word' id='word_1_105' title='bbox 1344 1257 1804 1311; x_wconf 78' lang='lat' dir='ltr'>congregationem,</span> <span class='ocrx_word' id='word_1_106' title='bbox 1843 1273 1951 1302; x_wconf 90' lang='lat' dir='ltr'>cum</span> 
     </span>
     <span class='ocr_line' id='line_1_14' title="bbox 326 1330 1951 1390; baseline 0.002 -14"><span class='ocrx_word' id='word_1_107' title='bbox 326 1346 498 1376; x_wconf 86' lang='lat' dir='ltr'>omnes</span> <span class='ocrx_word' id='word_1_108' title='bbox 522 1330 707 1385; x_wconf 84' lang='lat' dir='ltr'>pariter</span> <span class='ocrx_word' id='word_1_109' title='bbox 731 1331 776 1374; x_wconf 89' lang='lat' dir='ltr'>in</span> <span class='ocrx_word' id='word_1_110' title='bbox 802 1330 973 1375; x_wconf 91' lang='lat' dir='ltr'>eodem</span> <span class='ocrx_word' id='word_1_111' title='bbox 994 1332 1104 1375; x_wconf 88' lang='lat' dir='ltr'>loco</span> <span class='ocrx_word' id='word_1_112' title='bbox 1124 1331 1385 1386; x_wconf 78' lang='lat' dir='ltr'>constipati</span> <span class='ocrx_word' id='word_1_113' title='bbox 1405 1333 1697 1387; x_wconf 84' lang='lat' dir='ltr'>promissum</span> <span class='ocrx_word' id='word_1_114' title='bbox 1717 1333 1951 1390; x_wconf 80' lang='lat' dir='ltr'>Spiritum</span> 
     </span>
     <span class='ocr_line' id='line_1_15' title="bbox 330 1406 1954 1463; baseline 0.002 -11"><span class='ocrx_word' id='word_1_115' title='bbox 330 1406 569 1452; x_wconf 85' lang='lat' dir='ltr'>Sanctum</span> <span class='ocrx_word' id='word_1_116' title='bbox 594 1408 794 1452; x_wconf 87' lang='lat' dir='ltr'>summis</span> <span class='ocrx_word' id='word_1_117' title='bbox 819 1406 946 1452; x_wconf 88' lang='lat' dir='ltr'>uotis</span> <span class='ocrx_word' id='word_1_118' title='bbox 964 1408 1419 1463; x_wconf 76' lang='lat' dir='ltr'>praestolabantur:</span> <span class='ocrx_word' id='word_1_119' title='bbox 1443 1419 1553 1454; x_wconf 91' lang='lat' dir='ltr'>sunt</span> <span class='ocrx_word' id='word_1_120' title='bbox 1573 1411 1699 1455; x_wconf 89' lang='lat' dir='ltr'>enim</span> <span class='ocrx_word' id='word_1_121' title='bbox 1720 1427 1829 1456; x_wconf 88' lang='lat' dir='ltr'>cum</span> <span class='ocrx_word' id='word_1_122' title='bbox 1849 1427 1954 1456; x_wconf 87' lang='lat' dir='ltr'>cor-</span> 
     </span>
     <span class='ocr_line' id='line_1_16' title="bbox 328 1484 1952 1543; baseline 0.002 -14"><span class='ocrx_word' id='word_1_123' title='bbox 328 1500 451 1541; x_wconf 91' lang='lat' dir='ltr'>pore</span> <span class='ocrx_word' id='word_1_124' title='bbox 471 1485 605 1534; x_wconf 76' lang='lat' dir='ltr'>uniti.</span> <span class='ocrx_word' id='word_1_125' title='bbox 629 1486 741 1540; x_wconf 89' lang='lat' dir='ltr'>quia</span> <span class='ocrx_word' id='word_1_126' title='bbox 763 1500 883 1540; x_wconf 86' lang='lat' dir='ltr'>prae</span> <span class='ocrx_word' id='word_1_127' title='bbox 904 1484 994 1529; x_wconf 89' lang='lat' dir='ltr'>loci</span> <span class='ocrx_word' id='word_1_128' title='bbox 1016 1485 1259 1540; x_wconf 77' lang='lat' dir='ltr'>angustiis</span> <span class='ocrx_word' id='word_1_129' title='bbox 1279 1486 1444 1541; x_wconf 84' lang='lat' dir='ltr'>stipati</span> <span class='ocrx_word' id='word_1_130' title='bbox 1465 1502 1667 1531; x_wconf 86' lang='lat' dir='ltr'>manere</span> <span class='ocrx_word' id='word_1_131' title='bbox 1687 1498 1952 1543; x_wconf 80' lang='lat' dir='ltr'>coguntur,</span> 
     </span>
     <span class='ocr_line' id='line_1_17' title="bbox 328 1561 1955 1617; baseline 0.002 -11"><span class='ocrx_word' id='word_1_132' title='bbox 328 1571 430 1606; x_wconf 88' lang='lat' dir='ltr'>tum</span> <span class='ocrx_word' id='word_1_133' title='bbox 455 1578 577 1606; x_wconf 91' lang='lat' dir='ltr'>uero</span> <span class='ocrx_word' id='word_1_134' title='bbox 601 1561 799 1617; x_wconf 87' lang='lat' dir='ltr'>spiritus</span> <span class='ocrx_word' id='word_1_135' title='bbox 821 1561 1138 1617; x_wconf 80' lang='lat' dir='ltr'>colligatione</span> <span class='ocrx_word' id='word_1_136' title='bbox 1163 1562 1561 1613; x_wconf 80' lang='lat' dir='ltr'>coniunctissimi,</span> <span class='ocrx_word' id='word_1_137' title='bbox 1600 1573 1650 1608; x_wconf 90' lang='lat' dir='ltr'>ut</span> <span class='ocrx_word' id='word_1_138' title='bbox 1684 1565 1860 1609; x_wconf 90' lang='lat' dir='ltr'>merito</span> <span class='ocrx_word' id='word_1_139' title='bbox 1895 1565 1955 1610; x_wconf 94' lang='lat' dir='ltr'>de</span> 
     </span>
     <span class='ocr_line' id='line_1_18' title="bbox 328 1638 2005 1698; baseline 0.002 -15"><span class='ocrx_word' id='word_1_140' title='bbox 328 1639 399 1683; x_wconf 90' lang='lat' dir='ltr'>eis</span> <span class='ocrx_word' id='word_1_141' title='bbox 423 1648 538 1684; x_wconf 87' lang='lat' dir='ltr'>tunc</span> <span class='ocrx_word' id='word_1_142' title='bbox 562 1638 799 1694; x_wconf 89' lang='lat' dir='ltr'>temporis</span> <span class='ocrx_word' id='word_1_143' title='bbox 834 1638 925 1683; x_wconf 89' lang='lat' dir='ltr'>dici</span> <span class='ocrx_word' id='word_1_144' title='bbox 961 1638 1130 1693; x_wconf 84' lang='lat' dir='ltr'>possit:</span> <span class='ocrx_word' id='word_1_145' title='bbox 1172 1638 1301 1683; x_wconf 76' lang='lat' dir='ltr'>Ecce</span> <span class='ocrx_word' id='word_1_146' title='bbox 1335 1655 1481 1695; x_wconf 86' lang='lat' dir='ltr'>quam</span> <span class='ocrx_word' id='word_1_147' title='bbox 1514 1641 1693 1685; x_wconf 86' lang='lat' dir='ltr'>bonum</span> <span class='ocrx_word' id='word_1_148' title='bbox 1728 1652 1774 1686; x_wconf 91' lang='lat' dir='ltr'>et</span> <span class='ocrx_word' id='word_1_149' title='bbox 1808 1657 1953 1698; x_wconf 90' lang='lat' dir='ltr'>quam</span> <span class='ocrx_word' id='word_1_150' title='bbox 2003 1659 2005 1663; x_wconf 86' lang='lat'><em>·</em></span> 
     </span>
     <span class='ocr_line' id='line_1_19' title="bbox 329 1715 1955 1772; baseline 0.002 -12"><span class='ocrx_word' id='word_1_151' title='bbox 329 1716 592 1760; x_wconf 90' lang='lat' dir='ltr'>iucundum</span> <span class='ocrx_word' id='word_1_152' title='bbox 619 1715 847 1760; x_wconf 87' lang='lat' dir='ltr'>habitare</span> <span class='ocrx_word' id='word_1_153' title='bbox 872 1715 1057 1760; x_wconf 76' lang='lat' dir='ltr'>fratres</span> <span class='ocrx_word' id='word_1_154' title='bbox 1082 1716 1125 1758; x_wconf 90' lang='lat' dir='ltr'>in</span> <span class='ocrx_word' id='word_1_155' title='bbox 1154 1731 1301 1759; x_wconf 74' lang='lat' dir='ltr'>vnum</span> <span class='ocrx_word' id='word_1_156' title='bbox 1328 1718 1355 1759; x_wconf 78' lang='lat'>1.</span> <span class='ocrx_word' id='word_1_157' title='bbox 1382 1715 1553 1772; x_wconf 81' lang='lat' dir='ltr'>Quare</span> <span class='ocrx_word' id='word_1_158' title='bbox 1587 1727 1637 1761; x_wconf 89' lang='lat' dir='ltr'>ut</span> <span class='ocrx_word' id='word_1_159' title='bbox 1671 1718 1730 1762; x_wconf 90' lang='lat' dir='ltr'>ad</span> <span class='ocrx_word' id='word_1_160' title='bbox 1768 1718 1955 1763; x_wconf 88' lang='lat' dir='ltr'>institu-</span> 
     </span>
     <span class='ocr_line' id='line_1_20' title="bbox 329 1791 1952 1850; baseline 0.001 -13"><span class='ocrx_word' id='word_1_161' title='bbox 329 1802 431 1837; x_wconf 90' lang='lat' dir='ltr'>tum</span> <span class='ocrx_word' id='word_1_162' title='bbox 466 1802 713 1844; x_wconf 87' lang='lat' dir='ltr'>reuertar,</span> <span class='ocrx_word' id='word_1_163' title='bbox 751 1792 984 1848; x_wconf 75' lang='lat' dir='ltr'>frequens</span> <span class='ocrx_word' id='word_1_164' title='bbox 1019 1802 1091 1836; x_wconf 89' lang='lat' dir='ltr'>est</span> <span class='ocrx_word' id='word_1_165' title='bbox 1127 1791 1462 1837; x_wconf 76' lang='lat' dir='ltr'>confitentium</span> <span class='ocrx_word' id='word_1_166' title='bbox 1498 1809 1747 1845; x_wconf 79' lang='lat' dir='ltr'>numerus,</span> <span class='ocrx_word' id='word_1_167' title='bbox 1791 1795 1868 1850; x_wconf 89' lang='lat' dir='ltr'>qui</span> <span class='ocrx_word' id='word_1_168' title='bbox 1908 1795 1952 1840; x_wconf 89' lang='lat' dir='ltr'>in</span> 
     </span>
     <span class='ocr_line' id='line_1_21' title="bbox 331 1868 1955 1926; baseline 0.001 -12"><span class='ocrx_word' id='word_1_169' title='bbox 331 1870 431 1914; x_wconf 88' lang='lat' dir='ltr'>dies</span> <span class='ocrx_word' id='word_1_170' title='bbox 457 1868 617 1925; x_wconf 81' lang='lat' dir='ltr'>magis</span> <span class='ocrx_word' id='word_1_171' title='bbox 642 1869 900 1925; x_wconf 77' lang='lat' dir='ltr'>magisque</span> <span class='ocrx_word' id='word_1_172' title='bbox 919 1879 1148 1924; x_wconf 65' lang='lat' dir='ltr'>augetur,</span> <span class='ocrx_word' id='word_1_173' title='bbox 1172 1885 1233 1913; x_wconf 77' lang='lat' dir='ltr'>ex</span> <span class='ocrx_word' id='word_1_174' title='bbox 1253 1886 1349 1926; x_wconf 89' lang='lat' dir='ltr'>quo</span> <span class='ocrx_word' id='word_1_175' title='bbox 1370 1870 1656 1915; x_wconf 87' lang='lat' dir='ltr'>coniectura</span> <span class='ocrx_word' id='word_1_176' title='bbox 1676 1870 1955 1917; x_wconf 87' lang='lat' dir='ltr'>firmissima</span> 
     </span>
     <span class='ocr_line' id='line_1_22' title="bbox 330 1946 1954 2005; baseline -0.001 -14"><span class='ocrx_word' id='word_1_177' title='bbox 330 1946 505 1991; x_wconf 82' lang='lat' dir='ltr'>adduci</span> <span class='ocrx_word' id='word_1_178' title='bbox 532 1961 806 2001; x_wconf 89' lang='lat' dir='ltr'>possumus,</span> <span class='ocrx_word' id='word_1_179' title='bbox 835 1955 884 1990; x_wconf 92' lang='lat' dir='ltr'>ut</span> <span class='ocrx_word' id='word_1_180' title='bbox 909 1946 1172 1990; x_wconf 81' lang='lat' dir='ltr'>credamus</span> <span class='ocrx_word' id='word_1_181' title='bbox 1208 1947 1489 1991; x_wconf 74' lang='lat' dir='ltr'>uberiorem</span> <span class='ocrx_word' id='word_1_182' title='bbox 1524 1948 1678 1991; x_wconf 91' lang='lat' dir='ltr'>multo</span> <span class='ocrx_word' id='word_1_183' title='bbox 1713 1957 1760 1992; x_wconf 92' lang='lat' dir='ltr'>et</span> <span class='ocrx_word' id='word_1_184' title='bbox 1794 1949 1954 2005; x_wconf 72' lang='lat' dir='ltr'>copio-</span> 
     </span>
     <span class='ocr_line' id='line_1_23' title="bbox 329 2022 1956 2081; baseline 0.001 -13"><span class='ocrx_word' id='word_1_185' title='bbox 329 2023 510 2068; x_wconf 90' lang='lat' dir='ltr'>siorem</span> <span class='ocrx_word' id='word_1_186' title='bbox 555 2022 768 2067; x_wconf 80' lang='lat' dir='ltr'>fructum</span> <span class='ocrx_word' id='word_1_187' title='bbox 814 2031 1101 2078; x_wconf 89' lang='lat' dir='ltr'>perceptum</span> <span class='ocrx_word' id='word_1_188' title='bbox 1147 2023 1220 2073; x_wconf 82' lang='lat' dir='ltr'>iri,</span> <span class='ocrx_word' id='word_1_189' title='bbox 1263 2023 1302 2067; x_wconf 89' lang='lat' dir='ltr'>si</span> <span class='ocrx_word' id='word_1_190' title='bbox 1346 2024 1558 2068; x_wconf 87' lang='lat' dir='ltr'>ecclesia</span> <span class='ocrx_word' id='word_1_191' title='bbox 1602 2039 1764 2079; x_wconf 82' lang='lat' dir='ltr'>capax</span> <span class='ocrx_word' id='word_1_192' title='bbox 1807 2035 1956 2081; x_wconf 90' lang='lat' dir='ltr'>atque</span> 
     </span>
     <span class='ocr_line' id='line_1_24' title="bbox 329 2098 1952 2155; baseline 0.001 -11"><span class='ocrx_word' id='word_1_193' title='bbox 329 2100 555 2144; x_wconf 86' lang='lat' dir='ltr'>omnibus</span> <span class='ocrx_word' id='word_1_194' title='bbox 581 2108 754 2155; x_wconf 88' lang='lat' dir='ltr'>patens</span> <span class='ocrx_word' id='word_1_195' title='bbox 779 2099 822 2143; x_wconf 88' lang='lat' dir='ltr'>in</span> <span class='ocrx_word' id='word_1_196' title='bbox 847 2098 985 2143; x_wconf 89' lang='lat' dir='ltr'>urbis</span> <span class='ocrx_word' id='word_1_197' title='bbox 1009 2098 1277 2143; x_wconf 85' lang='lat' dir='ltr'>meditullio</span> <span class='ocrx_word' id='word_1_198' title='bbox 1303 2100 1442 2144; x_wconf 84' lang='lat' dir='ltr'>nobis</span> <span class='ocrx_word' id='word_1_199' title='bbox 1477 2110 1606 2145; x_wconf 89' lang='lat' dir='ltr'>esset</span> <span class='ocrx_word' id='word_1_200' title='bbox 1642 2101 1703 2145; x_wconf 90' lang='lat' dir='ltr'>ad</span> <span class='ocrx_word' id='word_1_201' title='bbox 1739 2117 1952 2152; x_wconf 78' lang='lat' dir='ltr'>manum,</span> 
     </span>
     <span class='ocr_line' id='line_1_25' title="bbox 330 2174 1955 2233; baseline 0.001 -12"><span class='ocrx_word' id='word_1_202' title='bbox 330 2192 476 2232; x_wconf 92' lang='lat' dir='ltr'>quam</span> <span class='ocrx_word' id='word_1_203' title='bbox 505 2177 632 2220; x_wconf 88' lang='lat' dir='ltr'>haud</span> <span class='ocrx_word' id='word_1_204' title='bbox 658 2174 934 2228; x_wconf 78' lang='lat' dir='ltr'>diffidimus,</span> <span class='ocrx_word' id='word_1_205' title='bbox 960 2175 1066 2219; x_wconf 85' lang='lat' dir='ltr'>Deo</span> <span class='ocrx_word' id='word_1_206' title='bbox 1086 2175 1413 2231; x_wconf 56' lang='lat' dir='ltr'>dantebreui</span> <span class='ocrx_word' id='word_1_207' title='bbox 1433 2188 1804 2233; x_wconf 89' lang='lat' dir='ltr'>assequuturos.</span> <span class='ocrx_word' id='word_1_208' title='bbox 1828 2178 1955 2223; x_wconf 87' lang='lat' dir='ltr'>Nam</span> 
     </span>
     <span class='ocr_line' id='line_1_26' title="bbox 329 2252 1956 2309; baseline 0.001 -11"><span class='ocrx_word' id='word_1_209' title='bbox 329 2254 369 2298; x_wconf 89' lang='grc'>51</span> <span class='ocrx_word' id='word_1_210' title='bbox 393 2253 588 2309; x_wconf 88' lang='lat' dir='ltr'>quando</span> <span class='ocrx_word' id='word_1_211' title='bbox 613 2252 738 2297; x_wconf 92' lang='lat' dir='ltr'>illius</span> <span class='ocrx_word' id='word_1_212' title='bbox 763 2253 926 2308; x_wconf 90' lang='lat' dir='ltr'>aliqua</span> <span class='ocrx_word' id='word_1_213' title='bbox 950 2268 1039 2297; x_wconf 88' lang='lat' dir='ltr'>nos</span> <span class='ocrx_word' id='word_1_214' title='bbox 1063 2253 1219 2297; x_wconf 88' lang='lat' dir='ltr'>tenuit</span> <span class='ocrx_word' id='word_1_215' title='bbox 1253 2268 1382 2308; x_wconf 79' lang='lat' dir='ltr'>spes:</span> <span class='ocrx_word' id='word_1_216' title='bbox 1420 2269 1548 2298; x_wconf 90' lang='lat' dir='ltr'>nunc</span> <span class='ocrx_word' id='word_1_217' title='bbox 1582 2270 1702 2299; x_wconf 92' lang='lat' dir='ltr'>uero</span> <span class='ocrx_word' id='word_1_218' title='bbox 1742 2255 1956 2300; x_wconf 85' lang='lat' dir='ltr'>maxime</span> 
     </span>
     <span class='ocr_line' id='line_1_27' title="bbox 329 2329 1956 2387; baseline 0.001 -13"><span class='ocrx_word' id='word_1_219' title='bbox 329 2331 587 2386; x_wconf 84' lang='lat' dir='ltr'>praelucet</span> <span class='ocrx_word' id='word_1_220' title='bbox 611 2329 655 2373; x_wconf 91' lang='lat' dir='ltr'>in</span> <span class='ocrx_word' id='word_1_221' title='bbox 682 2339 950 2385; x_wconf 87' lang='lat' dir='ltr'>posterum,</span> <span class='ocrx_word' id='word_1_222' title='bbox 978 2330 1293 2374; x_wconf 74' lang='lat' dir='ltr'>senatoribus</span> <span class='ocrx_word' id='word_1_223' title='bbox 1318 2330 1542 2375; x_wconf 90' lang='lat' dir='ltr'>omnibus</span> <span class='ocrx_word' id='word_1_224' title='bbox 1566 2330 1707 2375; x_wconf 89' lang='lat' dir='ltr'>huius</span> <span class='ocrx_word' id='word_1_225' title='bbox 1733 2332 1956 2387; x_wconf 86' lang='lat' dir='ltr'>reipubli-</span> 
     </span>
     <span class='ocr_line' id='line_1_28' title="bbox 330 2405 1956 2463; baseline 0 -11"><span class='ocrx_word' id='word_1_226' title='bbox 330 2423 420 2452; x_wconf 86' lang='lat' dir='ltr'>cae</span> <span class='ocrx_word' id='word_1_227' title='bbox 444 2422 555 2452; x_wconf 92' lang='lat' dir='ltr'>cum</span> <span class='ocrx_word' id='word_1_228' title='bbox 582 2406 817 2451; x_wconf 88' lang='lat' dir='ltr'>uniuersa</span> <span class='ocrx_word' id='word_1_229' title='bbox 842 2405 945 2450; x_wconf 71' lang='lat' dir='ltr'>fere</span> <span class='ocrx_word' id='word_1_230' title='bbox 969 2406 1171 2451; x_wconf 89' lang='lat' dir='ltr'>ciuitate</span> <span class='ocrx_word' id='word_1_231' title='bbox 1196 2407 1239 2450; x_wconf 92' lang='lat' dir='ltr'>id</span> <span class='ocrx_word' id='word_1_232' title='bbox 1266 2407 1611 2463; x_wconf 82' lang='lat' dir='ltr'>expetentibus</span> <span class='ocrx_word' id='word_1_233' title='bbox 1635 2417 1683 2452; x_wconf 89' lang='lat' dir='ltr'>et</span> <span class='ocrx_word' id='word_1_234' title='bbox 1707 2424 1735 2453; x_wconf 89' lang='lat' dir='ltr'>a</span> <span class='ocrx_word' id='word_1_235' title='bbox 1765 2424 1956 2452; x_wconf 89' lang='lat' dir='ltr'>summo</span> 
     </span>
     <span class='ocr_line' id='line_1_29' title="bbox 332 2482 1955 2540; baseline 0 -12"><span class='ocrx_word' id='word_1_236' title='bbox 332 2482 577 2540; x_wconf 89' lang='lat' dir='ltr'>pontifice,</span> <span class='ocrx_word' id='word_1_237' title='bbox 605 2482 855 2539; x_wconf 82' lang='lat' dir='ltr'>legatione</span> <span class='ocrx_word' id='word_1_238' title='bbox 880 2482 938 2526; x_wconf 94' lang='lat' dir='ltr'>de</span> <span class='ocrx_word' id='word_1_239' title='bbox 963 2498 1022 2527; x_wconf 90' lang='lat' dir='ltr'>ea</span> <span class='ocrx_word' id='word_1_240' title='bbox 1048 2497 1100 2526; x_wconf 90' lang='lat' dir='ltr'>re</span> <span class='ocrx_word' id='word_1_241' title='bbox 1125 2483 1184 2526; x_wconf 89' lang='lat' dir='ltr'>ad</span> <span class='ocrx_word' id='word_1_242' title='bbox 1211 2499 1322 2527; x_wconf 90' lang='lat' dir='ltr'>eum</span> <span class='ocrx_word' id='word_1_243' title='bbox 1343 2483 1509 2531; x_wconf 75' lang='lat' dir='ltr'>missa.</span> <span class='ocrx_word' id='word_1_244' title='bbox 1533 2483 1658 2528; x_wconf 91' lang='lat' dir='ltr'>idem</span> <span class='ocrx_word' id='word_1_245' title='bbox 1680 2483 1955 2540; x_wconf 73' lang='lat' dir='ltr'>efflagitan-</span> 
     </span>
     <span class='ocr_line' id='line_1_30' title="bbox 330 2559 1953 2616; baseline 0 -11"><span class='ocrx_word' id='word_1_246' title='bbox 330 2560 475 2611; x_wconf 84' lang='lat' dir='ltr'>tibus;</span> <span class='ocrx_word' id='word_1_247' title='bbox 523 2559 606 2604; x_wconf 91' lang='lat' dir='ltr'>sed</span> <span class='ocrx_word' id='word_1_248' title='bbox 654 2559 882 2616; x_wconf 87' lang='lat' dir='ltr'>quoniam</span> <span class='ocrx_word' id='word_1_249' title='bbox 929 2574 1092 2603; x_wconf 88' lang='lat' dir='ltr'>rerum</span> <span class='ocrx_word' id='word_1_250' title='bbox 1140 2560 1355 2604; x_wconf 89' lang='lat' dir='ltr'>omnium</span> <span class='ocrx_word' id='word_1_251' title='bbox 1397 2560 1559 2604; x_wconf 79' lang='lat' dir='ltr'>exitus</span> <span class='ocrx_word' id='word_1_252' title='bbox 1609 2560 1783 2605; x_wconf 89' lang='lat' dir='ltr'>incerti</span> <span class='ocrx_word' id='word_1_253' title='bbox 1828 2572 1953 2612; x_wconf 85' lang='lat' dir='ltr'>sunt,</span> 
     </span>
     <span class='ocr_line' id='line_1_31' title="bbox 332 2635 1955 2692; baseline 0.001 -11"><span class='ocrx_word' id='word_1_254' title='bbox 332 2637 492 2681; x_wconf 93' lang='lat' dir='ltr'>adhuc</span> <span class='ocrx_word' id='word_1_255' title='bbox 517 2636 783 2692; x_wconf 89' lang='lat' dir='ltr'>pendemus</span> <span class='ocrx_word' id='word_1_256' title='bbox 807 2636 986 2689; x_wconf 87' lang='lat' dir='ltr'>animO,</span> <span class='ocrx_word' id='word_1_257' title='bbox 1013 2645 1060 2680; x_wconf 90' lang='lat' dir='ltr'>et</span> <span class='ocrx_word' id='word_1_258' title='bbox 1083 2635 1129 2679; x_wconf 90' lang='lat' dir='ltr'>in</span> <span class='ocrx_word' id='word_1_259' title='bbox 1154 2636 1245 2680; x_wconf 86' lang='lat' dir='ltr'>hac</span> <span class='ocrx_word' id='word_1_260' title='bbox 1277 2652 1361 2691; x_wconf 87' lang='lat' dir='ltr'>spe</span> <span class='ocrx_word' id='word_1_261' title='bbox 1396 2637 1767 2692; x_wconf 85' lang='lat' dir='ltr'>requiescimus,</span> <span class='ocrx_word' id='word_1_262' title='bbox 1795 2637 1955 2682; x_wconf 91' lang='lat' dir='ltr'>Deum</span> 
     </span>
     <span class='ocr_line' id='line_1_32' title="bbox 331 2712 1955 2769; baseline 0 -11"><span class='ocrx_word' id='word_1_263' title='bbox 331 2713 518 2759; x_wconf 88' lang='lat' dir='ltr'>scilicet</span> <span class='ocrx_word' id='word_1_264' title='bbox 543 2728 693 2769; x_wconf 87' lang='lat' dir='ltr'>supra</span> <span class='ocrx_word' id='word_1_265' title='bbox 718 2728 863 2768; x_wconf 90' lang='lat' dir='ltr'>quam</span> <span class='ocrx_word' id='word_1_266' title='bbox 889 2727 978 2756; x_wconf 89' lang='lat' dir='ltr'>nos</span> <span class='ocrx_word' id='word_1_267' title='bbox 1012 2712 1300 2757; x_wconf 87' lang='lat' dir='ltr'>desiderare</span> <span class='ocrx_word' id='word_1_268' title='bbox 1334 2713 1621 2769; x_wconf 89' lang='lat' dir='ltr'>poterimus,</span> <span class='ocrx_word' id='word_1_269' title='bbox 1659 2714 1821 2758; x_wconf 90' lang='lat' dir='ltr'>omnia</span> <span class='ocrx_word' id='word_1_270' title='bbox 1846 2729 1955 2758; x_wconf 83' lang='lat' dir='ltr'>sua-</span> 
     </span>
     <span class='ocr_line' id='line_1_33' title="bbox 331 2789 852 2845; baseline -0.002 -11"><span class='ocrx_word' id='word_1_271' title='bbox 331 2790 461 2835; x_wconf 87' lang='lat' dir='ltr'>uiter</span> <span class='ocrx_word' id='word_1_272' title='bbox 485 2789 852 2845; x_wconf 89' lang='lat' dir='ltr'>dispositurum.</span> 
     </span>
    </p>

    <p class='ocr_par' dir='ltr' id='par_1_3' title="bbox 331 2865 1954 2998">
     <span class='ocr_line' id='line_1_34' title="bbox 391 2865 1954 2922; baseline -0.001 -11"><span class='ocrx_word' id='word_1_273' title='bbox 391 2866 432 2911; x_wconf 81' lang='lat'>2.</span> <span class='ocrx_word' id='word_1_274' title='bbox 500 2865 767 2911; x_wconf 90' lang='lat' dir='ltr'>Caeterum</span> <span class='ocrx_word' id='word_1_275' title='bbox 793 2881 920 2922; x_wconf 91' lang='lat' dir='ltr'>quae</span> <span class='ocrx_word' id='word_1_276' title='bbox 945 2866 1184 2910; x_wconf 90' lang='lat' dir='ltr'>hactenus</span> <span class='ocrx_word' id='word_1_277' title='bbox 1207 2866 1419 2910; x_wconf 82' lang='lat' dir='ltr'>diximus</span> <span class='ocrx_word' id='word_1_278' title='bbox 1443 2866 1501 2911; x_wconf 92' lang='lat' dir='ltr'>de</span> <span class='ocrx_word' id='word_1_279' title='bbox 1527 2866 1746 2911; x_wconf 89' lang='lat' dir='ltr'>uirorum</span> <span class='ocrx_word' id='word_1_280' title='bbox 1766 2875 1954 2911; x_wconf 89' lang='lat' dir='ltr'>tantum</span> 
     </span>
     <span class='ocr_line' id='line_1_35' title="bbox 331 2942 1954 2998; baseline 0 -11"><span class='ocrx_word' id='word_1_281' title='bbox 331 2942 560 2998; x_wconf 80' lang='lat' dir='ltr'>profectu</span> <span class='ocrx_word' id='word_1_282' title='bbox 586 2942 835 2987; x_wconf 87' lang='lat' dir='ltr'>intellecta</span> <span class='ocrx_word' id='word_1_283' title='bbox 860 2943 1106 2995; x_wconf 83' lang='lat' dir='ltr'>volumus,</span> <span class='ocrx_word' id='word_1_284' title='bbox 1134 2942 1193 2986; x_wconf 89' lang='lat' dir='ltr'>de</span> <span class='ocrx_word' id='word_1_285' title='bbox 1218 2943 1502 2987; x_wconf 89' lang='lat' dir='ltr'>mulieribus</span> <span class='ocrx_word' id='word_1_286' title='bbox 1527 2952 1693 2988; x_wconf 90' lang='lat' dir='ltr'>autem</span> <span class='ocrx_word' id='word_1_287' title='bbox 1728 2943 1854 2988; x_wconf 92' lang='lat' dir='ltr'>idem</span> <span class='ocrx_word' id='word_1_288' title='bbox 1891 2943 1954 2987; x_wconf 91' lang='lat' dir='ltr'>di-</span> 
     </span>
    </p>
   </div>
   <div class='ocr_carea' id='block_1_3' title="bbox 382 3108 802 3150">
    <p class='ocr_par' dir='ltr' id='par_1_4' title="bbox 382 3108 802 3150">
     <span class='ocr_line' id='line_1_36' title="bbox 382 3108 802 3150; baseline 0 -6"><span class='ocrx_word' id='word_1_289' title='bbox 382 3110 389 3127; x_wconf 81' lang='lat'>¹</span> <span class='ocrx_word' id='word_1_290' title='bbox 444 3109 508 3144; x_wconf 70' lang='lat' dir='ltr'>Ps.</span> <span class='ocrx_word' id='word_1_291' title='bbox 533 3108 746 3150; x_wconf 76' lang='lat' dir='ltr'>CXXXII,</span> <span class='ocrx_word' id='word_1_292' title='bbox 772 3111 802 3144; x_wconf 87' lang='grc'>1.</span> 
     </span>
    </p>
   </div>
  </div>
 </body>
</html>
