2051 3516
630 280 894 317 75.—PRAGA
924 278 1106 325 28JUL11
1136 279 1225 314 1557
1625 279 1695 315 313

165 378 208 422 8.
274 376 418 421 Alius
442 376 735 432 catholicus,
763 376 925 431 iudex,
953 375 999 419 in
1025 390 1185 431 parua
1210 375 1413 419 ciuitate
1456 376 1465 398 ¹
1494 390 1523 419 a
1555 375 1739 419 Floria-

107 469 169 498 no
195 452 422 497 visitatus
447 462 595 509 atque
621 468 708 508 per
733 462 888 497 totam
914 460 1112 496 noctem
1137 451 1446 499 adhortatus,
1475 457 1583 495 cum
1611 460 1742 496 esset

106 530 152 575 in
177 529 413 575 extremis
437 544 529 574 nec
563 530 771 586 amplius
805 528 935 584 loqui
970 537 1139 584 posset
1174 527 1321 582 (vxor
1356 527 1483 571 enim
1520 528 1623 572 eius
1657 544 1738 572 no-

106 608 269 652 luerat
291 622 402 651 eum
428 605 668 659 confiteri,
695 622 770 662 ne,
799 605 836 650 si
861 604 1119 650 confessus
1153 614 1301 654 esset,
1338 603 1480 648 citius
1521 619 1736 648 morere-

104 684 221 741 tur);
263 683 462 728 tandem
502 698 613 727 cum
653 684 839 738 absque
884 681 1225 726 consolatione
1267 680 1511 736 spirituali
1555 680 1740 735 praesi-

105 760 282 816 dioque
308 759 451 816 (proh
476 759 636 816 dolor)
667 760 854 816 absque
888 757 1198 803 confessione
1232 757 1384 813 ipsius
1417 756 1582 801 anima
1616 757 1739 812 peri-

105 839 365 883 clitaretur
405 837 651 893 (quamuis
690 835 948 881 confessus
986 850 1083 879 non
1122 834 1288 888 fuerit,
1336 833 1467 889 quod
1513 834 1557 878 in
1603 834 1742 878 nobis

105 915 232 960 enim
256 913 346 959 fuit
381 913 606 970 fecimus)
642 922 863 958 attamen
897 912 1144 957 constanti
1179 911 1424 956 desiderio
1459 910 1741 956 confitendi-

105 1007 198 1047 que
237 990 494 1047 proposito
534 990 593 1046 (si
633 990 874 1046 potuisset
919 987 1180 1045 confiteri),
1228 988 1469 1033 contritus
1510 1003 1630 1033 sane
1670 988 1742 1043 (ut

105 1067 383 1125 speramus)
408 1067 455 1112 in
481 1066 695 1111 Domino
720 1065 985 1122 expirauit;
1024 1065 1216 1110 tardius
1251 1075 1416 1110 tamen
1451 1064 1619 1109 vocati
1653 1063 1740 1109 fui-

104 1160 213 1189 mus
236 1153 385 1200 atque
411 1155 671 1200 postquam
698 1158 872 1188 vocem
896 1142 1207 1198 perdidisset.

165 1221 207 1266 9.
275 1220 328 1265 In
373 1219 548 1265 officiis
588 1221 760 1265 domus
800 1219 1013 1264 nouitios
1052 1219 1293 1263 habemus
1332 1233 1620 1275 germanos,
1662 1218 1743 1275 qui

106 1297 334 1354 profecto
360 1312 473 1341 cum
503 1297 692 1342 versari
719 1297 930 1341 debeant
968 1311 1027 1340 ac
1063 1295 1194 1351 loqui
1229 1294 1499 1350 extraneis,
1522 1294 1740 1351 aliquan-

104 1375 166 1419 do
190 1374 345 1419 variis
370 1373 723 1419 tentationibus
745 1382 859 1418 sunt
883 1372 1100 1423 obnoxii,
1129 1371 1257 1427 quod
1283 1371 1478 1427 ipsimet
1502 1371 1739 1417 fatentur.

106 1451 248 1496 Alius
271 1460 346 1496 est
370 1451 416 1495 in
441 1460 603 1506 porta,
631 1450 754 1495 alius
780 1449 826 1494 in
851 1449 1139 1504 refectorio⁷
1168 1448 1294 1493 alius
1324 1464 1448 1494 vero
1472 1448 1519 1493 in
1544 1448 1743 1493 minima

105 1528 282 1584 classe,
309 1528 434 1572 alius
459 1527 504 1572 in
530 1527 814 1584 penultima,
842 1527 984 1581 alius,
1014 1526 1206 1570 emendi
1230 1526 1414 1581 gratia,
1441 1525 1581 1571 exire
1611 1535 1742 1571 tene-

104 1615 202 1660 tur,
230 1614 379 1661 atque
414 1604 543 1649 inter
568 1605 770 1650 boemos
805 1604 1028 1649 bo'emice
1062 1603 1209 1659 loqui.
1238 1602 1480 1648 Extranei
1515 1603 1742 1659 frequen-

104 1691 182 1727 ter
221 1683 385 1727 scolas
424 1681 626 1734 intrant,
659 1697 717 1726 ac
756 1682 847 1726 sub
885 1690 1119 1737 pretextu
1158 1680 1272 1730 alio,
1299 1680 1406 1735 illis,
1435 1695 1556 1737 quos
1595 1696 1742 1725 noue-

107 1768 237 1815 runt‚
275 1758 422 1804 sociis
457 1759 752 1815 quandoque
787 1758 975 1814 loquuti
1011 1767 1138 1802 sunt.
1178 1756 1403 1813 Cumque
1443 1757 1744 1803 tentationes

106 1836 169 1881 ab
194 1835 285 1880 illis
310 1835 576 1892 aliquando
602 1835 734 1891 passi
759 1834 982 1890 fuissent,
1006 1844 1154 1891 atque
1191 1834 1340 1879 etiam
1360 1834 1643 1891 grauiores,
1666 1849 1741 1879 ro-

105 1921 290 1970 garunt
313 1928 390 1958 me
414 1913 612 1969 quidam
637 1922 688 1957 ut
713 1912 775 1957 ad
800 1912 931 1957 aliud
957 1912 1220 1968 collegium
1247 1910 1517 1957 Societatis
1541 1912 1741 1968 ablega-

108 2006 227 2043 rem,
256 2006 350 2046 quo
385 1990 636 2035 sociorum
672 2005 733 2035 ac
767 1989 1256 2046 consanguineorum
1281 1989 1617 2046 praesentiam
1643 2004 1740 2033 mo-

105 2067 279 2113 lestam
312 2067 560 2123 fugerent:
590 2067 719 2124 quod
743 2066 971 2123 prof-ecto
1006 2082 1100 2111 non
1136 2081 1335 2122 possum
1372 2066 1675 2123 improbare,
1702 2066 1742 2111 si

104 2145 185 2190 alii
209 2145 255 2190 in
281 2160 453 2190 eorum
479 2146 640 2190 locum
664 2145 804 2190 nobis
829 2144 1161 2189 mitterentur.
1183 2144 1295 2189 Hoc
1318 2152 1485 2189 tamen
1506 2159 1602 2188 vno
1621 2159 1741 2200 gau-

108 2221 197 2266 deo
221 2222 350 2278 quod
374 2237 547 2267 eorum
572 2221 926 2267 tentationibus
962 2236 1057 2265 non
1093 2236 1268 2277 parum
1293 2221 1487 2265 luminis
1522 2221 1565 2265 in
1594 2221 1742 2266 rebus

104 2298 285 2343 nostris
316 2298 480 2354 adepti
504 2313 689 2343 sumus.
717 2297 905 2343 Omnes
939 2298 1108 2343 nouitii
1144 2298 1388 2354 (mirabile
1423 2298 1554 2342 dictu
1590 2297 1634 2342 in
1670 2297 1741 2342 his

105 2374 412 2432 regionibus)
436 2376 728 2432 frequenter
762 2375 950 2420 faciunt
985 2375 1268 2432 disciplinas
1292 2375 1516 2430 aliasque
1542 2374 1741 2419 mortifi-

106 2452 345 2504 cationes,
372 2468 565 2498 necnon
590 2453 738 2497 etiam
773 2452 853 2497 alii
887 2451 1075 2497 fratres
1099 2467 1210 2497 cum
1238 2467 1422 2508 magna
1448 2451 1740 2507 resignatio—

106 2544 182 2574 ne.
208 2529 363 2575 Pauci
387 2545 555 2575 sumus
578 2529 887 2585 sacerdotes,
915 2544 1006 2574 nec
1038 2528 1290 2586 respirare
1326 2528 1622 2584 quandoque
1655 2544 1740 2573 va-

106 2607 220 2653 lent.
243 2607 449 2652 Vtinam
475 2607 663 2663 aliquot
686 2607 826 2652 breui
851 2607 1112 2652 mittantur
1136 2606 1233 2651 alii.

194 2683 438 2741 Magister
458 2683 722 2731 Gerardus
746 2700 841 2729 non
866 2694 940 2729 est
958 2684 1151 2741 ineptus
1171 2683 1233 2728 ad
1252 2681 1587 2727 sacerdotium
1606 2682 1742 2739 (mihi

110 2760 341 2817 videtur).
1663 2766 1668 2773 '

169 2837 236 2882 10.
304 2836 523 2895 Singulis
548 2838 834 2895 septimanis
865 2838 1186 2883 conuenimus
1211 2835 1498 2881 sacerdotes
1523 2836 1583 2882 de
1607 2846 1740 2883 statu

158 3033 167 3051 ¹
219 3031 375 3078 Agitur
393 3033 441 3069 de
461 3033 533 3069 illa
552 3033 662 3068 urbis
681 3032 843 3078 Pragae
864 3038 992 3078 parte,
1015 3032 1064 3067 ad
1089 3031 1293 3067 sinistram
1316 3030 1493 3068 fluminis
1520 3032 1740 3072 Moldavae

108 3090 252 3138 ripam,
273 3104 377 3138 quae
396 3092 631 3138 germanice
651 3092 796 3129 dicitur
814 3091 1057 3130 Kleinseite,
1080 3089 1289 3127 bohemice
1309 3090 1436 3127 Mala‘
1456 3090 1618 3129 Strana.
