2051 3516
632 312 954 350 isa-humo
984 312 1160 359 16JUL11
1191 313 1282 348 1533
1659 310 1724 346 751

229 402 441 459 Verum,
469 419 529 449 ne
555 406 813 453 breuitatis
848 406 969 452 fines
1003 416 1276 462 transeam,
1314 405 1386 450 his
1421 403 1632 460 omissis,
1668 404 1774 449 bre-

138 478 344 525 uissime
388 494 667 537 prosequar
706 484 882 540 quibus
926 482 1236 529 obedientiae
1275 482 1405 527 uotis
1444 479 1771 526 satisfaciam.

139 555 306 612 Atque
330 570 390 600 ea
415 557 550 612 prius
570 558 733 605 dicam
758 560 886 606 unde
910 560 970 605 R.
998 559 1051 605 Ρ.
1079 569 1165 605 tua
1188 559 1387 615 singula
1406 556 1580 602 melius
1602 556 1773 603 intelli-

126 647 277 689 gere,
306 641 353 677 et
377 647 506 688 quae
540 637 826 682 necessario
861 635 1309 694 praetermittenda
1343 649 1542 689 censeO,
1576 633 1773 679 facilius

126 708 428 754 >coniectura
453 712 738 767 perspicere
764 714 948 758 ualeat.

194 789 234 835 2.
304 789 432 836 Cum
456 791 609 848 igitur
641 794 698 839 R.
734 794 788 840 P.
822 795 1119 841 Benedictus
1153 802 1453 840 sacrosanto
1488 792 1770 849 quadrage-

132 867 260 913 narii
283 867 447 914 ieiunii
472 878 713 927 tempore,
742 873 890 928 paulo
915 881 1183 928 antequam
1212 870 1455 917 Venetias
1489 868 1769 926 proficisce-

133 953 290 999 retur,
318 944 496 990 Pataui
521 962 572 992 se
592 948 1003 993 concionaturum
1028 949 1221 1005 publice
1242 947 1566 1005 promisisset,
1589 947 1770 993 accidit

128 1031 197 1078 ut,
223 1021 545 1078 grauioribus
569 1024 862 1080 quibusdam
881 1025 1095 1081 negotiis
1115 1025 1392 1082 impeditus,
1420 1024 1644 1069 Venetiis
1663 1024 1763 1070 diu-

131 1097 225 1143 tius
249 1097 620 1145 immoraretur:
649 1101 974 1157 quamobrem
998 1101 1236 1157 patauini,
1264 1116 1413 1146 sacro
1439 1111 1664 1157 tempore
1683 1116 1766 1158 ap-

132 1175 517 1232 propinquante,
565 1188 798 1223 uerentes
843 1193 904 1223 ne
949 1177 1078 1222 forte
1126 1188 1358 1223 venetum
1408 1178 1643 1234 precibus
1688 1179 1773 1223 uel

130 1252 282 1309 ipsius
312 1262 517 1298 senatus
550 1254 852 1300 auctoritate
886 1264 1109 1311 coactus,
1146 1254 1395 1311 promissa
1429 1269 1523 1299 non
1555 1253 1765 1312 faceret,

127 1329 254 1375 illius
280 1329 470 1375 reditus
493 1331 620 1376 adeo
646 1332 843 1377 solliciti
867 1340 1026 1387 erant,
1055 1341 1107 1377 ut
1132 1331 1272 1376 nobis
1297 1331 1508 1376 assiduis
1533 1332 1591 1376 de
1616 1346 1675 1376 eo
1700 1332 1765 1376 in-

128 1406 554 1463 terrogationibus
605 1409 884 1453 molestiam
934 1408 1040 1454 fere
1090 1416 1343 1465 parerent;
1397 1407 1599 1453 Patrem
1646 1423 1767 1453 uero

126 1483 465 1540 compluribus
490 1498 551 1529 ac
575 1485 767 1530 crebris
792 1485 970 1531 litteris
993 1500 1209 1530 euocare
1243 1500 1341 1530 non
1365 1494 1642 1541 cessarent,
1669 1486 1767 1541 pol-

129 1559 428 1606 licitationes
475 1562 674 1615 multaS,
722 1578 813 1608 nec
851 1578 948 1607 non
988 1555 1295 1608 certissimas
1339 1576 1451 1618 spes
1495 1561 1637 1606 huius
1676 1561 1771 1607 loci

131 1638 447 1695 episcopatus
473 1638 727 1684 addentes.
762 1639 1024 1685 Postremo
1060 1649 1246 1695 autem,
1285 1653 1458 1683 morae
1493 1638 1651 1683 omnis
1686 1638 1768 1683 im-

127 1715 395 1771 patientes,
439 1715 684 1761 Venetias
731 1717 1013 1774 complures
1059 1717 1271 1773 profecti
1316 1731 1414 1761 non
1458 1715 1595 1772 prius
1639 1715 1770 1761 illinc

128 1792 382 1838 discedere
408 1794 690 1851 uoluerunt,
720 1810 867 1851 quam
890 1794 1091 1840 Patrem
1123 1810 1221 1839 una
1245 1809 1413 1839 secum
1445 1794 1763 1839 deducerent.

127 1870 470 1927 Quamobrem
494 1871 625 1917 haud
649 1871 846 1918 difficile
870 1873 1072 1929 quilibet
1090 1888 1153 1918 ex
1178 1873 1271 1918 lioc
1290 1872 1569 1929 intelligere
1590 1881 1768 1929 potest,

129 1958 367 2004 quantum
402 1948 724 1994 concionibus
757 1949 859 1995 suis
892 1949 1178 2006 profecerit.
1220 1949 1414 1995 Etenim
1450 1947 1766 1994 clementissi-

129 2041 234 2070 mus
259 2035 307 2070 et
332 2025 714 2082 benignissimus
738 2026 891 2087 Deus,
919 2027 998 2083 qui
1022 2043 1268 2072 summum
1300 2026 1598 2072 desiderium
1617 2036 1767 2082 atque

129 2119 352 2148 amorem
392 2103 588 2148 diuinae
619 2104 745 2161 legis
780 2106 959 2161 populo
995 2105 1180 2161 tribuit,
1220 2105 1347 2150 idem
1382 2114 1493 2161 post
1528 2105 1767 2149 alacriter

128 2180 293 2225 omnia
339 2180 622 2237 perficiendi
666 2181 885 2238 gratiam
929 2182 1190 2227 concessit.
1238 2180 1351 2227 Tali
1396 2190 1562 2227 autem
1605 2181 1765 2226 studio

128 2257 357 2302 audiendi
382 2256 546 2302 Patris
570 2258 727 2303 nostri
746 2259 1008 2304 uniuersus
1028 2259 1237 2316 populus
1256 2258 1524 2315 flagrabat,
1548 2269 1601 2303 ut
1624 2268 1765 2303 tanta

128 2334 378 2378 hominum
403 2334 685 2391 frequentia
709 2336 770 2380 ad
795 2335 899 2381 eius
924 2335 1189 2382 conciones
1209 2336 1533 2391 undecunque
1558 2350 1763 2380 concur-

129 2420 280 2464 reret,
308 2420 546 2467 quantam
572 2412 654 2456 uix
678 2427 896 2469 unquam
925 2413 1053 2458 ullus
1088 2413 1164 2458 hic
1200 2412 1481 2457 meminisse
1517 2412 1758 2458 uideatur.

183 2488 226 2533 3.
294 2487 605 2533 Cunctorum
629 2505 752 2534 uero
777 2489 1028 2535 interioris
1059 2505 1184 2547 erga
1209 2490 1371 2535 Deum
1406 2488 1620 2534 affectus
1656 2505 1763 2546 per-

127 2565 281 2610 multa
303 2575 476 2610 extant
499 2565 694 2611 indicia.
722 2566 850 2612 Nam
876 2577 1077 2623 praeter
1107 2567 1435 2613 eleemosinas
1459 2567 1685 2623 ingentes
1716 2576 1764 2614 et

127 2642 172 2687 in
197 2642 292 2687 hac
316 2643 440 2687 urbe
466 2642 537 2699 (ut
567 2644 817 2701 asserunt)
851 2660 946 2689 non
982 2645 1193 2702 amplius
1229 2645 1380 2695 uisas
1417 2644 1593 2700 quibus
1626 2644 1761 2690 innu-

127 2720 276 2765 meris
301 2721 621 2777 pauperibus,
649 2730 696 2767 et
726 2722 970 2768 nonnullis
1005 2722 1156 2768 etiam
1187 2721 1502 2767 monasteriis
1535 2723 1762 2768 subueni-

126 2805 223 2853 tur,
250 2796 592 2843 confessiones
617 2814 868 2855 nunquam
901 2799 1269 2857 frequentiores
1302 2799 1521 2844 fuerunt.
1559 2799 1762 2845 Plurimi

126 2883 410 2931 praeterea,
438 2890 534 2919 non
559 2875 653 2920 hoc
676 2876 912 2931 contenti,
940 2876 1092 2921 totius
1118 2876 1249 2921 uitae
1284 2891 1406 2922 suae
1440 2875 1647 2922 crimina
1672 2876 1760 2922 Pa-

126 2952 284 2997 tribus
310 2951 494 2997 nostris
517 2962 630 2998 sunt
653 2953 887 2999 confessi:
915 2954 1044 2999 inter
1069 2969 1192 3010 quos
1217 2954 1576 3011 consanguinei
1604 2955 1759 3012 multi,

127 3043 311 3074 uxores
335 3038 382 3074 et
407 3029 516 3085 uiri,
545 3029 626 3074 filii
651 3040 801 3086 atque
827 3041 1061 3087 parentes
1095 3031 1324 3087 grauiter
1346 3031 1437 3076 sibi
1462 3032 1669 3077 inuicem
1694 3032 1760 3077 in-

122 3105 269 3162 fensi,
296 3106 514 3151 maxima
540 3106 631 3152 Dei
659 3107 965 3164 benignitate
998 3107 1301 3153 reconciliati
1336 3118 1485 3164 atque
1519 3108 1565 3153 in
1600 3108 1758 3165 pristi-
