2051 3516
540 330 853 367 lato-*PAmsns
880 331 902 366 53
928 330 1167 366 FEBRUARH
1199 331 1288 366 1558
1619 330 1689 366 533

100 428 346 473 hereticos
380 427 620 483 captiuos.
661 426 786 471 Cum
823 427 948 472 alias
983 426 1244 482 quemdam
1286 426 1600 482 l·›ibli‹·›polam
1635 426 1731 471 adi-

101 505 358 560 uissemus,
395 504 667 549 inuenimus
708 505 836 560 apud
875 504 1032 562 ipsum
1074 503 1249 547 librum
1285 504 1575 548 hereticum.
1619 503 1732 548 Per-

101 583 316 628 cunctati
351 597 519 627 sumus
552 598 612 626 an
650 582 815 637 plures
849 582 975 626 tales
1010 581 1234 632 haberem
1265 581 1517 637 respondit
1552 581 1733 626 similes

101 660 253 705 libros
278 659 423 704 valde
448 674 556 703 esse
583 658 741 713 Vtiles,
769 669 817 704 et
842 657 969 714 quod
995 658 1253 714 plusquam
1280 658 1544 714 sexaginta
1569 658 1732 703 adbuc

100 737 321 790 haberet3
350 737 426 781 cui
452 751 561 781 cum
587 736 1006 792 persuasissemus
1042 750 1151 779 esse
1187 736 1447 791 pessimum
1486 745 1533 780 et
1556 735 1731 780 hereti-

100 830 228 869 cum,
255 813 501 858 consensit
528 822 578 858 vt
614 813 786 870 reliqui
822 813 1250 858 comburerentur.
1280 812 1468 857 Tamen
1508 812 1620 868 quia
1655 812 1733 858 ille

100 890 257 935 bonus
297 890 623 945 adquieuerat
663 889 894 945 consiliis,
932 898 983 933 vt
1019 888 1143 933 alias
1184 889 1228 934 in
1264 889 1406 933 simili
1441 904 1557 934 casu
1596 889 1734 934 nobis

101 967 389 1024 confideret,
424 967 728 1012 restituimus
759 967 799 1011 ei
828 982 973 1011 vnam
1000 977 1190 1011 certam
1216 982 1456 1011 summam
1484 967 1527 1010 in
1556 967 1732 1011 elemo-

99 1045 273 1089 sinam.
323 1044 496 1089 Nlessis
544 1044 723 1100 vbique
775 1045 942 1099 multa,
991 1043 1075 1088 sed
1120 1043 1335 1099 operarii
1382 1043 1557 1088 desunt
1604 1045 1634 1087 ¹.
1680 1043 1733 1088 In

100 1122 324 1167 omnibus
349 1121 440 1179 hijs
464 1122 524 1166 sit
550 1122 790 1166 Dominus
816 1121 1117 1167 benedictus,
1146 1121 1250 1166 Hec
1278 1136 1437 1177 pauca
1462 1130 1573 1165 sunt
1608 1137 1734 1177 quae

100 1214 226 1243 nunc
251 1199 508 1244 scribenda
545 1199 605 1243 V.
635 1198 694 1243 R.
722 1208 1009 1251 occurrunt,
1037 1199 1176 1243 cuius
1201 1198 1430 1254 precibus
1467 1208 1513 1242 et
1548 1198 1732 1244 sanctis

98 1275 354 1321 sacrificiis
398 1292 486 1321 nos
530 1292 700 1321 omnes
744 1287 790 1321 et
834 1285 1033 1321 nostros
1077 1276 1256 1321 obnixe
1306 1276 1730 1320 commendamus.

99 1354 317 1399 *fornaci
342 1354 397 1398 27
420 1353 646 1412 Januarii
674 1353 784 1399 1557
809 1355 840 1398 2'.

192 1431 256 1475 V.
284 1430 345 1475 R.
373 1430 425 1475 P.
454 1430 580 1475 filius
604 1430 848 1487 indignus,

946 1520 1210 1565 mmmm
1246 1520 1546 1565 BOUCLETUS
1581 1520 1611 1563 :³⁸

863 1764 966 1815 140

518 1882 880 1929 CAROLUS
932 1881 1320 1929 SAGERIUS

590 1996 764 2021 PAfflsus
789 1985 812 2020 3
839 1995 1066 2021 FEBRUARH
1097 1985 1186 2020 1538
1212 1986 1237 2020 ⁴.

250 2074 322 2110 1-2.
357 2074 419 2110 De
438 2076 697 2111 ministezz'z's
718 2086 818 2120 elga
835 2075 1061 2120 proximos
1081 2077 1120 2110 et
1138 2076 1388 2111 litterarum
1408 2075 1582 2111 studiis.

163 2166 198 2210 1.
263 2165 415 2210 Iesus.
445 2165 549 2210 Pax
576 2166 655 2210 Xi.
693 2166 754 2211 sit
788 2182 985 2221 semper
1019 2165 1064 2210 in
1099 2167 1332 2211 cordibus
1369 2167 1567 2211 nostris,
1601 2166 1734 2224 Quo-

101 2243 246 2288 modo
272 2259 359 2288 nos
383 2244 722 2300 superioribus
742 2253 958 2299 quatuor
978 2244 1109 2289 bisce
1130 2244 1380 2289 mensibus
1400 2245 1732 2295 habuerimus,

100 2321 223 2365 Rde.
253 2321 324 2369 P..
353 2330 401 2365 et
425 2336 571 2376 quam
598 2336 837 2377 prospere
862 2322 1147 2378 Vtiliterque
1172 2322 1301 2376 apud
1326 2337 1416 2366 nos
1435 2333 1612 2366 cuncta
1633 2337 1734 2366 ces—

100 2399 255 2443 serint
279 2398 357 2454 (ne
383 2398 608 2454 longiore
634 2407 747 2443 Vtar
772 2399 1020 2455 oratione)
1045 2399 1090 2444 in
1117 2415 1276 2455 pauca
1302 2399 1574 2452 conferam,
1603 2414 1662 2444 ne
1688 2408 1736 2443 et

101 2475 250 2520 rebus
276 2475 469 2519 minime
493 2475 634 2519 nouis
658 2485 705 2520 et
730 2491 825 2520 non
851 2476 1082 2520 inauditis
1107 2476 1191 2521 tibi
1213 2476 1487 2521 molestiam
1508 2476 1598 2521 sim
1617 2476 1737 2520 alla-

100 2563 256 2597 turus.
295 2552 512 2597 Primum
553 2568 611 2597 ac
648 2553 957 2609 potissimum
991 2562 1065 2598 est
1100 2555 1227 2610 quod
1260 2569 1566 2607 recenseam,
1605 2554 1732 2599 vnde

100 2630 364 2676 Societatis
389 2630 586 2675 celebre
611 2631 742 2687 apud
768 2646 856 2676 nos
880 2631 941 2676 sit
961 2647 1153 2687 nomen,
1177 2643 1223 2676 et
1243 2633 1348 2687 ipsa
1367 2631 1495 2687 apud
1516 2647 1736 2688 quosque

151 2795 158 2811 ¹
213 2792 398 2836 MATTH„
420 2792 492 2834 IX,
514 2793 572 2828 37.

147 2853 158 2871 '2
211 2851 316 2889 Cum
335 2858 476 2888 auctor
495 2853 684 2899 loquatur
703 2853 752 2889 de
773 2854 952 2889 adventu
972 2853 1015 2889 P.
1039 2853 1290 2889 Mercuriani
1311 2854 1349 2888 in
1378 2853 1628 2895 Flandriam,
1658 2866 1736 2899 quo

101 2913 169 2948 ille
190 2917 386 2958 vergente
404 2913 485 2959 jam
506 2925 610 2948 anno
633 2912 724 2949 1557
742 2913 791 2949 ad
806 2912 927 2949 finem
944 2912 1142 2959 pervenit,
1161 2917 1271 2958 patet
1287 2925 1396 2949 more
1416 2913 1566 2959 gallico
1585 2925 1735 2949 annum

101 2977 281 3008 notatum
303 2984 405 3008 esse.

148 3032 160 3050 ³
216 3031 320 3067 Vide
340 3031 539 3078 superius,
561 3045 653 3079 pag.
679 3032 757 3078 18¹2,
780 3037 916 3068 annot.
937 3032 971 3068 ⁴2.

147 3092 159 3109 ⁴
211 3089 273 3126 Ex
292 3091 546 3138 autographo
565 3091 605 3128 in
625 3092 760 3128 codice
784 3091 876 3128 Gal.
899 3091 966 3132 53,
990 3090 1056 3127 fol.
1076 3090 1132 3135 l2;
1155 3091 1265 3138 prius
1284 3092 1360 3128 196.
1379 3091 1551 3128 Exstant
1567 3104 1736 3138 apogra-

102 3151 180 3197 pha
200 3150 240 3186 in
260 3149 301 3186 ff.
323 3150 381 3196 36,
402 3150 460 3196 37,
481 3150 538 3188 38.
