2051 3516
519 314 785 350 oo.—Mom-E
811 314 981 350 REGALi
1007 315 1053 349 30
1079 313 1189 360 MAJI
1221 314 1309 349 1:337
1618 315 1688 350 2413

884 543 959 593 60

426 662 478 707 Ρ.
518 661 785 709 PETRUS
820 661 1405 707 SANCTACRUCIUS

579 766 717 791 MONTE
745 765 901 791 REGALI
927 755 973 790 3⁴)
999 765 1093 802 MAJI
1123 755 1212 791 1557
1241 757 1263 791 ¹.

97 840 171 889 1-4.
191 839 380 876 Fructus
395 849 445 875 ex
459 840 598 875 sacris
615 839 872 876 ministeriis
884 840 1079 884 percepti
1092 840 1465 876 enarrantium-5.
1485 839 1735 876 Generatim

170 898 359 936 Societas
387 898 499 934 hona
513 898 684 942 gaudet
702 897 1124 935 existimatione.——6.
1165 897 1410 944 Episcopus
1437 900 1597 935 nostris
1617 899 1734 935 bene-

167 957 316 994 volam
335 968 381 993 se
395 957 725 1003 praebet.—7-8.
751 957 1019 993 Monialibus
1035 960 1074 993 et
1092 958 1378 994 incarceratis
1396 960 1537 994 nostri
1554 958 1733 1001 adsunt,

170 1017 272 1053 illas
304 1017 592 1060 concionibus,
618 1017 696 1053 lzos
722 1017 825 1054 aliis
856 1018 989 1053 etiam
1021 1017 1206 1054 auxiliis
1233 1017 1603 1064 adjuvantes—9.
1634 1018 1735 1054 Aui-

169 1087 348 1113 marum
366 1077 551 1121 piscatio
571 1088 596 1112 a
616 1076 845 1113 sodalibus
864 1076 1065 1113 adhibita
1087 1087 1188 1121 erga
1209 1077 1306 1113 illos
1325 1078 1403 1123 qni
1427 1077 1489 1113 ad
1519 1078 1736 1123 templum

167 1146 253 1172 noa
287 1135 633 1172 accedunt-10.
679 1135 747 1172 De
776 1135 975 1182 profecta
1010 1139 1261 1172 nostrorum
1296 1136 1658 1173 scholasticorum
1689 1139 1735 1174 in

169 1196 323 1232 litteris
349 1198 387 1231 et
412 1196 458 1231 in
486 1195 850 1232 virtutibus—11.
883 1195 1065 1232 Sodales
1098 1197 1238 1232 nostri
1267 1195 1372 1232 bene
1397 1196 1647 1241 procedunt
1677 1197 1737 1233 ad

169 1265 374 1291 normam
394 1256 598 1291 instituti.

160 1333 197 1377 l.
264 1337 292 1385 ’1-
317 1331 472 1376 Molto
502 1332 628 1377 Rdo.
667 1332 713 1377 in
747 1331 838 1377 X.0
872 1331 1053 1377 Padre.
1091 1331 1200 1377 Pax
1234 1331 1371 1377 Chri.
1410 1341 1504 1378 etc.
1544 1332 1734 1389 Questo

98 1424 231 1454 mese
266 1409 311 1454 di
346 1409 515 1465 Magio
549 1409 654 1454 s’ha
687 1409 813 1454 fatto
847 1409 978 1454 assai
1012 1408 1169 1454 frutto
1195 1409 1320 1454 nelle
1345 1409 1661 1462 confessioni,
1689 1411 1737 1455 le-

97 1486 227 1542 quali
253 1501 340 1542 per
364 1486 531 1541 gratia
557 1485 601 1530 di
627 1485 723 1531 Dio
743 1486 839 1531 mai
860 1500 1123 1530 mancano.
1147 1484 1467 1543 [Otrcittz'mzts
1490 1487 1732 1543 exempla

99 1562 315 1619 aliqua]

157 1640 198 1684 2.
266 1639 522 1685 Inimicitie
556 1641 594 1685 si
630 1655 785 1685 sonno
819 1639 1126 1694 acconciate,
1164 1649 1212 1685 et
1245 1640 1422 1686 iniurie
1456 1641 1731 1697 perdonate

99 1717 188 1761 che
224 1732 311 1773 per
344 1717 507 1762 alcuni
543 1718 657 1763 anni
690 1732 788 1762 non
822 1717 1092 1762 s'haueano
1128 1726 1299 1773 potuto
1335 1717 1570 1775 digerire.
1598 1719 1732 1764 Altri

96 1793 232 1838 molti
255 1793 398 1838 simili
422 1794 667 1850 spirituali
691 1793 830 1839 srutti
855 1794 893 1838 si
918 1809 1074 1838 sonno
1099 1794 1308 1839 raccolti
1331 1810 1421 1850 per
1443 1810 1611 1840 mezzo
1636 1795 1734 1841 del-

99 1871 147 1915 la
180 1870 511 1916 confessione.

185 1947 224 1992 Il
267 1948 447 2004 giorno
492 1949 897 1994 dell'ascensione
936 1948 1072 1993 molti
1112 1947 1151 1993 si
1193 1949 1550 1994 comunicorno
1594 1961 1641 1995 et
1684 1950 1736 1995 fu

99 2041 228 2082 gran
253 2041 495 2071 concorso
520 2026 565 2070 in
591 2026 967 2083 comparatione
996 2025 1240 2071 dell‘altre
1276 2027 1407 2072 uolte
1442 2027 1541 2072 alla
1576 2028 1734 2083 precli-

99 2118 159 2148 ca
182 2103 273 2148 che
299 2103 337 2148 si
362 2103 414 2148 fa
438 2104 598 2160 doppo
623 2104 701 2148 del
724 2103 973 2160 mangiar.

154 2179 197 2225 3.
265 2179 441 2236 Quelle
465 2196 678 2237 persone
702 2181 793 2226 che
817 2181 861 2226 di
888 2181 1120 2226 continuo
1145 2181 1184 2225 si
1215 2181 1533 2233 confessario,
1572 2182 1734 2227 danno

97 2257 143 2302 di
167 2272 220 2302 se
244 2258 375 2303 buon
400 2258 555 2303 odore
579 2258 624 2303 di
648 2259 797 2308 virtu,
825 2271 903 2303 tra
928 2260 971 2303 le
996 2258 1127 2314 quali
1162 2259 1339 2303 alcune
1376 2259 1583 2315 vergine
1618 2259 1732 2304 han-

97 2350 159 2379 no
184 2334 440 2391 proposito
465 2335 511 2380 di
536 2336 850 2381 consecrarsi
876 2336 922 2380 al
947 2334 1148 2391 Signor.
1172 2335 1291 2380 Vna
1326 2335 1488 2380 donna
1524 2338 1599 2381 col
1634 2352 1736 2381 ma-

97 2411 192 2458 rito
217 2426 280 2456 ex
305 2423 472 2457 mutuo
497 2428 741 2457 consensu
771 2413 834 2458 da
858 2422 983 2458 sette
1018 2412 1131 2457 anni
1156 2412 1337 2457 viuono
1362 2413 1408 2457 in
1434 2413 1735 2458 continentia

99 2504 191 2533 con
215 2489 551 2545 grandissima
575 2505 698 2546 pace
723 2499 771 2536 et
795 2490 1062 2546 diuotione,
1100 2500 1148 2534 et
1183 2489 1347 2534 hanno
1383 2490 1637 2546 proposito
1673 2507 1735 2536 ex

99 2565 300 2621 proprio
325 2576 462 2610 motu
486 2566 722 2612 d’intrare
757 2567 889 2612 ambi
924 2567 1037 2611 duoi
1071 2566 1118 2611 in
1154 2567 1411 2622 relligione
1447 2581 1535 2622 per
1570 2567 1735 2623 acqui-

100 2651 236 2687 stare
260 2642 291 2687 il
317 2643 496 2688 merito
521 2643 863 2689 tl'obedientia.
892 2644 1046 2689 Molte
1072 2644 1231 2688 vedoe
1256 2653 1458 2688 restano
1488 2644 1568 2688 nel
1601 2653 1734 2690 stato

99 2718 226 2764 della
249 2719 453 2764 veduita
476 2735 569 2765 con
594 2721 788 2777 grande
812 2720 1125 2766 edificatione
1145 2720 1190 2764 di
1211 2720 1338 2772 tutti,
1361 2723 1732 2775 perseuerando

100 2794 147 2839 in
171 2796 478 2841 orationibus
502 2808 548 2841 et
572 2797 701 2842 nella
726 2797 1125 2854 frequentatione
1151 2796 1280 2851 degli
1305 2797 1625 2843 sacramenti.

157 2871 200 2916 4.
268 2869 319 2916 Si
342 2872 506 2917 hanno
535 2874 734 2918 visitato
760 2873 954 2919 infermi
980 2883 1028 2918 et
1050 2873 1213 2918 {attoli
1249 2874 1549 2929 compagnia
1574 2874 1731 2921 insino

100 2947 352 2993 all’ultirno
377 2949 549 3004 spirito
574 2965 667 2994 con
699 2951 871 3007 agiuto
906 2952 1015 2995 loro
1050 2960 1097 2994 61
1132 2947 1441 2995 edificatione
1476 2951 1606 3006 degli
1641 2951 1732 2996 cir-

149 3112 160 3130 ¹
213 3110 275 3146 Ex
289 3113 541 3158 autographo
558 3113 598 3148 in
613 3113 748 3149 codice
765 3113 864 3150 Ital.
883 3112 977 3159 108,
994 3113 1017 3149 2
1032 3113 1089 3159 ff„
1107 3126 1173 3151 nn.
1189 3113 1260 3150 217
1273 3115 1305 3162 a,
1326 3114 1389 3150 217
1409 3115 1440 3159 ι);
1461 3114 1572 3161 prius
1591 3114 1650 3161 56,
1672 3116 1730 3153 57.
