2051 3516
384 326 453 362 532
847 326 1062 364 LITTERAE
1090 327 1441 372 QUADRIMESTRES

395 422 437 465 4.
504 420 752 476 Quantum
790 422 851 466 ad
890 423 986 468 alia
1026 423 1265 468 exercitia
1304 432 1490 478 nostra,
1534 423 1683 468 credo
1723 424 1851 479 quod
1890 424 1949 469 R.

342 496 390 541 Ρ.
419 498 711 543 Euurardus
731 499 843 543 dum
870 516 1022 556 nuper
1046 500 1137 545 iret
1162 500 1454 554 Louanium‚
1482 500 1546 544 V.
1574 500 1676 545 R.³e
1700 501 1758 545 de
1784 496 1952 546 nostro

337 583 466 619 statu
488 575 814 631 rescripserit.
845 576 1220 621 Contimtmmts
1242 581 1448 632 semper
1468 582 1483 603 ³
1510 576 1829 621 ministrando
1849 592 1950 622 cre-

339 651 470 695 brius
509 668 653 708 quam
690 652 801 696 olim
838 663 1154 698 sacramenta
1189 653 1485 709 penitentiae
1510 662 1557 697 et
1581 654 1948 699 communionis.

336 727 522 772 Diebus
546 729 799 774 dominicis
824 739 871 774 et
889 730 1077 775 festiuis
1102 745 1295 786 semper
1320 730 1494 786 aliquis
1517 739 1739 775 nostrum
1759 731 1949 775 concio-

334 814 495 861 natur,
534 805 798 861 praecipue
833 807 876 850 in
904 808 1139 862 parochia
1165 806 1257 851 Sa&
1282 807 1471 852 Mariae
1496 807 1842 863 Magdalenae,
1870 808 1951 852 ali-

267 894 276 904 ·
334 881 529 936 quando
554 881 699 926 etiam
735 883 779 927 in
815 882 921 928 aliis
945 882 1180 939 ecclesiis,
1207 884 1484 928 secundnm
1519 883 1656 940 quod
1685 885 1954 940 reqzszz'rmzt

332 958 556 1003 canonici
595 967 679 1004 aut
723 969 964 1017 pastores,
1006 960 1090 1005 >vbi
1121 960 1139 986 ἶ)
1179 976 1373 1016 semper
1417 969 1490 1004 est
1537 975 1746 1016 magnus
1789 961 1949 1016 populi

333 1049 620 1080 concursus.
651 1033 892 1092 Occupati
919 1037 1067 1082 etiam
1091 1037 1287 1093 saepius
1311 1052 1478 1082 sumus
1513 1036 1730 1081 infirmos
1754 1049 1799 1082 et
1824 1053 1949 1081 mor-

332 1121 459 1167 tuos,
486 1122 585 1157 tam
619 1113 663 1157 in
700 1128 927 1170 corpore,
957 1129 1099 1170 quam
1135 1114 1178 1158 in
1214 1113 1392 1163 anima,
1430 1123 1529 1158 tam
1566 1114 1611 1158 in
1646 1114 1947 1170 carceribus,

331 1204 476 1244 quam
501 1190 546 1234 in
572 1189 678 1234 aliis
703 1190 836 1240 locis,
862 1190 1104 1235 visitando
1130 1200 1177 1235 et
1202 1206 1372 1235 eorum
1396 1190 1732 1235 confessiones
1756 1191 1826 1246 (vt
1850 1192 1947 1247 plu-

331 1266 504 1311 rimum
548 1268 830 1325 generales)
876 1268 1136 1313 audiendo.
1184 1268 1356 1313 Annus
1401 1269 1527 1313 enim
1573 1269 1767 1323 elapsus
1812 1269 1949 1313 nobis

331 1343 594 1388 maximam
634 1345 825 1400 copiam
868 1345 1092 1390 similium
1138 1345 1330 1401 piorum
1367 1338 1727 1390 'exercitiorum
1771 1346 1946 1401 attulit,

330 1436 441 1465 nam
477 1433 676 1477 praeter
710 1424 915 1467 crebras
938 1432 1122 1467 mortes
1148 1432 1195 1467 et
1220 1422 1525 1467 infirmitates
1551 1423 1594 1466 in
1621 1422 1816 1479 populo,
1844 1439 1948 1468 car-

328 1513 468 1543 ceres
507 1499 720 1544 ciuitatis
758 1515 852 1544 non
892 1499 1201 1544 sufficiebant
1237 1499 1443 1555 captiuis
1478 1499 1723 1544 militibus.
1765 1499 1866 1544 Hiis
1901 1508 1948 1544 et

327 1575 562 1620 similibus
587 1592 662 1620 me
686 1591 932 1632 nunquam
959 1586 1318 1632 exoccupatum
1346 1576 1554 1620 inuenio.

383 1652 425 1697 5.
493 1651 732 1698 Preterea
778 1653 922 1698 etiam
969 1653 1234 1698 nobiliores
1278 1653 1491 1697 ciuitatis
1540 1652 1756 1697 familiae
1809 1653 1948 1697 nobis

327 1728 638 1786 confitentur,
666 1730 895 1787 ductique
920 1730 1057 1775 bonis
1082 1730 1310 1785 consiliis,
1339 1730 1381 1774 in
1408 1730 1570 1774 multis
1595 1729 1682 1785 piis
1717 1730 1947 1785 operibus

326 1821 378 1850 se
418 1816 669 1851 exercent.
714 1805 889 1851 Plures
929 1807 1074 1851 etiam
1116 1807 1337 1851 canonici
1374 1816 1419 1851 et
1460 1806 1696 1862 primates
1735 1805 1947 1850 ciuitatis

325 1898 412 1927 nos
435 1892 699 1927 accersunt
725 1883 782 1927 ad
810 1898 962 1939 opera
987 1882 1315 1929 aedificatiua,
1345 1883 1540 1927 mittunt
1565 1882 1627 1926 ad
1653 1897 1740 1927 nos
1764 1882 1945 1926 discor-

324 1959 424 2010 des,
452 1960 695 2015 turbatos,
724 1960 848 2004 alias
882 1959 1352 2004 excommunicatos.
1392 1959 1451 2004 R.
1490 1958 1550 2003 D.
1588 1957 1812 2003 officialis
1853 1959 1945 2014 epi-

322 2036 472 2090 scopi,
512 2036 589 2091 qui
625 2052 750 2080 nunc
787 2045 860 2081 est
894 2036 1111 2081 decanus
1146 2036 1513 2089 canonicorum,
1552 2051 1707 2091 nuper
1741 2035 1861 2079 dixit
1895 2051 1946 2080 se

323 2112 535 2168 aliquam
561 2128 695 2169 spem
729 2113 1012 2168 concepisse
1048 2114 1105 2158 de
1141 2113 1382 2158 ecclesiae
1417 2128 1535 2157 suae
1571 2112 1941 2157 reformatione.

322 2189 401 2233 Ab
440 2189 639 2234 introitu
679 2202 842 2234 tamen
883 2200 929 2235 et
966 2206 1201 2246 regressu
1239 2190 1438 2234 Patrum
1474 2198 1771 2245 nostrorum,
1808 2205 1861 2234 se
1896 2190 1940 2234 in

323 2266 485 2309 multis
510 2266 700 2311 cautius
726 2267 908 2311 habent
933 2267 1270 2321 ecclesiastici,
1300 2267 1565 2323 praecipue
1597 2267 1639 2311 in
1676 2266 1944 2311 collationi-

322 2343 410 2386 bus
430 2342 794 2388 beneficiorum.
819 2343 1017 2388 Auxilio
1039 2344 1277 2399 praedicti
1302 2344 1478 2389 domini
1501 2343 1742 2401 officialis,
1766 2344 1943 2388 domini

321 2419 378 2463 de
398 2419 613 2464 Bredam
636 2422 645 2443 ¹
669 2429 716 2464 et
733 2420 957 2477 aliorum,
978 2436 1131 2476 nuper
1151 2421 1510 2465 introduximus
1527 2421 1586 2465 ad
1606 2419 1843 2465 beneficia
1860 2436 1942 2465 va-

320 2496 483 2541 cantia
508 2496 630 2541 duos
653 2497 956 2552 sacerdoteS‚
985 2498 1043 2542 de
1068 2498 1242 2553 quibus
1267 2514 1452 2554 magna
1476 2513 1587 2554 spes
1611 2507 1699 2542 est.
1728 2497 1939 2553 Quando

324 2583 468 2618 vacat
498 2573 662 2629 aliqua
697 2590 835 2631 cura,
874 2574 1121 2630 inquirunt
1145 2590 1173 2618 a
1199 2574 1337 2618 nobis
1361 2591 1423 2619 an
1448 2574 1637 2630 aliquos
1673 2589 1941 2630 cognosca-

321 2666 427 2695 mus
451 2651 625 2696 doctos
649 2660 697 2696 et
721 2651 840 2707 pios,
870 2660 921 2695 vt
946 2651 1060 2707 ipsis
1084 2651 1362 2696 conferant.

375 2735 417 2773 o.
485 2729 765 2784 Aliquando
801 2729 965 2781 etiam,
1008 2744 1157 2774 suasu
1192 2729 1371 2773 domini
1406 2729 1646 2786 officialis,
1688 2729 1942 2774 visitamus

363 2871 380 2887 Ἀ
408 2870 643 2915 insistimus,
662 2876 702 2906 ut
719 2883 968 2917 ceperamus,
986 2876 1121 2906 nostre
1137 2870 1353 2907 Societatis
1368 2871 1707 2917 occupationibus.
1738 2871 1803 2898 —b
1824 2877 1940 2917 prout

316 2941 507 2973 rogamur
526 2943 547 2965 a
566 2930 769 2965 canonicis
789 2936 856 2966 aut
876 2930 1114 2975 pastoribus,
1137 2930 1184 2965 ad
1206 2942 1318 2975 quas.

366 3074 371 3089 ¹
426 3071 570 3107 Petrus
590 3073 637 3107 de
660 3072 908 3118 Burgundia.
937 3072 1038 3108 Vide
1058 3073 1256 3118 superius,
1278 3085 1370 3118 pag.
1395 3073 1472 3117 179,
1495 3079 1534 3109 et
1554 3073 1708 3109 Laim'i
1724 3074 1933 3116 Monam„

318 3133 340 3166 l.
363 3144 411 3173 c..
433 3133 513 3167 300.
