2051 3516
510 289 853 326 207.—-PAN0RMO
882 288 929 324 25
956 287 1163 325 Ocrossffls
1192 286 1283 323 1558
1600 283 1669 319 847

90 394 120 439 li
146 399 164 420 a
187 401 328 439 tanta
347 392 590 449 religione
614 401 662 437 et
686 392 869 448 pietate
894 390 1002 447 uiri,
1030 405 1187 446 eoque
1212 388 1489 434 animarum
1515 386 1620 431 zelo
1645 391 1721 430 r'a-

89 471 305 528 piuntur,
332 469 445 514 ut'si
470 484 592 525 quos
616 468 749 514 letali
773 475 982 524 peccato
1008 466 1218 511 infectos
1251 465 1433 519 norint,
1471 479 1558 509 eos
1595 462 1722 507 citis-

90 547 212 593 sime
250 546 448 602 adeant,
491 546 806 595 admoneant.
848 544 1125 600 hortentur3
1168 552 1435 600 precentur
1469 541 1635 597 etiam,
1673 549 1726 585 ut

98 623 272 670 relicto
295 633 505 680 peccato
530 623 575 668 in
600 622 731 668 omni
754 621 1019 667 sanctitate
1053 620 1163 665 Deo
1197 619 1486 675 inseruiant3
1524 618 1653 675 quod
1687 618 1725 662 si

92 700 293 747 efficere
317 700 407 758 ipsi
431 716 525 746 non
547 701 730 757 ualent,
753 699 965 755 aliquem
985 713 1046 743 ex
1066 697 1248 742 nostris
1268 706 1550 752 accersunt;
1578 705 1727 752 atque

93 778 139 823 id
163 793 349 834 magna
373 793 483 823 cum
515 778 791 823 animarum
818 776 964 831 fruge
989 774 1274 830 contigisse,
1312 789 1481 818 sumus
1515 772 1724 829 experti;

92 856 229 901 multi
263 855 390 901 enim
424 855 728 901 concubinas
762 853 1051 910 quibuscum
1086 852 1267 896 multos
1301 866 1459 895 annos
1499 859 1725 907 egerant,

92 933 320 980 domibus
343 934 543 990 pellunt,
567 949 662 978 non
680 932 825 990 pauci
844 930 1009 976 debita
1032 930 1110 975 uel
1136 930 1303 975 ablata
1324 929 1532 974 dominis
1552 928 1728 973 rescri-

94 1011 229 1066 bunt;
272 1011 524 1067 multaque
559 1008 894 1056 huiuscemodi
929 1007 1064 1063 fiunt,
1102 1006 1278 1063 quibus
1312 1006 1505 1051 animae
1544 1005 1731 1052 Christi

94 1089 338 1145 sanguine
362 1089 652 1145 redemptae
676 1104 706 1133 a
729 1086 747 1114 b
771 1086 954 1131 misera
971 1084 1226 1130 daemonis
1251 1084 1507 1139 seruitute,
1529 1082 1732 1129 fauente

98 1166 224 1212 illius
249 1166 415 1211 diuina
437 1166 621 1222 gratia,
649 1165 943 1210 liberantur.

154 1244 196 1290 3.
263 1244 445 1302 Itaque
470 1244 641 1302 facile
665 1243 913 1302 futurum
952 1246 1233 1297 speramus
1272 1244 1328 1285 ut
1366 1239 1537 1285 diuini
1570 1239 1728 1292 uerbi,

96 1322 234 1380 qnod
255 1336 484 1367 uacztmn
508 1335 777 1379 nunquam
797 1319 944 1375 redit,
973 1319 1160 1364 uirtute
1185 1318 1355 1363 1]ιαὶον
1377 1317 1534 1362 lzm'zts
1549 1317 1736 1373 populi

94 1406 242 1457 pars,
265 1399 527 1456 prementi
550 1399 796 1444 uitiorum
825 1399 950 1455 ingo
984 1396 1209 1449 subdita,
1247 1395 1320 1440 aa?
1351 1408 1533 1439 ueram
1568 1394 1739 1439 diuini

99 1478 328 1535 obsequii
348 1476 634 1522 libertatem
657 1475 726 1521 sit
742 1474 1015 1520 trahenda.
1040 1473 1201 1518 Cuius
1219 1472 1427 1530 quidem
1448 1472 1524 1516 Vei
1541 1471 1737 1516 indicia

99 1556 244 1601 clara
267 1558 390 1600 sunt
413 1554 567 1610 edita,
595 1557 643 1598 et
664 1568 820 1610 nuper
840 1552 1055 1608 quidam,
1082 1550 1222 1596 cuius
1246 1550 1412 1596 animo
1432 1564 1586 1606 usque
1611 1548 1736 1593 adeo

99 1645 302 1679 tenaces
321 1632 517 1678 radices
535 1632 724 1677 iecerat
743 1646 840 1688 quo
859 1631 905 1675 in
925 1630 1150 1675 nonullos
1167 1628 1535 1674 exardescebat
1553 1627 1735 1683 odium,

102 1720 154 1757 ut
176 1711 310 1756 nulla
333 1710 503 1756 habita
527 1709 827 1754 christianae
858 1707 1053 1765 pietatis
1087 1706 1338 1763 diuinique
1373 1705 1626 1763 praecepti
1662 1720 1738 1750 ra-

103 1789 234 1834 tione
255 1795 286 1845 ⁰,
314 1805 343 1833 a
371 1787 580 1833 salutari
615 1784 938 1832 confessionis
972 1793 1292 1831 sacramento
1326 1784 1517 1829 nedum
1553 1797 1584 1827 (z
1622 1796 1738 1828 san-

103 1866 329 1912 ctissimo
355 1866 494 1910 uitae
513 1870 721 1910 nostrae
751 1864 958 1920 uiatico,
991 1862 1250 1908 duodecim
1283 1877 1440 1907 annos
1473 1861 1654 1906 misere
1686 1876 1740 1905 se

103 1943 399 1990 continuerit
423 1952 472 1988 et
495 1952 749 1998 tamquam
769 1941 950 1986 diaboli
970 1940 1235 1986 uilissimus
1254 1954 1431 1985 seruus
1450 1954 1537 1996 per
1556 1938 1602 1983 id
1621 1947 1739 1983 tem-

104 2037 193 2078 pus
218 2020 400 2066 uixerit
423 2018 772 2075 infelicissime,
807 2019 1015 2064 ducente
1049 2017 1237 2074 Spiritu
1273 2015 1460 2062 Sancto
1496 2015 1739 2073 quendam

105 2115 168 2145 ex
191 2098 425 2144 Patribus
448 2097 630 2143 nostris
654 2096 790 2151 adiit,
824 2096 1086 2152 diuinoque
1121 2111 1295 2141 amore
1321 2094 1390 2140 sic
1426 2103 1629 2150 repente
1663 2108 1741 2138 co-

108 2186 269 2222 motus
293 2187 382 2233 est,
420 2185 473 2221 ut
507 2191 602 2221 non
637 2175 800 2220 odium
835 2183 1026 2220 tantum
1060 2173 1301 2220 abiiceret
1335 2189 1397 2218 ex
1432 2172 1614 2228 animo,
1655 2170 1742 2216 sed

108 2254 383 2312 praeterita
407 2253 556 2299 etiam
582 2262 806 2309 tempora
830 2252 1050 2309 defleret,
1079 2251 1255 2309 quibus
1290 2250 1599 2296 miserrimus
1633 2264 1741 2306 pec-

109 2341 252 2378 cator
276 2331 448 2377 mortis
470 2330 718 2387 particeps
737 2329 900 2375 factus
918 2329 1071 2375 uitam
1091 2329 1234 2386 parui
1254 2329 1446 2374 faceret
1466 2337 1740 2381 aeternam,

110 2426 170 2455 ac
194 2409 402 2454 uulnera
426 2408 590 2453 onmia
614 2407 824 2464 aperuit;
847 2423 1057 2464 cumque
1082 2406 1367 2464 praesentia
1394 2404 1612 2450 remedia
1637 2419 1743 2450 sus-

110 2488 338 2544 cepisset,
365 2486 541 2543 fugato
566 2485 735 2531 mortis
759 2486 937 2531 timore
962 2485 1024 2530 ad
1050 2485 1222 2541 regale
1257 2483 1538 2529 conuiuium
1578 2497 1744 2528 acces-

113 2566 190 2618 sit,
218 2565 423 2620 ciboque
448 2562 645 2608 uiuifico
669 2562 904 2619 refectus,
932 2572 980 2608 et
1006 2561 1191 2607 Christi
1219 2560 1374 2606 fidelis
1406 2560 1594 2605 amicus
1619 2558 1743 2604 refe·

113 2652 222 2688 ctus
245 2651 335 2688 est.

172 2721 216 2766 4.
283 2719 412 2776 Quid
437 2735 558 2765 uero
584 2718 643 2764 de
666 2718 757 2775 piis
781 2718 1071 2775 quibusdam
1096 2716 1343 2774 foeminiS,
1371 2732 1498 2773 quae
1522 2724 1745 2762 nostrum

115 2798 348 2854 templum
372 2796 662 2852 frequenter
680 2797 877 2850 adeunt,
901 2794 1184 2841 dicendum?
1207 2795 1286 2840 An
1311 2810 1407 2839 non
1433 2794 1478 2839 in
1503 2793 1576 2839 his
1600 2794 1747 2839 etiam

118 2876 210 2921 Dei
235 2874 396 2932 gloria
420 2873 438 2900 d
458 2873 672 2919 maxime
697 2874 907 2919 relucet?
945 2873 1107 2918 Mundi
1142 2872 1331 2929 pompis
1364 2883 1411 2917 et
1445 2871 1748 2917 uanitatibus

155 3068 172 3088 ἃ
193 3061 375 3097 nonnulli
396 3072 445 3096 ex
465 3060 523 3096 his
542 3059 609 3106 qui
628 3059 666 3096 in
689 3059 861 3096 ecclesia
894 3063 1030 3095 nostra
1062 3057 1205 3094 crebro
1226 3064 1457 3094 versantur.
1514 3058 1578 3084 *b
1613 3057 1650 3094 fa
1672 3067 1748 3094 ms.

122 3143 155 3146 —
168 3129 183 3149 C
210 3121 347 3158 Prius
365 3120 577 3156 rationem.
630 3119 696 3146 -d
718 3120 860 3156 Prius
878 3119 1065 3166 gloriam,
