2051 3516
515 304 785 343 16.—BURG1s
813 304 855 340 17
877 303 1079 350 JANUARII
1109 303 1199 339 1557
1581 303 1625 339 67

33 404 152 451 tenti
186 402 321 448 circa
361 400 704 458 proximorum
744 399 972 453 salutem,
1014 407 1067 443 ut
1106 397 1191 443 uix
1231 398 1294 443 ad
1333 413 1483 442 aures
1523 397 1674 454 (quod

34 480 188 536 aiunt)
212 477 506 535 scalpendas
530 477 684 521 otium
708 485 793 521 aut
819 476 957 520 locus
990 474 1220 531 supersit;
1259 483 1400 519 tanta
1435 474 1561 518 enim
1598 482 1674 518 est

35 558 98 603 ad
127 556 292 601 diuina
326 562 643 599 sacramenta
678 543 1065 597 decurrentium
1097 557 1115 577 ³
1141 550 1302 608 copia,
1344 559 1397 595 ut
1431 550 1514 595 uix
1550 551 1676 594 ullus

35 634 265 679 elabatur
283 630 402 686 dies,
431 630 477 674 in
496 645 592 686 quo
616 629 695 674 uel
719 644 748 674 a
773 627 1181 683 confessionibus,
1210 627 1285 673 uel
1312 642 1341 672 a
1374 626 1394 653 b
1428 626 1674 672 sanctissi-

37 711 101 755 mi
136 708 361 764 corporis
386 705 571 752 Christi
606 705 883 762 sumptione
918 713 1156 761 cessetur,
1193 703 1448 749 dominicis
1483 718 1675 760 preser-

35 787 120 833 tim
144 784 432 839 festiuisque
456 783 644 837 diebus,
672 782 848 839 quibus
872 781 919 827 in
944 790 1169 827 nostrum
1189 780 1429 826 sacellum
1449 795 1677 824 numero-

36 880 91 910 sa
120 862 455 920 potz'ssz’mmn
483 860 840 909 foeminarum
874 866 889 886 0
920 858 1180 904 multitudo
1216 859 1428 915 confluit
1460 857 1478 884 ‘¹
1514 857 1678 902 diuino

37 955 208 985 amore
254 937 704 989 exardescentium3
753 936 856 981 etim·
900 940 1076 981 antem
1120 935 1265 980 nobis
1309 949 1425 980 cnm
1465 938 1681 991 praeter

32 1023 232 1074 paucos
256 1014 559 1071 nentiquam
582 1014 687 1058 sint
705 1013 915 1071 affecti‚·
934 1017 982 1057 et
1000 1027 1062 1058 ne
1075 1012 1328 1070 foeminis
1346 1013 1451 1057 sint
1475 1012 1678 1056 immix-

37 1095 89 1147 tz',
118 1107 233 1138 cum
257 1093 397 1137 locus
421 1091 550 1136 adeo
573 1090 642 1135 sit
665 1092 911 1146 incapax,
949 1090 1020 1134 ad
1052 1089 1159 1135 alia
1193 1089 1388 1146 templa
1422 1092 1681 1143 comeants

39 1170 168 1228 quod
192 1170 238 1215 ni
265 1176 280 1196 e
309 1169 400 1214 loci
426 1168 660 1224 angustia
685 1167 873 1224 (utpote
905 1166 949 1211 in
986 1183 1082 1224 qua
1116 1182 1238 1223 prae
1274 1166 1525 1223 paruitate
1565 1181 1678 1210 con-

38 1248 226 1294 cionari
250 1263 346 1292 non
373 1246 537 1301 liceat)
563 1245 704 1290 nobis
738 1255 870 1290 esset
904 1245 1179 1300 obstaculo,
1218 1257 1319 1289 non
1355 1243 1569 1288 dnbz'zmz
1604 1246 1681 1287 est

39 1325 178 1382 quin,
206 1322 372 1368 diuina
394 1320 599 1379 juuante
623 1322 808 1378 gratia,
837 1322 988 1366 multo
1013 1321 1232 1366 maiores
1265 1320 1312 1365 in
1347 1320 1450 1365 dies
1484 1319 1678 1365 fructus

29 1402 226 1460 fierent
246 1399 256 1426 f
278 1411 425 1456 atque
450 1400 618 1455 plures
649 1399 845 1444 animae
871 1398 1073 1444 Christo
1109 1398 1477 1443 addicerentur.
1516 1397 1679 1442 Auide

41 1479 167 1524 enim
192 1477 337 1535 hujus
362 1477 498 1522 urbis
522 1491 646 1533 gens
670 1476 889 1521 diuinum
915 1477 1123 1521 uerbum
1155 1475 1308 1521 audit.
1346 1475 1542 1520 Verum
1566 1490 1678 1520 cum

40 1555 235 1600 diuinae
260 1554 601 1611 prouidentiae
624 1554 693 1598 sit
709 1553 964 1609 placitum
987 1560 1006 1587 g
1026 1553 1157 1598 intra
1182 1553 1272 1598 has
1306 1553 1567 1609 angustias
1592 1567 1683 1597 nos

42 1632 357 1686 commorari,
396 1646 652 1688 quousque
687 1647 775 1686 per
811 1632 965 1687 ipsam
1000 1630 1132 1675 aliud
1168 1630 1476 1686 disponatur,
1513 1645 1680 1675 neces-

44 1725 151 1755 sum
197 1709 290 1754 erit
329 1724 489 1765 aequo
530 1707 548 1734 ¹¹
588 1722 682 1753 nos
720 1708 884 1753 animo
929 1708 1244 1764 perferamus
1279 1706 1305 1752 i.
1343 1705 1508 1764 Super
1551 1707 1680 1752 llaec

46 1791 236 1843 autem,
263 1785 502 1831 ommibus
525 1801 648 1841 pene
674 1785 853 1830 diebus
877 1785 1067 1830 Patres
1091 1784 1099 1819 1'
1127 1785 1189 1830 ad
1224 1785 1282 1830 iis
1312 1785 1392 1841 qui
1418 1785 1464 1830 in
1495 1784 1681 1830 vltimis

44 1873 200 1920 agunt
244 1862 286 1913 k,
334 1878 477 1920 opem
537 1862 1027 1919 consolationemque
1078 1862 1337 1908 ferendam
1382 1872 1674 1908 euocantur.

43 1941 187 1998 Quod
211 1941 343 1986 dictu
368 1941 544 1986 mirum
569 1950 876 1997 quantopere
912 1941 1066 1997 plebis
1101 1941 1292 1985 animos
1326 1940 1468 1986 nobis
1503 1940 1680 1985 reddat

45 2018 274 2063 affectos.
302 2017 648 2063 Aedificantur
672 2017 800 2062 enim
826 2033 978 2074 supra
1004 2018 1205 2062 modum
1229 2032 1340 2062 cum
1360 2027 1559 2062 nostros
1579 2017 1680 2062 nul-

45 2096 90 2140 lo
116 2096 328 2140 humano
349 2095 539 2141 illectos
563 2095 803 2153 praemio,
831 2105 933 2140 tam
967 2095 1047 2140 diu
1081 2111 1230 2153 quam
1265 2104 1431 2151 noctu,
1470 2095 1680 2152 quoties-

46 2188 139 2229 que
173 2173 236 2218 ab
270 2173 387 2229 ipsis
421 2182 764 2229 accersuntur,
803 2173 865 2217 ad
900 2173 1118 2229 ipsorum
1159 2174 1332 2218 domos
1371 2182 1473 2218 tam
1513 2172 1681 2217 libenti

47 2250 210 2295 animo
236 2265 288 2295 se
312 2250 544 2295 conferre
569 2250 785 2295 videant.

101 2327 144 2372 3.
211 2327 322 2372 Hoc
346 2336 614 2383 praeterea
638 2328 645 2355 ¹
682 2328 910 2383 proximo
936 2328 1154 2373 aduentu
1180 2327 1276 2372 duo
1301 2343 1363 2373 ex
1383 2327 1566 2372 nostris
1589 2341 1680 2382 per

48 2404 274 2449 diuersas
298 2404 445 2461 hujus
468 2405 652 2461 Oppidi
673 2411 700 2430 ¹¹¹
725 2405 957 2450 basilicas
993 2407 1005 2429 ¹
1042 2405 1190 2450 diuini
1225 2405 1363 2450 uerbi
1394 2420 1561 2450 semen
1586 2419 1684 2448 non

47 2480 151 2526 sine
174 2481 341 2526 fructu
364 2497 615 2537 sparsere.
644 2482 871 2527 Detentis
896 2482 1046 2527 etiam
1071 2481 1117 2526 in
1141 2497 1350 2527 carcere
1385 2482 1511 2526 alius
1536 2480 1683 2525 domi-

48 2557 168 2603 nicis
191 2558 480 2614 festiuisque
503 2558 676 2604 diebus
701 2560 1017 2615 euangelium
1042 2559 1272 2616 explicat.

95 2751 112 2770 ³
143 2743 446 2780 confluentium.
501 2744 567 2772 —b
602 2744 693 2790 Seq.
715 2756 830 2780 sacro
849 2744 964 2780 ohlit.
1025 2751 1080 2771 ——C
1116 2743 1334 2779 hominum.
1384 2742 1447 2769 —d
1478 2743 1682 2780 conuenit.

50 2808 66 2829 e
98 2802 186 2838 nisi.
231 2802 289 2829 -f
326 2803 413 2850 capi
433 2811 609 2849 possent.
656 2811 720 2838 —g
746 2804 919 2850 placeat.
967 2802 1031 2830 -h
1060 2802 1502 2848 Eme12d.exaequao.
1548 2801 1604 2829 ——i
1644 2807 1686 2839 vt

52 2873 120 2897 eas
139 2874 268 2908 aequo
287 2862 421 2898 animo
439 2875 511 2898 nos
530 2862 796 2909 perferamus.
845 2862 897 2894 -ῑ
927 2862 1097 2909 Insuper
1115 2861 1293 2908 quotidie
1313 2873 1416 2908 pene
1436 2861 1682 2898 sacerdotes.

53 2920 117 2947 —k
146 2920 346 2964 laborant,
367 2932 453 2958 non
473 2921 697 2958 obliterato
717 2927 857 2968 agunt.
913 2921 967 2948 -Ι
998 2927 1213 2968 praeterea
1232 2921 1318 2957 hoc.
1372 2927 1448 2947 —111
1470 2921 1592 2958 vrbis.

102 3106 111 3125 ¹
135 3126 138 3128 Δ
163 3105 345 3153 Intelligi
364 3107 551 3143 videntur
569 3107 722 3152 templa
741 3112 855 3142 extra
874 3106 984 3142 urbis
1004 3118 1138 3142 muros
1157 3105 1299 3152 posita.
