2051 3516
624 288 882 326 4s.-E130RA
909 287 955 323 30
980 286 1155 323 Apulus
1182 286 1272 323 1557
1649 288 1715 324 199

129 386 356 441 tibusque
390 384 514 438 aliis,
553 384 796 429 acerrime
831 383 1059 438 utrinque
1094 390 1371 438 pugnatum
1405 392 1492 437 est3
1524 384 1758 428 versaba-

129 472 209 507 tur
233 462 359 507 enim
383 468 400 488 ³
427 461 584 506 omnis
608 460 714 506 fere
748 460 1013 517 disputatio
1047 459 1093 504 in
1128 459 1296 515 primis
1330 468 1378 503 et
1412 459 1639 504 secundis
1678 475 1760 504 no-

129 539 359 588 tionibus,
388 553 515 594 quae
540 538 750 583 materia
775 537 821 582 in
846 536 1126 592 dialectica,
1153 535 1412 592 tyronibus
1447 536 1757 593 praesertim,

128 614 434 672 perdifficilis
458 624 662 670 putatur
686 616 715 659 1.

185 691 228 736 3.
296 690 634 747 Consumptus
658 691 809 748 igitur
833 690 912 735 ille
936 690 1038 735 dies
1064 701 1154 745 est,
1193 705 1380 745 magna
1413 704 1526 734 cum
1561 705 1761 746 praece—

128 767 282 825 ptoris
305 776 354 812 et
377 767 731 824 discipulorum
756 767 918 823 laude,
945 782 1103 824 eoque
1128 766 1290 823 magis
1314 766 1460 822 quod,
1484 775 1537 811 ut
1556 765 1663 811 fieri
1687 782 1763 811 so-

129 845 211 899 let,
238 860 482 901 persaepe
508 844 851 900 disputationis
877 844 1205 898 contentione,
1229 858 1310 888 res
1329 843 1391 887 ad
1410 858 1610 888 sacram
1629 844 1761 888 theo-

129 923 315 978 logiam
341 921 697 978 deducebatur,
726 936 822 978 qua
846 921 891 966 in
916 920 1158 966 facultate
1194 930 1268 966 est
1302 921 1544 977 magister
1579 920 1758 965 medio-

131 999 282 1044 criter
327 1007 577 1044 uersatus.
624 997 1053 1055 Disputationibus
1098 1008 1266 1043 autem
1317 997 1481 1055 finitis,
1532 997 1762 1054 princeps

120 1075 412 1132 cardinalis,
456 1085 693 1131 quantum
727 1091 789 1121 ex
822 1075 894 1120 his
928 1075 1247 1120 iucunditatis
1284 1074 1651 1131 voluptatisque
1686 1090 1763 1120 ce-

128 1152 295 1209 pisset,
322 1167 433 1197 curn
459 1152 651 1197 liberali
676 1152 917 1209 oratione,
945 1161 1050 1197 tum
1083 1152 1231 1196 etiam
1265 1151 1507 1208 singulari
1541 1151 1587 1196 in
1622 1167 1763 1207 prae-

129 1237 385 1285 ceptorem
404 1229 726 1281 humanitate,
750 1228 1059 1285 apertissime
1078 1228 1328 1282 indicauit;
1351 1228 1530 1284 illoque
1549 1228 1626 1273 die
1646 1229 1763 1273 mul-

129 1306 190 1351 tis
215 1306 543 1363 audientibus,
571 1306 704 1351 nulla
728 1306 826 1351 alia
850 1306 910 1351 de
944 1321 997 1350 re
1030 1306 1159 1351 domi
1196 1307 1424 1362 loquutus
1458 1305 1611 1351 fuisse
1651 1305 1762 1350 dici-

131 1393 225 1428 tur.
267 1383 404 1427 Laus
444 1392 493 1428 et
531 1384 694 1440 gloria
734 1383 890 1428 omnis
923 1383 1052 1440 Deo,
1088 1384 1334 1429 bonorum
1372 1383 1587 1428 omnium
1620 1382 1761 1434 fonti,

131 1459 396 1505 tribuatur.
425 1459 713 1506 Adfuerunt
736 1469 903 1505 autem
928 1460 974 1505 in
999 1460 1081 1505 illo
1114 1470 1362 1505 conuentu
1395 1460 1489 1505 uiri
1525 1459 1760 1516 religiosi,

130 1536 441 1589 dominicani,
470 1536 771 1582 franciscani
804 1546 852 1582 et
886 1537 1238 1594 augustiniani,
1277 1553 1302 1582 e
1337 1537 1511 1593 quibus
1547 1537 1763 1582 nonnulli

133 1623 312 1659 contra
332 1613 660 1670 disputarunt.

187 1691 230 1735 4.
296 1690 593 1736 Incredibile
618 1700 707 1748 est,
735 1691 888 1736 Pater
912 1691 1219 1743 charissime,
1248 1701 1432 1748 quanta
1456 1691 1763 1736 liberalitate

130 1772 179 1812 et
216 1768 563 1813 beneuolentia
608 1768 836 1824 princeps
881 1768 1148 1814 cardinalis
1192 1767 1497 1814 Societatem
1541 1777 1764 1813 nostram

130 1845 511 1901 complectatur,
542 1859 704 1902 usque
727 1845 872 1902 adeo,
902 1849 970 1894 ῑιΐ,
998 1846 1037 1890 si
1071 1846 1112 1891 ei
1150 1861 1240 1902 per
1275 1845 1630 1902 occupationes
1665 1860 1764 1889 ma·

132 1921 292 1967 ximas
316 1922 504 1977 liceret,
534 1938 777 1978 nusquam
802 1923 1030 1968 libentius
1055 1939 1202 1979 quam
1222 1939 1318 1968 una
1338 1923 1594 1968 nobiscum
1613 1931 1761 1979 esset,

130 2009 178 2045 et
201 1999 427 2056 quamuis
453 1999 684 2045 maximis
704 2000 914 2056 negotiis
934 2000 1245 2053 distineatur,
1268 2009 1433 2045 tamen
1454 2001 1639 2044 nullum
1658 1998 1763 2044 fere

131 2077 258 2122 diem
282 2077 361 2121 vel
386 2077 653 2121 admodum
678 2093 864 2133 paucos
888 2078 1257 2133 praetermittit,
1285 2077 1399 2134 quin
1424 2077 1471 2122 in
1503 2076 1764 2132 collegium

132 2164 356 2200 nostrum
386 2154 608 2211 uentitet3
647 2170 760 2199 nam
794 2155 840 2200 in
876 2155 1292 2212 quadragessima
1326 2168 1469 2200 nocte
1504 2170 1600 2199 una
1634 2152 1764 2209 apud

132 2247 221 2276 nos
245 2231 495 2288 dormiuit,
523 2241 571 2276 et
594 2241 796 2288 postero
822 2233 899 2277 die
924 2248 1068 2277 mane
1094 2233 1140 2277 in
1174 2233 1358 2277 sacello
1393 2232 1604 2288 quodam
1646 2241 1763 2276 tem-

134 2308 197 2364 pli
222 2309 378 2353 nostri
403 2323 603 2353 sacrum
627 2307 758 2353 fecit.
788 2308 921 2353 Idem
956 2309 1134 2354 iterum
1170 2319 1280 2365 post
1314 2308 1516 2365 pascha,
1555 2318 1601 2353 et
1635 2307 1763 2363 apud

133 2401 222 2430 nos
257 2394 404 2429 nocte
439 2385 601 2430 altera
634 2384 725 2430 fuit
759 2395 807 2430 et
842 2386 979 2431 Patri
1014 2386 1198 2432 rectori
1240 2395 1448 2443 peccata
1487 2385 1760 2441 confessus,

125 2477 333 2507 ,sacrum
360 2461 491 2516 illud,
519 2462 598 2507 cui
623 2462 905 2507 scholastici
941 2464 1179 2508 interesse
1214 2464 1389 2511 solent,
1428 2462 1656 2514 confecit;
1693 2470 1762 2506 to-

137 2549 335 2595 tumque
360 2539 475 2584 illud
500 2548 694 2595 tempus
719 2540 1182 2597 antemeridianum,
1210 2540 1389 2596 partim
1415 2540 1457 2583 in
1485 2538 1763 2583 dialectico-

135 2631 260 2667 rum,
291 2615 539 2671 partimin
563 2631 750 2664 eorum,
788 2617 867 2673 qui
904 2617 1101 2662 casibus
1136 2616 1467 2662 conscientiae
1502 2615 1619 2660 dant
1653 2630 1763 2671 ope-

135 2708 260 2750 ram,
303 2692 630 2748 disputatione
670 2693 915 2738 audienda
951 2694 1271 2750 consumpsit.
1310 2692 1500 2736 Deinde
1535 2707 1656 2737 uero
1691 2691 1764 2737 his

182 2854 199 2873 a
245 2846 352 2882 enim
372 2859 462 2883 cum
483 2847 556 2883 his.

184 2979 193 2998 ¹
246 2977 440 3024 Quaestio
456 2979 505 3015 de
524 2980 663 3026 primis
678 2989 718 3018 et
733 2981 920 3016 secundis
935 2981 1162 3017 notionibus
1178 2979 1357 3026 agitatur
1371 2993 1394 3016 a
1415 2979 1765 3016 CONIMBRICENSI-

135 3047 210 3073 BUS
227 3037 268 3074 in
287 3040 575 3075 commentario
594 3039 635 3074 in
655 3039 882 3085 lsagogem
901 3039 1144 3086 Porphyrii
1167 3038 1241 3075 sub
1260 3039 1508 3085 generaliori
1527 3039 1763 3086 quaestione

135 3096 183 3133 de
203 3097 518 3135 universalibus.
