2051 3516
441 333 559 370 218.—-
576 333 855 369 INGOLSTADIO
881 332 927 368 ‘28
955 332 1198 369 DECEMBRIS
1228 330 1317 366 1558
1582 328 1649 365 <901

160 429 333 487 Igitur
363 428 550 473 fratres
584 443 753 474 omnes
784 427 805 448 a
835 428 974 473 iuxta
1004 443 1124 472 suae
1154 426 1431 471 uocationis
1456 425 1700 470 rationem

72 507 120 552 in
144 506 376 563 operibus
411 506 668 552 charitatis
702 521 755 550 se
789 516 1043 560 exercent,
1070 504 1283 562 qnidam
1303 509 1498 560 pueros
1522 503 1702 547 docen-

73 584 159 640 do,
207 583 300 628 alii
351 582 709 628 coadz'ntormn
763 582 1130 639 teniporalimn
1185 580 1375 639 officiis
1428 578 1700 636 obeundis,

74 661 306 707 omnibus
329 660 348 687 ¹³
373 664 547 705 antem
577 653 666 704 suo
690 669 914 716 tempore
945 658 1271 704 xenodochiis
1294 657 1567 703 inuisendis
1595 663 1626 714 ⁰,
1654 666 1703 702 et

73 738 294 794 linguam
327 737 668 793 germanicam
706 736 823 793 (qua
857 735 1173 781 familiariter
1211 735 1412 790 utimur)
1448 734 1703 779 addiscen-

74 815 138 861 do
157 814 193 872 ἀ,
219 814 399 873 officia
423 814 612 859 liabent
630 814 771 859 domi
794 814 888 859 alii
904 814 1011 859 alia
1030 817 1245 869 praeter
1266 813 1359 858 illa
1383 813 1699 870 communia,

75 893 214 951 qnod
248 892 441 938 omitto.
483 891 741 937 Exercent
784 892 955 936 adlznc
993 906 1047 936 se
1087 891 1316 937 iuniores
1356 890 1610 947 priuatim
1651 891 1703 935 in

71 970 444 1029 grammatica,
466 970 520 1014 in
541 970 839 1026 praeceptis
861 973 909 1014 et
931 968 1395 1014 declamationibus
1419 968 1702 1025 rhetoricis,

76 1047 261 1106 quibus
282 1061 419 1091 nnnc
444 1047 692 1092 adiuncta
727 1050 800 1090 est
834 1046 977 1091 lectio
1011 1046 1296 1100 dialectica,
1324 1046 1575 1101 priuatim
1599 1046 1706 1103 qni-

76 1126 210 1181 dem,
238 1129 292 1170 at
315 1125 399 1169 cni
421 1124 634 1169 interest
655 1123 838 1169 nobilis
860 1123 1073 1181 qnidam
1098 1123 1305 1168 innenis
1334 1123 1574 1179 polonus.
1603 1121 1709 1180 Qui

77 1203 393 1259 theologiam
429 1202 663 1257 andiunt,
690 1201 1026 1259 quotidianas
1048 1200 1237 1245 liabent
1258 1201 1418 1246 liorae
1452 1200 1610 1245 nnius
1633 1214 1707 1245 re-

73 1280 377 1336 petitionem
413 1284 461 1323 et
492 1279 706 1324 alterius
739 1278 1164 1334 dz'spntationenz-,
1187 1277 1554 1334 praesentibus
1586 1278 1709 1323 dno-

79 1356 174 1403 bus
218 1361 309 1402 ant
351 1356 515 1401 tribus
559 1371 624 1401 ex
667 1356 857 1401 nostris
901 1355 1193 1400 doctoribus
1235 1355 1503 1412 theologis.
1550 1356 1710 1402 Statis

80 1435 237 1480 etiam
267 1433 624 1479 hebdomadae
649 1432 840 1480 diebus>
862 1433 1085 1478 audiant
1118 1432 1180 1477 de
1214 1432 1421 1477 casibus
1454 1433 1711 1478 conscien-

80 1512 182 1557 tiae
220 1510 546 1568 Sylnestrnnz
582 1513 612 1560 ¹,
646 1511 794 1566 finito
829 1510 936 1555 iam
973 1509 1220 1555 Caietano
1255 1511 1285 1555 2.
1314 1509 1394 1555 De
1428 1510 1546 1555 aliis
1579 1524 1712 1568 qnae

81 1588 380 1633 communia
418 1592 541 1632 sunt
579 1587 770 1633 nostris
802 1587 1041 1632 omnibns
1074 1587 1320 1645 collegiis,
1366 1602 1499 1645 qnae
1536 1588 1712 1633 videli-

82 1670 159 1711 cet
175 1655 454 1724 generales
472 1664 840 1721 praescribunt
869 1665 1269 1710 consuetudines
1307 1679 1367 1710 ac
1401 1665 1712 1711 constitutio-

81 1757 173 1788 nes
196 1750 212 1770 Ε
241 1742 384 1799 (quas
407 1742 550 1787 nobis
575 1758 704 1787 nunc
728 1742 890 1787 Roma
915 1742 1077 1787 attulit
1097 1741 1249 1788 Pater
1281 1741 1291 1768 f
1321 1743 1352 1800 3,
1375 1752 1424 1788 et
1443 1742 1545 1799 ipse
1560 1748 1713 1799 prae-

82 1820 254 1878 legere
270 1820 333 1865 ad
349 1834 660 1864 communem
675 1819 1049 1864 instructionem
1069 1826 1088 1853 g
1102 1834 1213 1864 cum
1231 1835 1415 1876 magna
1432 1820 1713 1865 animorum

79 1897 409 1955 gratitudine
433 1896 452 1922 h
476 1895 674 1953 coepit),
702 1895 930 1941 consulto
954 1896 1096 1941 tacni
1117 1895 1387 1941 breuitatis
1416 1910 1578 1942 cansa
1614 1895 1638 1941 i.

144 1973 185 2018 2.
252 1974 367 2018 Iam
407 1973 466 2018 de
500 1988 770 2029 puerorum
808 1973 998 2018 studiis
1037 1977 1151 2018 erat
1186 1974 1394 2018 dicendi
1429 1974 1585 2031 locus)
1625 1974 1721 2019 sed

131 2162 150 2184 ὃ
182 2154 391 2192 Praeced.
413 2165 451 2190 v.
474 2153 682 2190 additum
701 2157 840 2196 supra
855 2163 1044 2189 versum.
1093 2152 1157 2179 -b
1177 2165 1342 2188 ommes.
1388 2160 1451 2179 —C
1470 2153 1720 2190 xenodochia

84 2214 310 2252 inuisendo.
362 2213 431 2239 ——d
452 2212 674 2248 addiscunt.
729 2218 794 2239 —e
821 2212 890 2248 alii
909 2224 1056 2258 pueros
1075 2211 1232 2254 docent,
1255 2212 1323 2248 alii
1338 2212 1643 2249 humanioribus
1657 2213 1720 2250 lit-

86 2275 185 2312 teris
204 2275 300 2311 dant
319 2286 485 2320 operam
514 2277 553 2308 et
585 2272 624 2308 in
655 2272 1020 2308 declamationibus
1050 2272 1264 2308 rhetoricis
1282 2285 1325 2308 se
1346 2278 1551 2315 exercent,
1573 2272 1720 2319 quibus

87 2334 327 2371 dialecticae
346 2333 468 2369 lectio
489 2337 549 2368 est
568 2332 770 2370 adiuncta.
792 2332 861 2368 alii
881 2333 921 2368 in
941 2331 1182 2368 lectionibus
1198 2336 1237 2368 et
1252 2332 1589 2379 disputationibus
1608 2333 1721 2370 theo-

87 2394 231 2441 logicis
246 2399 478 2437 versantur,
499 2404 639 2438 omnes
654 2392 973 2437 constitutiones;
992 2394 1037 2428 in
1056 2403 1197 2437 marg.
1238 2391 1294 2418 —f
1319 2397 1468 2429 rector.
1515 2400 1581 2426 —g
1598 2394 1721 2441 expli-

89 2467 197 2491 care.
255 2453 320 2480 —h
349 2453 638 2490 consolatione.
661 2452 716 2479 —i
745 2453 965 2489 obseruare
985 2457 1141 2488 curant.

138 2612 146 2630 ¹
201 2609 403 2647 Silvester
434 2608 679 2652 Mozolinus,
712 2609 761 2645 de
792 2607 950 2645 Prierio
981 2608 1128 2651 dictus,
1164 2606 1210 2644 O.
1245 2607 1307 2653 Ρ.,
1341 2608 1462 2645 edidit
1493 2621 1598 2645 anno
1632 2608 1725 2647 1516

92 2669 329 2707 Summam
344 2678 644 2710 summarum,
664 2667 702 2704 in
718 2680 798 2714 qua
813 2668 996 2704 articulis
1010 2667 1080 2703 715
1098 2667 1352 2713 alphabetice
1368 2667 1569 2714 dispositis
1584 2681 1724 2706 omnes

90 2728 324 2775 theologiae
356 2727 558 2774 practicae
588 2733 725 2774 partes
759 2733 994 2775 pertractat.
1029 2727 1225 2771 HURTER,
1259 2727 1612 2766 AVomenclator...
1646 2728 1722 2773 IV,

94 2788 197 2825 1139.

141 2848 153 2867 '⁴'
204 2847 382 2884 Thomas
413 2847 461 2883 de
497 2846 587 2890 Vio,
609 2848 735 2894 vulgo
767 2846 992 2895 CaJ'etanus
1024 2860 1046 2883 a
1078 2846 1208 2892 patria
1236 2845 1396 2889 Caieta,
1431 2845 1478 2883 O.
1507 2846 1568 2892 P.,
1602 2847 1726 2884 edidit

93 2908 381 2945 Peccatorznn
401 2907 679 2944 summulam
698 2907 837 2944 ordine
857 2907 1126 2954 alphabetico,
1156 2907 1326 2950 Romae,
1363 2905 1466 2949 1525,
1499 2911 1539 2942 et
1565 2910 1726 2954 saepius

94 2966 218 3004 variis
237 2966 348 3003 locis.
369 2966 566 3011 HURTER,
586 2966 704 3012 ibid..
728 2967 829 3004 1019.

141 3027 154 3046 ⁸
205 3025 346 3062 Novus
364 3026 528 3072 collegii
547 3026 877 3072 ingolstadiensis
896 3031 1040 3069 rector,
1063 3025 1105 3061 P.
1127 3025 1321 3062 Nicolaus
1339 3024 1533 3073 Lanojus,
1562 3026 1630 3072 qui
1656 3039 1724 3073 ge-

94 3085 228 3122 nerali
247 3085 397 3121 ordinis
416 3086 636 3122 conventui
652 3085 909 3122 interfuerat.
933 3084 995 3122 Cf.
1018 3084 1174 3121 Lainz‘i
1198 3084 1409 3130 Monmn„
1435 3083 1504 3128 ΙΙΙ,
1533 3084 1614 3128 491,
1643 3085 1726 3123 500.

97 3144 419 3182 Constitutiones
439 3143 529 3182 Soc.
546 3144 646 3191 Jesu
663 3145 838 3193 primum
856 3145 929 3181 hoc
949 3157 1054 3181 anno
1074 3143 1179 3191 typis
1199 3155 1373 3181 excusae
1392 3149 1497 3181 sunt.
