2051 3516
566 303 801 341 3.-ΕΒωκΑ
830 301 871 337 31
902 300 1146 336 DECEMBRls
1178 298 1264 333 1356
1646 296 1683 331 11

98 404 273 460 Itaque
298 401 462 447 omnia
486 399 759 445 liberaliter
787 394 1241 442 subministrantur.
1276 392 1379 437 Iam
1412 407 1531 437 uero
1555 392 1593 437 si
1629 392 1735 447 quis

100 495 304 526 suorum
334 478 445 523 hinc
480 475 817 532 Olisipponem
851 471 1094 529 peruenit,
1132 469 1302 527 primis
1336 468 1442 514 fere
1475 469 1642 514 uerbis
1675 469 1734 514 de

100 558 315 603 fratrum
339 554 639 611 ualetudine,
665 552 824 608 deque
849 550 998 596 rebus
1018 548 1200 594 nostris
1225 556 1390 603 rogat,
1418 555 1567 602 atque
1586 547 1735 591 etiarn

102 635 162 680 de
186 633 327 679 nobis
361 632 514 676 multa
537 645 688 686 saepe
713 628 833 674 satis
859 625 1068 672 iucunde
1103 624 1337 681 loquitur.
1375 622 1601 680 Denique
1635 623 1736 667 dili-

101 721 278 770 genter
302 711 386 755 dat
409 723 630 765 operam,
658 715 709 751 ut
733 706 827 750 hoc
850 719 993 749 suum
1018 688 1301 759 collegium,
1339 701 1478 746 cuius
1513 699 1738 745 aedificio

101 789 457 843 literarumque
481 782 654 830 studiis
678 783 1002 828 uehementer
1026 780 1320 828 delectatur,
1349 793 1495 834 quam
1526 777 1737 834 primum

104 865 308 911 reuisat.
352 863 498 920 Quod
532 862 629 906 iam
663 860 744 905 diu
779 859 996 915 fecisset,
1033 857 1123 903 nisi
1158 856 1376 901 maxima
1410 855 1562 900 totius
1596 854 1739 910 regni

103 942 306 1000 negotia
329 941 465 986 illum
489 938 775 994 Olisippone
800 935 1086 981 tenuissent.
1126 933 1225 979 Sed
1258 943 1423 978 tamen
1458 931 1600 977 breui
1635 932 1740 976 eius

104 1019 374 1064 aduentum
398 1023 737 1073 expectamus,
765 1023 914 1069 atque
939 1026 1194 1068 speramus
1219 1010 1345 1062 fore,
1372 1019 1424 1054 ut
1443 1024 1540 1054 non
1558 1008 1739 1053 medio-

105 1112 240 1143 crem
264 1095 431 1152 capiat
457 1092 711 1148 laetitiam,
738 1106 850 1136 curn
875 1105 1114 1146 praesens
1137 1088 1316 1133 uiderit
1340 1103 1468 1143 eum,
1496 1087 1576 1143 qui
1611 1102 1740 1131 nunc

105 1184 195 1229 est,
222 1173 505 1219 scholarum
528 1179 728 1224 statum,
757 1183 900 1225 quem
934 1167 1012 1212 ille
1048 1166 1241 1224 quidem
1275 1165 1535 1210 florentem
1569 1164 1739 1210 uidere

106 1266 253 1308 quam
277 1248 491 1295 maxime
515 1246 664 1304 cupit,
694 1246 758 1291 ob
783 1260 991 1301 eamque
1016 1259 1121 1289 rem
1148 1244 1328 1288 multos
1352 1242 1569 1300 quotidie
1594 1243 1655 1287 ad
1689 1242 1741 1287 li-

106 1338 331 1374 terarum
356 1325 519 1372 studia
544 1322 997 1370 munificentissime
1032 1321 1223 1367 inuitat.
1263 1321 1391 1366 Nam
1426 1320 1632 1377 triginta
1666 1336 1743 1365 sa-

108 1405 338 1451 cerdotes
362 1402 697 1450 conscientiae
721 1415 868 1446 casus
892 1400 1114 1453 audiunt,
1143 1410 1190 1445 et
1215 1398 1525 1445 dialecticam
1551 1397 1740 1455 uiginti,

109 1483 284 1540 quibus
308 1480 531 1538 singulis,
568 1489 621 1525 ut
655 1478 921 1536 diligenter
956 1478 1201 1530 studeant,
1241 1475 1503 1532 quotannis
1536 1475 1745 1531 triginta

109 1576 292 1607 aureos
311 1558 672 1604 liberalissz'nw
691 1556 951 1613 elargitur.
974 1554 1151 1600 Iisdem
1171 1569 1293 1599 uero
1312 1563 1462 1610 atque
1482 1553 1605 1608 aliis,
1628 1553 1667 1598 si
1692 1568 1745 1598 se

110 1637 246 1683 uiros
281 1635 637 1693 praestiterint,
676 1634 870 1679 maiora
905 1633 1058 1678 multa
1092 1632 1351 1688 pollicetur
1386 1630 1626 1687 praemia.
1666 1630 1745 1675 Ex

114 1729 210 1771 quo
242 1713 389 1759 facile
424 1721 635 1769 apparet
669 1710 827 1767 qualis
861 1709 965 1755 eius
995 1709 1042 1754 in
1075 1724 1163 1754 nos
1187 1708 1249 1753 sit
1274 1708 1481 1759 animus,
1508 1723 1618 1752 cum
1642 1717 1744 1754 tam

114 1791 294 1836 multos
329 1789 587 1835 doctrinae
621 1797 825 1833 nostrae
857 1788 1083 1832 alumnos
1118 1801 1228 1831 esse
1253 1801 1349 1830 non
1375 1785 1532 1830 solum
1558 1785 1740 1843 cupiat,

113 1868 199 1914 sed
219 1867 349 1913 omni
370 1866 562 1912 ratione
596 1874 755 1911 curet.
779 1864 1101 1921 Quapropter
1125 1863 1287 1909 Deum
1312 1862 1427 1919 Opt.
1466 1861 1600 1908 Max.
1639 1879 1746 1920 pre-

114 1961 303 2001 camur,
327 1955 376 1990 ut
395 1943 667 2001 principem
687 1942 1144 1988 christianissimum
1163 1956 1360 1999 semper
1380 1941 1425 1986 in
1446 1957 1504 1987 ea
1524 1942 1748 1987 uolunta-

114 2033 161 2069 te
180 2032 460 2079 conseruet,
487 2021 629 2077 eique
653 2020 738 2065 tali
763 2019 925 2065 animo
950 2019 1151 2076 dignum
1175 2019 1449 2075 praemium
1474 2020 1743 2076 persoluat.

174 2100 214 2145 7.
282 2099 385 2145 Iam
410 2114 546 2152 uero,
574 2107 625 2143 ut
649 2097 712 2143 ad
736 2096 1009 2142 domestica
1034 2096 1307 2151 ueniamus,
1334 2097 1547 2153 primum
1583 2112 1746 2142 sacer-

117 2179 258 2223 dotes
282 2176 412 2222 omni
436 2191 560 2221 cura
584 2184 632 2220 et
655 2174 911 2231 diligentia
935 2189 1046 2219 cum
1070 2189 1255 2229 magno
1280 2173 1557 2219 animorum
1583 2174 1748 2219 fructu

116 2265 311 2311 partem
335 2253 426 2299 sibi
449 2252 685 2298 traditam
710 2260 927 2297 tuentur.
956 2251 1227 2295 Multorum
1253 2251 1379 2296 enim
1399 2251 1614 2307 quotidie
1634 2267 1745 2296 con-

118 2332 360 2378 fessiones
384 2330 605 2382 audiunt,
632 2329 795 2375 multis
821 2338 1196 2374 sacrosanctum
1233 2327 1415 2374 Christi
1452 2344 1633 2385 corpus
1669 2329 1750 2374 ad-

119 2410 413 2462 ministrant,
442 2409 623 2453 multos
647 2407 795 2452 etiam
819 2406 918 2451 suis
949 2406 1147 2451 monitis
1182 2421 1210 2450 a
1236 2406 1369 2451 uitae
1404 2406 1653 2462 prauitate
1688 2406 1752 2452 ad

120 2503 289 2533 uerum
313 2487 405 2532 Dei
430 2487 614 2531 cultum
633 2494 681 2530 et
700 2485 935 2540 pietatem
954 2499 1072 2529 uere
1091 2484 1412 2528 christianam
1433 2494 1748 2529 conuertunt.

119 2564 285 2621 Atque
309 2578 458 2619 saepe
492 2562 539 2607 in
563 2561 639 2607 die
663 2562 726 2607 ab
750 2560 972 2617 aegrotis
997 2570 1344 2608 accersuntur,
1372 2575 1494 2615 quos
1530 2561 1606 2605 uel
1641 2576 1749 2617 pec-

121 2652 236 2687 cata
260 2640 550 2687 confitentes
573 2639 793 2691 audiunt,
821 2639 899 2683 uel
922 2638 1089 2683 tristes
1113 2638 1449 2684 consolantur,
1475 2639 1552 2683 uel
1572 2639 1749 2683 morbo

123 2717 334 2763 afflictos
358 2716 669 2768 confirmant,
697 2715 775 2759 uel
799 2716 949 2760 etiam
974 2730 1003 2759 a
1027 2715 1129 2759 uita
1165 2714 1459 2759 decedentes
1496 2715 1749 2761 adiuuant.

124 2794 286 2852 Saepe
311 2794 459 2840 etiam
482 2793 653 2850 inopes
677 2802 724 2838 et
743 2800 952 2848 egentes
977 2791 1206 2839 inuisum,
1235 2805 1420 2846 eosque
1445 2790 1647 2837 diuitum
1669 2795 1751 2838 bo-

125 2887 302 2917 norum
347 2869 689 2916 misericordia
733 2878 1027 2914 sustentant.
1076 2867 1437 2923 Nonnunquam
1476 2870 1753 2915 custodiam

125 2950 372 3007 publicam
396 2949 594 3004 adeunt,
621 2956 668 2992 et
687 2962 747 2991 ea
767 2946 941 2991 uinctis
961 2956 1063 2990 tum
1085 2960 1329 2996 sermone,
1352 2955 1453 2990 tum
1474 2947 1622 2992 etiarn
1643 2963 1754 3004 ope-

127 3043 180 3073 re
204 3036 480 3084 praestant,
509 3025 682 3081 quibus
708 3038 949 3080 quemque
975 3022 1190 3066 maxime
1222 3037 1374 3078 egere
1404 3023 1587 3070 uident.
1625 3025 1753 3070 Nam

129 3104 218 3148 hos
242 3103 303 3148 ad
329 3102 476 3147 animi
501 3101 572 3145 sui
598 3102 807 3145 salutem
843 3098 1230 3155 patientiamque
1264 3099 1543 3148 hortantur,
1585 3102 1691 3146 illos
1725 3118 1755 3147 a
