2051 3516
641 295 913 332 50.—BURG13
939 295 960 330 4
987 294 1095 341 MAJ1
1125 295 1214 331 1557
1625 298 1695 334 205

878 542 953 593 50

596 653 947 700 ANTONIUS
982 653 1259 700 TORRES

680 766 826 792 BURGls
852 756 874 792 4
901 766 994 803 MAJI
1025 757 1114 792 1557
1143 758 1166 793 ¹.

102 844 180 882 1-3.
209 844 435 881 Sociorum
454 855 668 881 numerus
687 850 726 883 et
745 847 1004 882 ministeria.
1016 847 1094 882 24.
1126 846 1468 883 Exercitationes
1482 847 1740 892 spirituales

172 906 213 940 et
243 904 501 949 regularum
532 904 1207 942 observantia.——5.——Litteraria
1225 905 1378 942 studia
1398 908 1437 942 et
1462 906 1738 941 exercitia.—

172 962 215 998 6.
247 962 401 1009 Aliqui
415 963 667 1001 scholastici
683 965 744 1001 ad
760 966 1012 1011 religiosam
1026 967 1167 1001 vitam
1182 964 1490 1010 aspirant.—7.
1522 964 1739 1001 Obtrecta-

171 1024 283 1058 tores
301 1023 444 1069 aliqui
460 1027 611 1060 contra
632 1024 888 1061 Societatem
908 1025 1074 1061 latrare
1092 1035 1177 1061 non
1198 1024 1420 1068 desinunt,
1437 1024 1515 1061 sed
1529 1025 1648 1061 intra
1661 1029 1739 1070 pa-

173 1082 300 1118 rietes
316 1083 516 1128 privatos
535 1086 729 1120 tantum.

164 1176 202 1222 1.
269 1180 297 1228 †
330 1177 426 1223 [hs.
454 1177 738 1224 Admodum
763 1179 887 1224 Rde.
916 1179 962 1224 in
993 1178 1145 1224 Chro.
1182 1179 1350 1225 Pater.
1388 1178 1495 1224 Pax
1532 1178 1735 1226 Christi.

100 1251 299 1311 [Mzdtz’s
331 1255 500 1300 verbis
533 1256 670 1313 dicit,
710 1257 831 1301 novi
852 1256 983 1301 m'lzz'l
1005 1257 1057 1301 in
1082 1256 1294 1314 collegio
1319 1256 1605 1309 accidisse]
1631 1256 1735 1302 Iam

99 1341 264 1376 autem
287 1346 352 1376 ex
374 1346 550 1377 eorum
573 1337 610 1388 a,
638 1333 718 1389 qui
751 1332 798 1377 in
831 1333 926 1378 hac
959 1333 1106 1378 domo
1145 1344 1360 1389 manent,
1397 1333 1519 1379 satis
1552 1333 1737 1390 exiguo

98 1422 306 1453 numero
326 1407 488 1465 (quem
507 1409 639 1454 intra
656 1410 1001 1455 duodecimum
1019 1410 1258 1466 proximis
1277 1410 1453 1456 litteris
1472 1408 1531 1455 T.
1551 1410 1603 1455 Ρ.
1626 1426 1736 1456 con-

98 1483 275 1530 sistere
299 1484 577 1541 significaui
609 1486 659 1543 2),
698 1502 842 1532 nemo
876 1502 1083 1543 prorsus
1117 1497 1204 1532 aut
1236 1487 1509 1533 subductus
1544 1499 1617 1533 est
1651 1497 1739 1534 aut

97 1561 309 1619 additus,
346 1563 545 1608 tametsi
579 1562 597 1590 b
626 1563 922 1619 quotidianis
957 1563 1402 1621 efflagitationibus
1435 1564 1558 1609 duos
1593 1565 1734 1614 alios,

97 1647 184 1684 aut
221 1638 284 1683 ad
325 1654 569 1684 summum
607 1649 727 1696 tres,
777 1640 1044 1696 superaddi
1084 1641 1456 1697 contendamus,
1503 1657 1614 1687 cum
1658 1642 1735 1698 qui

97 1715 274 1761 adsunt
308 1716 412 1761 sine
447 1717 595 1773 graui
629 1718 801 1763 labore
836 1727 885 1763 et
920 1718 1142 1774 plurimis
1178 1718 1453 1764 studiorum
1495 1719 1734 1764 intermis-

96 1792 314 1838 sionibus
333 1793 530 1850 collegii
555 1794 699 1839 huius
722 1794 996 1840 ministeria
1015 1795 1178 1840 omnia
1202 1796 1370 1841 subire
1389 1805 1475 1841 aut
1493 1796 1735 1842 tollerare

95 1880 358 1926 nequeant.
387 1871 468 1916 Ad
491 1871 616 1916 haec
639 1872 725 1917 uix
747 1871 840 1917 hoc
864 1873 1091 1928 proximo
1127 1873 1577 1930 quadragessimali
1613 1883 1733 1920 tem-

95 1962 215 2003 pore
245 1948 309 1993 ab
333 1948 589 1994 audiendis
615 1949 1026 2005 confessionibus,
1054 1966 1146 1996 nec
1170 1951 1341 2007 paucis
1365 1952 1560 2008 quidem
1585 1967 1732 2008 gene-

97 2023 300 2075 ralibus,
324 2025 542 2070 maximo
562 2041 674 2071 cum
693 2025 860 2072 fructu
880 2027 1123 2083 tantisper
1142 2039 1215 2073 est
1234 2038 1536 2074 caessatum.
1550 2029 1733 2074 Mendi-

95 2116 266 2147 corum
290 2103 440 2148 etiam
465 2105 631 2161 turba,
658 2119 768 2149 cum
794 2105 841 2149 in
865 2105 1114 2161 parochiis
1140 2115 1326 2162 quanta
1350 2122 1442 2163 par
1467 2116 1577 2152 erat
1601 2107 1730 2152 ratio

93 2193 190 2224 non
224 2179 511 2237 haberetur,
549 2180 613 2225 ad
647 2196 738 2226 nos
771 2197 824 2226 se
863 2182 1085 2239 contulit,
1124 2183 1299 2239 quibus
1339 2183 1579 2235 omnibus,
1622 2183 1730 2228 aliis

98 2255 491 2302 confessionibus
515 2257 709 2302 omissis
732 2258 780 2303 in
804 2268 1074 2316 posterum,
1102 2259 1219 2305 data
1244 2269 1319 2305 est
1342 2275 1495 2316 opera
1514 2260 1731 2305 maxima

97 2348 209 2378 cum
234 2348 407 2378 eorum
433 2334 640 2380 laetitia.

153 2409 195 2454 2.
262 2409 341 2454 Ad
366 2411 700 2456 eucharistiae
725 2412 942 2457 diuinum
978 2425 1363 2469 sacramentum,
1401 2414 1730 2459 foeminarum

97 2486 422 2543 potissimum,
450 2487 626 2544 ingens
652 2498 727 2533 est
750 2488 935 2534 feruor.
961 2489 1086 2535 Sunt
1121 2491 1249 2535 enim
1284 2506 1410 2546 quae
1444 2491 1730 2546 frequenter

95 2563 142 2608 in
165 2563 479 2609 hebdomada
513 2566 880 2611 communicant
908 2574 936 2611 Ε.
972 2567 1172 2612 Utinam
1208 2584 1378 2613 earum
1414 2567 1728 2613 sanctitatem

96 2640 176 2685 vel
198 2640 365 2697 aliqua
389 2657 452 2686 ex
475 2651 618 2698 parte
642 2642 744 2699 ipse
768 2643 1057 2689 immitarerl
1086 2644 1244 2690 Pudet
1278 2644 1420 2698 enim,
1458 2652 1606 2700 atque
1639 2644 1727 2691 uti-

140 2797 158 2817 a
202 2791 340 2828 Prius
359 2804 408 2827 ex
427 2791 498 2828 his.
555 2791 618 2819 —b
667 2797 710 2828 ἰῇ
737 2793 769 2829 si
803 2804 881 2829 ms.
937 2801 998 2821 —c
1044 2794 1180 2830 Prius
1211 2792 1386 2839 quotidie
1414 2794 1724 2836 communicant.

98 2854 180 2894 aut,
198 2850 230 2886 si
246 2850 488 2897 denegatur,
506 2852 626 2888 tertio
641 2864 800 2899 quoque
816 2853 892 2889 die.

143 2981 153 3000 ¹
205 2979 268 3016 Ex
287 2981 553 3028 autographo,
575 2987 618 3018 ut
639 2982 810 3025 videtur,
834 2983 873 3018 in
900 2983 1035 3019 codice
1063 2983 1195 3027 Hisp.
1230 2981 1297 3027 95,
1329 2982 1352 3019 2
1381 2983 1422 3020 ff.
1453 2996 1519 3021 nn.
1550 2984 1609 3030 99,
1645 2985 1723 3030 100;

94 3040 205 3085 prius
227 3039 306 3082 148,
331 3040 409 3077 149.
432 3040 588 3087 Aliqua
607 3041 691 3087 ipse
712 3048 853 3078 auctor
872 3042 1116 3082 emendavit,
1137 3046 1180 3077 ut
1199 3041 1239 3077 in
1254 3048 1388 3079 annot.
1410 3043 1645 3082 indicamus.

143 3100 154 3118 ²
206 3098 313 3136 Vide
333 3112 426 3146 pag.
448 3099 506 3136 66.
