<?xml version="1.0" encoding="UTF-8"?>
<!DOCTYPE html PUBLIC "-//W3C//DTD XHTML 1.0 Transitional//EN"
    "http://www.w3.org/TR/xhtml1/DTD/xhtml1-transitional.dtd">
<html xmlns="http://www.w3.org/1999/xhtml" xml:lang="en" lang="en">
 <head>
  <title>
</title>
<meta http-equiv="Content-Type" content="text/html;charset=utf-8" />
  <meta name='ocr-system' content='tesseract 3.04.00' />
  <meta name='ocr-capabilities' content='ocr_page ocr_carea ocr_par ocr_line ocrx_word'/>
</head>
<body>
  <div class='ocr_page' id='page_1' title='image "./litteraequadrime17lain_0633.png"; bbox 0 0 2051 3516; ppageno 0'>
   <div class='ocr_carea' id='block_1_1' title="bbox 524 284 1640 324">
    <p class='ocr_par' dir='ltr' id='par_1_1' title="bbox 524 284 1640 324">
     <span class='ocr_line' id='line_1_1' title="bbox 524 284 1640 324; baseline -0.004 -1"><span class='ocrx_word' id='word_1_1' title='bbox 524 286 820 324; x_wconf 40' lang='lat' dir='ltr'>loa-As-fflsio</span> <span class='ocrx_word' id='word_1_2' title='bbox 849 287 893 323; x_wconf 85' lang='lat'>13</span> <span class='ocrx_word' id='word_1_3' title='bbox 919 286 1098 323; x_wconf 75' lang='lat' dir='ltr'><strong>APRILIS</strong></span> <span class='ocrx_word' id='word_1_4' title='bbox 1128 286 1218 322; x_wconf 54' lang='lat'>1058</span> <span class='ocrx_word' id='word_1_5' title='bbox 1571 284 1640 320; x_wconf 71' lang='lat'>597</span> 
     </span>
    </p>
   </div>
   <div class='ocr_carea' id='block_1_2' title="bbox 50 380 1696 2921">
    <p class='ocr_par' dir='ltr' id='par_1_2' title="bbox 50 380 1696 2921">
     <span class='ocr_line' id='line_1_2' title="bbox 51 380 1684 441; baseline -0.003 -11"><span class='ocrx_word' id='word_1_6' title='bbox 51 384 249 441; x_wconf 80' lang='lat' dir='ltr'>quentia</span> <span class='ocrx_word' id='word_1_7' title='bbox 273 384 332 429; x_wconf 89' lang='lat' dir='ltr'>de</span> <span class='ocrx_word' id='word_1_8' title='bbox 356 384 404 429; x_wconf 87' lang='lat' dir='ltr'>la</span> <span class='ocrx_word' id='word_1_9' title='bbox 428 383 740 429; x_wconf 89' lang='lat' dir='ltr'>confessione</span> <span class='ocrx_word' id='word_1_10' title='bbox 766 393 922 441; x_wconf 85' lang='lat' dir='ltr'>tanta,</span> <span class='ocrx_word' id='word_1_11' title='bbox 950 383 1040 428; x_wconf 93' lang='lat' dir='ltr'>che</span> <span class='ocrx_word' id='word_1_12' title='bbox 1063 383 1213 427; x_wconf 88' lang='lat' dir='ltr'>molte</span> <span class='ocrx_word' id='word_1_13' title='bbox 1240 382 1371 427; x_wconf 75' lang='lat' dir='ltr'>nolte</span> <span class='ocrx_word' id='word_1_14' title='bbox 1396 382 1457 426; x_wconf 87' lang='lat' dir='ltr'>da</span> <span class='ocrx_word' id='word_1_15' title='bbox 1482 381 1528 425; x_wconf 81' lang='lat' dir='ltr'>la</span> <span class='ocrx_word' id='word_1_16' title='bbox 1548 380 1684 425; x_wconf 82' lang='lat' dir='ltr'>mati-</span> 
     </span>
     <span class='ocr_line' id='line_1_3' title="bbox 51 458 1684 518; baseline -0.003 -12"><span class='ocrx_word' id='word_1_17' title='bbox 51 477 130 518; x_wconf 92' lang='lat' dir='ltr'>na,</span> <span class='ocrx_word' id='word_1_18' title='bbox 158 461 255 506; x_wconf 87' lang='lat' dir='ltr'>dua</span> <span class='ocrx_word' id='word_1_19' title='bbox 279 461 400 506; x_wconf 91' lang='lat' dir='ltr'>hore</span> <span class='ocrx_word' id='word_1_20' title='bbox 424 470 608 506; x_wconf 85' lang='lat' dir='ltr'>auante</span> <span class='ocrx_word' id='word_1_21' title='bbox 632 461 826 517; x_wconf 82' lang='lat' dir='ltr'>giorno,</span> <span class='ocrx_word' id='word_1_22' title='bbox 854 460 959 506; x_wconf 90' lang='lat' dir='ltr'>sino</span> <span class='ocrx_word' id='word_1_23' title='bbox 979 459 1075 504; x_wconf 87' lang='lat' dir='ltr'>alle</span> <span class='ocrx_word' id='word_1_24' title='bbox 1094 470 1170 504; x_wconf 86' lang='lat' dir='ltr'>tre</span> <span class='ocrx_word' id='word_1_25' title='bbox 1190 459 1311 504; x_wconf 90' lang='lat' dir='ltr'>hore</span> <span class='ocrx_word' id='word_1_26' title='bbox 1331 458 1377 503; x_wconf 89' lang='lat' dir='ltr'>di</span> <span class='ocrx_word' id='word_1_27' title='bbox 1396 466 1556 514; x_wconf 88' lang='lat' dir='ltr'>nocte,</span> <span class='ocrx_word' id='word_1_28' title='bbox 1579 473 1684 514; x_wconf 89' lang='lat' dir='ltr'>per-</span> 
     </span>
     <span class='ocr_line' id='line_1_4' title="bbox 50 534 1687 595; baseline -0.004 -11"><span class='ocrx_word' id='word_1_29' title='bbox 50 554 298 584; x_wconf 87' lang='lat' dir='ltr'>seueraua</span> <span class='ocrx_word' id='word_1_30' title='bbox 317 538 363 583; x_wconf 92' lang='lat' dir='ltr'>in</span> <span class='ocrx_word' id='word_1_31' title='bbox 384 538 559 595; x_wconf 83' lang='lat' dir='ltr'>quelle;</span> <span class='ocrx_word' id='word_1_32' title='bbox 582 546 630 583; x_wconf 89' lang='lat' dir='ltr'>et</span> <span class='ocrx_word' id='word_1_33' title='bbox 648 537 695 582; x_wconf 89' lang='lat' dir='ltr'>di</span> <span class='ocrx_word' id='word_1_34' title='bbox 716 538 851 583; x_wconf 86' lang='lat' dir='ltr'>molti</span> <span class='ocrx_word' id='word_1_35' title='bbox 876 537 967 582; x_wconf 89' lang='lat' dir='ltr'>che</span> <span class='ocrx_word' id='word_1_36' title='bbox 987 552 1082 581; x_wconf 92' lang='lat' dir='ltr'>non</span> <span class='ocrx_word' id='word_1_37' title='bbox 1103 551 1291 581; x_wconf 84' lang='lat' dir='ltr'>eranno</span> <span class='ocrx_word' id='word_1_38' title='bbox 1311 534 1580 580; x_wconf 87' lang='lat' dir='ltr'>confessati</span> <span class='ocrx_word' id='word_1_39' title='bbox 1600 549 1687 590; x_wconf 89' lang='lat' dir='ltr'>per</span> 
     </span>
     <span class='ocr_line' id='line_1_5' title="bbox 53 611 1685 671; baseline -0.002 -11"><span class='ocrx_word' id='word_1_40' title='bbox 53 616 175 661; x_wconf 86' lang='lat' dir='ltr'>dieci</span> <span class='ocrx_word' id='word_1_41' title='bbox 199 628 246 660; x_wconf 83' lang='lat' dir='ltr'>et</span> <span class='ocrx_word' id='word_1_42' title='bbox 271 615 443 660; x_wconf 89' lang='lat' dir='ltr'>dodeci</span> <span class='ocrx_word' id='word_1_43' title='bbox 469 615 599 671; x_wconf 86' lang='lat' dir='ltr'>anni,</span> <span class='ocrx_word' id='word_1_44' title='bbox 627 624 675 660; x_wconf 87' lang='lat' dir='ltr'>et</span> <span class='ocrx_word' id='word_1_45' title='bbox 699 631 787 671; x_wconf 91' lang='lat' dir='ltr'>per</span> <span class='ocrx_word' id='word_1_46' title='bbox 812 614 1008 671; x_wconf 85' lang='lat' dir='ltr'>publica</span> <span class='ocrx_word' id='word_1_47' title='bbox 1042 629 1166 658; x_wconf 91' lang='lat' dir='ltr'>uoce</span> <span class='ocrx_word' id='word_1_48' title='bbox 1198 628 1352 658; x_wconf 88' lang='lat' dir='ltr'>erano</span> <span class='ocrx_word' id='word_1_49' title='bbox 1387 613 1433 658; x_wconf 92' lang='lat' dir='ltr'>in</span> <span class='ocrx_word' id='word_1_50' title='bbox 1466 611 1685 668; x_wconf 86' lang='lat' dir='ltr'>predica-</span> 
     </span>
     <span class='ocr_line' id='line_1_6' title="bbox 53 688 1685 748; baseline -0.004 -10"><span class='ocrx_word' id='word_1_51' title='bbox 53 702 216 738; x_wconf 86' lang='lat' dir='ltr'>mento</span> <span class='ocrx_word' id='word_1_52' title='bbox 241 693 299 737; x_wconf 89' lang='lat' dir='ltr'>de</span> <span class='ocrx_word' id='word_1_53' title='bbox 324 692 636 748; x_wconf 86' lang='lat' dir='ltr'>incorigibili,</span> <span class='ocrx_word' id='word_1_54' title='bbox 663 692 702 736; x_wconf 91' lang='lat' dir='ltr'>si</span> <span class='ocrx_word' id='word_1_55' title='bbox 728 707 883 737; x_wconf 91' lang='lat' dir='ltr'>sonno</span> <span class='ocrx_word' id='word_1_56' title='bbox 914 690 1104 736; x_wconf 88' lang='lat' dir='ltr'>reducti</span> <span class='ocrx_word' id='word_1_57' title='bbox 1139 706 1168 735; x_wconf 89' lang='lat' dir='ltr'>a</span> <span class='ocrx_word' id='word_1_58' title='bbox 1203 699 1377 747; x_wconf 81' lang='lat' dir='ltr'>questa</span> <span class='ocrx_word' id='word_1_59' title='bbox 1412 688 1685 735; x_wconf 85' lang='lat' dir='ltr'>benedecta</span> 
     </span>
     <span class='ocr_line' id='line_1_7' title="bbox 52 765 1688 823; baseline -0.004 -7"><span class='ocrx_word' id='word_1_60' title='bbox 52 770 154 816; x_wconf 87' lang='lat' dir='ltr'>uita</span> <span class='ocrx_word' id='word_1_61' title='bbox 189 769 459 815; x_wconf 89' lang='lat' dir='ltr'>christiana</span> <span class='ocrx_word' id='word_1_62' title='bbox 494 784 587 814; x_wconf 90' lang='lat' dir='ltr'>con</span> <span class='ocrx_word' id='word_1_63' title='bbox 623 770 775 815; x_wconf 83' lang='lat' dir='ltr'>molta</span> <span class='ocrx_word' id='word_1_64' title='bbox 810 768 1123 814; x_wconf 78' lang='lat' dir='ltr'>satisfatione</span> <span class='ocrx_word' id='word_1_65' title='bbox 1157 768 1201 812; x_wconf 85' lang='lat' dir='ltr'>di</span> <span class='ocrx_word' id='word_1_66' title='bbox 1237 776 1412 823; x_wconf 85' lang='lat' dir='ltr'>questa</span> <span class='ocrx_word' id='word_1_67' title='bbox 1446 766 1594 823; x_wconf 78' lang='lat' dir='ltr'>cipta.</span> <span class='ocrx_word' id='word_1_68' title='bbox 1626 765 1688 810; x_wconf 78' lang='lat' dir='ltr'>Et</span> 
     </span>
     <span class='ocr_line' id='line_1_8' title="bbox 53 843 1683 902; baseline -0.004 -9"><span class='ocrx_word' id='word_1_69' title='bbox 53 864 140 893; x_wconf 85' lang='lat' dir='ltr'>era</span> <span class='ocrx_word' id='word_1_70' title='bbox 163 847 193 893; x_wconf 90' lang='lat' dir='ltr'>il</span> <span class='ocrx_word' id='word_1_71' title='bbox 224 862 469 893; x_wconf 89' lang='lat' dir='ltr'>concorso</span> <span class='ocrx_word' id='word_1_72' title='bbox 504 855 641 892; x_wconf 86' lang='lat' dir='ltr'>tanto</span> <span class='ocrx_word' id='word_1_73' title='bbox 678 847 767 892; x_wconf 94' lang='lat' dir='ltr'>che</span> <span class='ocrx_word' id='word_1_74' title='bbox 801 862 897 892; x_wconf 93' lang='lat' dir='ltr'>non</span> <span class='ocrx_word' id='word_1_75' title='bbox 936 861 1152 902; x_wconf 84' lang='lat' dir='ltr'>posseua</span> <span class='ocrx_word' id='word_1_76' title='bbox 1190 844 1362 890; x_wconf 85' lang='lat' dir='ltr'>andar&#39;</span> <span class='ocrx_word' id='word_1_77' title='bbox 1397 844 1443 889; x_wconf 93' lang='lat' dir='ltr'>in</span> <span class='ocrx_word' id='word_1_78' title='bbox 1483 843 1683 899; x_wconf 86' lang='lat' dir='ltr'>chiesia,</span> 
     </span>
     <span class='ocr_line' id='line_1_9' title="bbox 52 923 1689 979; baseline -0.002 -9"><span class='ocrx_word' id='word_1_79' title='bbox 52 925 142 970; x_wconf 92' lang='lat' dir='ltr'>che</span> <span class='ocrx_word' id='word_1_80' title='bbox 167 940 394 970; x_wconf 87' lang='lat' dir='ltr'>ueneuan</span> <span class='ocrx_word' id='word_1_81' title='bbox 419 924 685 969; x_wconf 88' lang='lat' dir='ltr'>asediarmi</span> <span class='ocrx_word' id='word_1_82' title='bbox 716 924 761 969; x_wconf 91' lang='lat' dir='ltr'>in</span> <span class='ocrx_word' id='word_1_83' title='bbox 786 924 956 979; x_wconf 87' lang='lat' dir='ltr'>chasa,</span> <span class='ocrx_word' id='word_1_84' title='bbox 995 934 1041 968; x_wconf 90' lang='lat' dir='ltr'>et</span> <span class='ocrx_word' id='word_1_85' title='bbox 1076 923 1138 968; x_wconf 87' lang='lat' dir='ltr'>da</span> <span class='ocrx_word' id='word_1_86' title='bbox 1172 923 1333 967; x_wconf 86' lang='lat' dir='ltr'>l‘altra</span> <span class='ocrx_word' id='word_1_87' title='bbox 1367 930 1511 978; x_wconf 87' lang='lat' dir='ltr'>parte</span> <span class='ocrx_word' id='word_1_88' title='bbox 1546 937 1689 966; x_wconf 85' lang='lat' dir='ltr'>sona-</span> 
     </span>
     <span class='ocr_line' id='line_1_10' title="bbox 52 1000 1687 1059; baseline -0.002 -13"><span class='ocrx_word' id='word_1_89' title='bbox 52 1018 148 1048; x_wconf 85' lang='lat' dir='ltr'>uan</span> <span class='ocrx_word' id='word_1_90' title='bbox 174 1017 419 1059; x_wconf 90' lang='lat' dir='ltr'>campana</span> <span class='ocrx_word' id='word_1_91' title='bbox 442 1002 488 1046; x_wconf 92' lang='lat' dir='ltr'>in</span> <span class='ocrx_word' id='word_1_92' title='bbox 514 1001 716 1055; x_wconf 83' lang='lat' dir='ltr'>chiesia;</span> <span class='ocrx_word' id='word_1_93' title='bbox 744 1001 809 1047; x_wconf 84' lang='lat' dir='ltr'>dil</span> <span class='ocrx_word' id='word_1_94' title='bbox 832 1002 922 1047; x_wconf 93' lang='lat' dir='ltr'>che</span> <span class='ocrx_word' id='word_1_95' title='bbox 946 1000 1049 1046; x_wconf 88' lang='lat' dir='ltr'>Idio</span> <span class='ocrx_word' id='word_1_96' title='bbox 1075 1010 1247 1045; x_wconf 86' lang='lat' dir='ltr'>nostro</span> <span class='ocrx_word' id='word_1_97' title='bbox 1272 1001 1475 1058; x_wconf 88' lang='lat' dir='ltr'>signore</span> <span class='ocrx_word' id='word_1_98' title='bbox 1496 1000 1568 1045; x_wconf 89' lang='lat' dir='ltr'>sia</span> <span class='ocrx_word' id='word_1_99' title='bbox 1588 1001 1687 1044; x_wconf 85' lang='lat' dir='ltr'>lau-</span> 
     </span>
     <span class='ocr_line' id='line_1_11' title="bbox 54 1078 1688 1136; baseline -0.002 -11"><span class='ocrx_word' id='word_1_100' title='bbox 54 1080 185 1125; x_wconf 86' lang='lat' dir='ltr'>datO.</span> <span class='ocrx_word' id='word_1_101' title='bbox 214 1078 278 1125; x_wconf 86' lang='lat' dir='ltr'>Et</span> <span class='ocrx_word' id='word_1_102' title='bbox 302 1079 332 1124; x_wconf 90' lang='lat' dir='ltr'>li</span> <span class='ocrx_word' id='word_1_103' title='bbox 357 1078 546 1136; x_wconf 90' lang='lat' dir='ltr'>signori</span> <span class='ocrx_word' id='word_1_104' title='bbox 571 1078 798 1124; x_wconf 90' lang='lat' dir='ltr'>canonici</span> <span class='ocrx_word' id='word_1_105' title='bbox 822 1094 915 1124; x_wconf 94' lang='lat' dir='ltr'>con</span> <span class='ocrx_word' id='word_1_106' title='bbox 940 1078 1090 1123; x_wconf 90' lang='lat' dir='ltr'>molte</span> <span class='ocrx_word' id='word_1_107' title='bbox 1124 1078 1390 1135; x_wconf 88' lang='lat' dir='ltr'>preghiere</span> <span class='ocrx_word' id='word_1_108' title='bbox 1426 1078 1489 1123; x_wconf 88' lang='lat' dir='ltr'>mi</span> <span class='ocrx_word' id='word_1_109' title='bbox 1526 1093 1688 1123; x_wconf 90' lang='lat' dir='ltr'>recer-</span> 
     </span>
     <span class='ocr_line' id='line_1_12' title="bbox 53 1155 1688 1212; baseline -0.002 -10"><span class='ocrx_word' id='word_1_110' title='bbox 53 1171 248 1202; x_wconf 86' lang='lat' dir='ltr'>cauano</span> <span class='ocrx_word' id='word_1_111' title='bbox 273 1156 486 1201; x_wconf 88' lang='lat' dir='ltr'>andasse</span> <span class='ocrx_word' id='word_1_112' title='bbox 511 1171 539 1201; x_wconf 89' lang='lat' dir='ltr'>a</span> <span class='ocrx_word' id='word_1_113' title='bbox 564 1156 812 1201; x_wconf 84' lang='lat' dir='ltr'>confesar’</span> <span class='ocrx_word' id='word_1_114' title='bbox 838 1155 884 1200; x_wconf 91' lang='lat' dir='ltr'>in</span> <span class='ocrx_word' id='word_1_115' title='bbox 904 1155 1068 1211; x_wconf 87' lang='lat' dir='ltr'>dom0‚</span> <span class='ocrx_word' id='word_1_116' title='bbox 1098 1164 1146 1200; x_wconf 88' lang='lat' dir='ltr'>et</span> <span class='ocrx_word' id='word_1_117' title='bbox 1169 1155 1231 1200; x_wconf 94' lang='lat' dir='ltr'>ho</span> <span class='ocrx_word' id='word_1_118' title='bbox 1256 1155 1392 1201; x_wconf 84' lang='lat' dir='ltr'>facto</span> <span class='ocrx_word' id='word_1_119' title='bbox 1417 1164 1601 1212; x_wconf 87' lang='lat' dir='ltr'>quanto</span> <span class='ocrx_word' id='word_1_120' title='bbox 1627 1155 1688 1199; x_wconf 88' lang='lat' dir='ltr'>ho</span> 
     </span>
     <span class='ocr_line' id='line_1_13' title="bbox 53 1232 1688 1291; baseline -0.002 -11"><span class='ocrx_word' id='word_1_121' title='bbox 53 1242 257 1291; x_wconf 89' lang='lat' dir='ltr'>possuto</span> <span class='ocrx_word' id='word_1_122' title='bbox 282 1249 367 1279; x_wconf 90' lang='lat' dir='ltr'>sen</span> <span class='ocrx_word' id='word_1_123' title='bbox 392 1234 439 1278; x_wconf 87' lang='lat' dir='ltr'>la</span> <span class='ocrx_word' id='word_1_124' title='bbox 467 1235 707 1291; x_wconf 86' lang='lat' dir='ltr'>recusar&#39;,</span> <span class='ocrx_word' id='word_1_125' title='bbox 736 1242 931 1279; x_wconf 87' lang='lat' dir='ltr'>eccetto</span> <span class='ocrx_word' id='word_1_126' title='bbox 957 1233 1002 1278; x_wconf 92' lang='lat' dir='ltr'>in</span> <span class='ocrx_word' id='word_1_127' title='bbox 1027 1232 1328 1278; x_wconf 80' lang='lat' dir='ltr'>monasterie</span> <span class='ocrx_word' id='word_1_128' title='bbox 1352 1233 1411 1278; x_wconf 91' lang='lat' dir='ltr'>de</span> <span class='ocrx_word' id='word_1_129' title='bbox 1441 1248 1571 1289; x_wconf 84' lang='lat' dir='ltr'>sore,</span> <span class='ocrx_word' id='word_1_130' title='bbox 1598 1232 1688 1278; x_wconf 94' lang='lat' dir='ltr'>che</span> 
     </span>
     <span class='ocr_line' id='line_1_14' title="bbox 52 1310 1688 1368; baseline -0.002 -11"><span class='ocrx_word' id='word_1_131' title='bbox 52 1327 149 1357; x_wconf 92' lang='lat' dir='ltr'>non</span> <span class='ocrx_word' id='word_1_132' title='bbox 174 1327 329 1356; x_wconf 93' lang='lat' dir='ltr'>sonno</span> <span class='ocrx_word' id='word_1_133' title='bbox 356 1311 527 1356; x_wconf 87' lang='lat' dir='ltr'>uoluto</span> <span class='ocrx_word' id='word_1_134' title='bbox 548 1311 720 1356; x_wconf 85' lang='lat' dir='ltr'>andar&#39;</span> <span class='ocrx_word' id='word_1_135' title='bbox 742 1326 832 1368; x_wconf 91' lang='lat' dir='ltr'>per</span> <span class='ocrx_word' id='word_1_136' title='bbox 851 1311 948 1356; x_wconf 91' lang='lat' dir='ltr'>bon</span> <span class='ocrx_word' id='word_1_137' title='bbox 968 1320 1216 1367; x_wconf 88' lang='lat' dir='ltr'>respecto,</span> <span class='ocrx_word' id='word_1_138' title='bbox 1239 1310 1448 1355; x_wconf 88' lang='lat' dir='ltr'>essendo</span> <span class='ocrx_word' id='word_1_139' title='bbox 1470 1311 1531 1355; x_wconf 87' lang='lat' dir='ltr'>da</span> <span class='ocrx_word' id='word_1_140' title='bbox 1555 1310 1688 1355; x_wconf 81' lang='lat' dir='ltr'>molti</span> 
     </span>
     <span class='ocr_line' id='line_1_15' title="bbox 53 1387 1690 1446; baseline -0.001 -11"><span class='ocrx_word' id='word_1_141' title='bbox 53 1398 281 1446; x_wconf 87' lang='lat' dir='ltr'>pregato.</span> <span class='ocrx_word' id='word_1_142' title='bbox 301 1388 510 1433; x_wconf 89' lang='lat' dir='ltr'>Insieme</span> <span class='ocrx_word' id='word_1_143' title='bbox 527 1404 619 1434; x_wconf 90' lang='lat' dir='ltr'>con</span> <span class='ocrx_word' id='word_1_144' title='bbox 637 1389 680 1434; x_wconf 92' lang='grc' dir='ltr'>1ε</span> <span class='ocrx_word' id='word_1_145' title='bbox 696 1388 1009 1434; x_wconf 85' lang='lat' dir='ltr'>confessione</span> <span class='ocrx_word' id='word_1_146' title='bbox 1026 1388 1065 1433; x_wconf 88' lang='lat' dir='ltr'>si</span> <span class='ocrx_word' id='word_1_147' title='bbox 1081 1403 1235 1433; x_wconf 93' lang='lat' dir='ltr'>sonno</span> <span class='ocrx_word' id='word_1_148' title='bbox 1252 1387 1386 1433; x_wconf 85' lang='lat' dir='ltr'>facte</span> <span class='ocrx_word' id='word_1_149' title='bbox 1402 1388 1551 1433; x_wconf 85' lang='lat' dir='ltr'>molte</span> <span class='ocrx_word' id='word_1_150' title='bbox 1567 1402 1690 1444; x_wconf 91' lang='lat' dir='ltr'>pace</span> 
     </span>
     <span class='ocr_line' id='line_1_16' title="bbox 53 1465 1689 1523; baseline -0.001 -11"><span class='ocrx_word' id='word_1_151' title='bbox 53 1477 101 1513; x_wconf 87' lang='lat' dir='ltr'>et</span> <span class='ocrx_word' id='word_1_152' title='bbox 124 1468 272 1513; x_wconf 89' lang='lat' dir='ltr'>leuati</span> <span class='ocrx_word' id='word_1_153' title='bbox 297 1466 616 1513; x_wconf 88' lang='lat' dir='ltr'>concubinati</span> <span class='ocrx_word' id='word_1_154' title='bbox 641 1466 687 1512; x_wconf 89' lang='lat' dir='ltr'>di</span> <span class='ocrx_word' id='word_1_155' title='bbox 712 1482 923 1523; x_wconf 75' lang='lat' dir='ltr'>persone</span> <span class='ocrx_word' id='word_1_156' title='bbox 947 1466 1235 1523; x_wconf 80' lang='lat' dir='ltr'>principale,</span> <span class='ocrx_word' id='word_1_157' title='bbox 1263 1465 1328 1511; x_wconf 85' lang='lat' dir='ltr'>dil</span> <span class='ocrx_word' id='word_1_158' title='bbox 1361 1466 1452 1511; x_wconf 91' lang='lat' dir='ltr'>che</span> <span class='ocrx_word' id='word_1_159' title='bbox 1476 1466 1524 1511; x_wconf 87' lang='lat' dir='ltr'>la</span> <span class='ocrx_word' id='word_1_160' title='bbox 1557 1466 1689 1523; x_wconf 74' lang='lat' dir='ltr'>cipta</span> 
     </span>
     <span class='ocr_line' id='line_1_17' title="bbox 53 1543 1688 1601; baseline -0.001 -11"><span class='ocrx_word' id='word_1_161' title='bbox 53 1560 113 1589; x_wconf 91' lang='lat' dir='ltr'>ne</span> <span class='ocrx_word' id='word_1_162' title='bbox 139 1553 274 1590; x_wconf 86' lang='lat' dir='ltr'>resta</span> <span class='ocrx_word' id='word_1_163' title='bbox 309 1545 462 1590; x_wconf 89' lang='lat' dir='ltr'>molto</span> <span class='ocrx_word' id='word_1_164' title='bbox 496 1553 749 1595; x_wconf 74' lang='lat' dir='ltr'>contenta:</span> <span class='ocrx_word' id='word_1_165' title='bbox 787 1553 836 1590; x_wconf 85' lang='lat' dir='ltr'>et</span> <span class='ocrx_word' id='word_1_166' title='bbox 870 1543 1077 1589; x_wconf 89' lang='lat' dir='ltr'>remessi</span> <span class='ocrx_word' id='word_1_167' title='bbox 1112 1543 1409 1589; x_wconf 82' lang='lat' dir='ltr'>matrimonii</span> <span class='ocrx_word' id='word_1_168' title='bbox 1443 1559 1535 1589; x_wconf 92' lang='lat' dir='ltr'>con</span> <span class='ocrx_word' id='word_1_169' title='bbox 1562 1559 1688 1601; x_wconf 87' lang='lat' dir='ltr'>poca</span> 
     </span>
     <span class='ocr_line' id='line_1_18' title="bbox 56 1621 1691 1679; baseline -0.001 -12"><span class='ocrx_word' id='word_1_170' title='bbox 56 1621 264 1678; x_wconf 84' lang='lat' dir='ltr'>ragione</span> <span class='ocrx_word' id='word_1_171' title='bbox 298 1622 361 1667; x_wconf 90' lang='lat' dir='ltr'>da</span> <span class='ocrx_word' id='word_1_172' title='bbox 394 1622 630 1667; x_wconf 87' lang='lat' dir='ltr'>tribunali</span> <span class='ocrx_word' id='word_1_173' title='bbox 665 1621 880 1679; x_wconf 86' lang='lat' dir='ltr'>disoluti;</span> <span class='ocrx_word' id='word_1_174' title='bbox 919 1636 1011 1666; x_wconf 91' lang='lat' dir='ltr'>con</span> <span class='ocrx_word' id='word_1_175' title='bbox 1045 1621 1278 1666; x_wconf 83' lang='lat' dir='ltr'>continua</span> <span class='ocrx_word' id='word_1_176' title='bbox 1313 1621 1572 1667; x_wconf 91' lang='lat' dir='ltr'>horatione</span> <span class='ocrx_word' id='word_1_177' title='bbox 1597 1622 1691 1666; x_wconf 84' lang='lat' dir='ltr'>alle</span> 
     </span>
     <span class='ocr_line' id='line_1_19' title="bbox 58 1698 1690 1755; baseline -0.001 -11"><span class='ocrx_word' id='word_1_178' title='bbox 58 1699 251 1744; x_wconf 72' lang='lat' dir='ltr'>XXIIII</span> <span class='ocrx_word' id='word_1_179' title='bbox 274 1699 396 1744; x_wconf 91' lang='lat' dir='ltr'>hore</span> <span class='ocrx_word' id='word_1_180' title='bbox 416 1699 461 1744; x_wconf 91' lang='lat' dir='ltr'>in</span> <span class='ocrx_word' id='word_1_181' title='bbox 482 1708 655 1744; x_wconf 82' lang='lat' dir='ltr'>nostra</span> <span class='ocrx_word' id='word_1_182' title='bbox 676 1699 878 1754; x_wconf 82' lang='lat' dir='ltr'>chiesia,</span> <span class='ocrx_word' id='word_1_183' title='bbox 900 1698 1028 1744; x_wconf 88' lang='lat' dir='ltr'>doue</span> <span class='ocrx_word' id='word_1_184' title='bbox 1047 1714 1358 1744; x_wconf 88' lang='lat' dir='ltr'>concorreno</span> <span class='ocrx_word' id='word_1_185' title='bbox 1378 1698 1495 1755; x_wconf 90' lang='lat' dir='ltr'>ogni</span> <span class='ocrx_word' id='word_1_186' title='bbox 1513 1698 1690 1755; x_wconf 83' lang='lat' dir='ltr'>giorno</span> 
     </span>
     <span class='ocr_line' id='line_1_20' title="bbox 54 1776 1691 1834; baseline -0.001 -12"><span class='ocrx_word' id='word_1_187' title='bbox 54 1778 207 1830; x_wconf 82' lang='lat' dir='ltr'>molti,</span> <span class='ocrx_word' id='word_1_188' title='bbox 226 1777 636 1834; x_wconf 87' lang='lat' dir='ltr'>frequentandosi</span> <span class='ocrx_word' id='word_1_189' title='bbox 653 1777 701 1822; x_wconf 83' lang='lat' dir='ltr'>la</span> <span class='ocrx_word' id='word_1_190' title='bbox 717 1779 893 1822; x_wconf 83' lang='lat' dir='ltr'>sancta</span> <span class='ocrx_word' id='word_1_191' title='bbox 910 1776 1201 1822; x_wconf 82' lang='lat' dir='ltr'>comunione</span> <span class='ocrx_word' id='word_1_192' title='bbox 1218 1776 1333 1834; x_wconf 88' lang='lat' dir='ltr'>ogni</span> <span class='ocrx_word' id='word_1_193' title='bbox 1351 1777 1611 1822; x_wconf 87' lang='lat' dir='ltr'>domenica</span> <span class='ocrx_word' id='word_1_194' title='bbox 1630 1777 1691 1821; x_wconf 87' lang='lat' dir='ltr'>da</span> 
     </span>
     <span class='ocr_line' id='line_1_21' title="bbox 55 1855 1692 1912; baseline 0 -12"><span class='ocrx_word' id='word_1_195' title='bbox 55 1855 209 1911; x_wconf 85' lang='lat' dir='ltr'>molti,</span> <span class='ocrx_word' id='word_1_196' title='bbox 231 1866 278 1900; x_wconf 90' lang='lat' dir='ltr'>et</span> <span class='ocrx_word' id='word_1_197' title='bbox 298 1855 462 1900; x_wconf 89' lang='lat' dir='ltr'>d&#39;altri</span> <span class='ocrx_word' id='word_1_198' title='bbox 482 1855 598 1911; x_wconf 87' lang='lat' dir='ltr'>ogni</span> <span class='ocrx_word' id='word_1_199' title='bbox 619 1870 752 1900; x_wconf 89' lang='lat' dir='ltr'>mese</span> <span class='ocrx_word' id='word_1_200' title='bbox 773 1855 818 1900; x_wconf 93' lang='lat' dir='ltr'>in</span> <span class='ocrx_word' id='word_1_201' title='bbox 837 1863 1011 1900; x_wconf 90' lang='lat' dir='ltr'>nostra</span> <span class='ocrx_word' id='word_1_202' title='bbox 1031 1855 1330 1912; x_wconf 86' lang='lat' dir='ltr'>compagnia</span> <span class='ocrx_word' id='word_1_203' title='bbox 1350 1856 1381 1910; x_wconf 81' lang='lat'>¹,</span> <span class='ocrx_word' id='word_1_204' title='bbox 1404 1855 1448 1899; x_wconf 92' lang='lat' dir='ltr'>in</span> <span class='ocrx_word' id='word_1_205' title='bbox 1470 1855 1613 1900; x_wconf 89' lang='lat' dir='ltr'>laude</span> <span class='ocrx_word' id='word_1_206' title='bbox 1633 1855 1692 1900; x_wconf 86' lang='lat' dir='ltr'>de</span> 
     </span>
     <span class='ocr_line' id='line_1_22' title="bbox 54 1931 1691 1989; baseline -0.001 -11"><span class='ocrx_word' id='word_1_207' title='bbox 54 1932 150 1978; x_wconf 91' lang='lat' dir='ltr'>Dio</span> <span class='ocrx_word' id='word_1_208' title='bbox 166 1941 338 1978; x_wconf 87' lang='lat' dir='ltr'>nostro</span> <span class='ocrx_word' id='word_1_209' title='bbox 356 1932 578 1989; x_wconf 70' lang='lat' dir='ltr'>signore,</span> <span class='ocrx_word' id='word_1_210' title='bbox 599 1933 645 1977; x_wconf 86' lang='lat' dir='ltr'>la</span> <span class='ocrx_word' id='word_1_211' title='bbox 663 1933 808 1989; x_wconf 85' lang='lat' dir='ltr'>quale</span> <span class='ocrx_word' id='word_1_212' title='bbox 824 1947 917 1977; x_wconf 93' lang='lat' dir='ltr'>con</span> <span class='ocrx_word' id='word_1_213' title='bbox 935 1931 1128 1988; x_wconf 82' lang='lat' dir='ltr'>grande</span> <span class='ocrx_word' id='word_1_214' title='bbox 1145 1932 1391 1977; x_wconf 86' lang='lat' dir='ltr'>desiderio</span> <span class='ocrx_word' id='word_1_215' title='bbox 1408 1940 1612 1988; x_wconf 88' lang='lat' dir='ltr'>aspecta</span> <span class='ocrx_word' id='word_1_216' title='bbox 1628 1948 1691 1976; x_wconf 86' lang='lat' dir='ltr'>un</span> 
     </span>
     <span class='ocr_line' id='line_1_23' title="bbox 54 2004 1693 2067; baseline -0.001 -12"><span class='ocrx_word' id='word_1_217' title='bbox 54 2009 267 2066; x_wconf 82' lang='lat' dir='ltr'>collegio</span> <span class='ocrx_word' id='word_1_218' title='bbox 292 2009 337 2054; x_wconf 89' lang='lat' dir='ltr'>di</span> <span class='ocrx_word' id='word_1_219' title='bbox 363 2009 519 2055; x_wconf 87' lang='lat' dir='ltr'>nostri</span> <span class='ocrx_word' id='word_1_220' title='bbox 544 2026 633 2067; x_wconf 90' lang='lat' dir='ltr'>per</span> <span class='ocrx_word' id='word_1_221' title='bbox 657 2011 703 2055; x_wconf 93' lang='lat' dir='ltr'>la</span> <span class='ocrx_word' id='word_1_222' title='bbox 728 2009 1013 2055; x_wconf 88' lang='lat' dir='ltr'>reuerentia</span> <span class='ocrx_word' id='word_1_223' title='bbox 1037 2010 1068 2055; x_wconf 92' lang='lat' dir='ltr'>li</span> <span class='ocrx_word' id='word_1_224' title='bbox 1092 2019 1328 2066; x_wconf 87' lang='lat' dir='ltr'>tengono,</span> <span class='ocrx_word' id='word_1_225' title='bbox 1362 2019 1410 2055; x_wconf 89' lang='lat' dir='ltr'>et</span> <span class='ocrx_word' id='word_1_226' title='bbox 1440 2020 1577 2054; x_wconf 83' lang='lat' dir='ltr'>tucta</span> <span class='ocrx_word' id='word_1_227' title='bbox 1612 2004 1693 2055; x_wconf 81' lang='lat' dir='ltr'>uia</span> 
     </span>
     <span class='ocr_line' id='line_1_24' title="bbox 54 2087 1693 2144; baseline 0 -12"><span class='ocrx_word' id='word_1_228' title='bbox 54 2087 315 2133; x_wconf 86' lang='lat' dir='ltr'>fabricano</span> <span class='ocrx_word' id='word_1_229' title='bbox 341 2087 523 2133; x_wconf 90' lang='lat' dir='ltr'>stantie</span> <span class='ocrx_word' id='word_1_230' title='bbox 547 2103 577 2132; x_wconf 92' lang='lat' dir='ltr'>a</span> <span class='ocrx_word' id='word_1_231' title='bbox 601 2088 700 2133; x_wconf 88' lang='lat' dir='ltr'>tale</span> <span class='ocrx_word' id='word_1_232' title='bbox 724 2087 887 2133; x_wconf 78' lang='lat' dir='ltr'>efecto</span> <span class='ocrx_word' id='word_1_233' title='bbox 911 2096 959 2132; x_wconf 90' lang='lat' dir='ltr'>et</span> <span class='ocrx_word' id='word_1_234' title='bbox 982 2087 1022 2132; x_wconf 91' lang='lat' dir='ltr'>si</span> <span class='ocrx_word' id='word_1_235' title='bbox 1046 2102 1202 2144; x_wconf 89' lang='lat' dir='ltr'>opera</span> <span class='ocrx_word' id='word_1_236' title='bbox 1226 2087 1406 2144; x_wconf 86' lang='lat' dir='ltr'>cropir’</span> <span class='ocrx_word' id='word_1_237' title='bbox 1431 2103 1529 2132; x_wconf 82' lang='lat' dir='ltr'>una</span> <span class='ocrx_word' id='word_1_238' title='bbox 1564 2087 1693 2133; x_wconf 85' lang='lat' dir='ltr'>bella</span> 
     </span>
     <span class='ocr_line' id='line_1_25' title="bbox 54 2164 1694 2221; baseline -0.001 -11"><span class='ocrx_word' id='word_1_239' title='bbox 54 2174 103 2210; x_wconf 89' lang='lat' dir='ltr'>et</span> <span class='ocrx_word' id='word_1_240' title='bbox 126 2165 293 2210; x_wconf 88' lang='lat' dir='ltr'>antica</span> <span class='ocrx_word' id='word_1_241' title='bbox 316 2164 503 2210; x_wconf 89' lang='lat' dir='ltr'>chiesia</span> <span class='ocrx_word' id='word_1_242' title='bbox 528 2164 573 2210; x_wconf 91' lang='lat' dir='ltr'>in</span> <span class='ocrx_word' id='word_1_243' title='bbox 598 2165 740 2221; x_wconf 84' lang='lat' dir='ltr'>piaza</span> <span class='ocrx_word' id='word_1_244' title='bbox 764 2180 854 2221; x_wconf 93' lang='lat' dir='ltr'>per</span> <span class='ocrx_word' id='word_1_245' title='bbox 884 2165 1092 2210; x_wconf 86' lang='lat' dir='ltr'>tirareui</span> <span class='ocrx_word' id='word_1_246' title='bbox 1127 2165 1159 2209; x_wconf 90' lang='lat' dir='ltr'>il</span> <span class='ocrx_word' id='word_1_247' title='bbox 1192 2165 1420 2221; x_wconf 88' lang='lat' dir='ltr'>collegio.</span> <span class='ocrx_word' id='word_1_248' title='bbox 1458 2164 1523 2210; x_wconf 85' lang='lat' dir='ltr'>Et</span> <span class='ocrx_word' id='word_1_249' title='bbox 1556 2173 1694 2210; x_wconf 89' lang='lat' dir='ltr'>certo</span> 
     </span>
     <span class='ocr_line' id='line_1_26' title="bbox 55 2241 1694 2300; baseline -0.001 -13"><span class='ocrx_word' id='word_1_250' title='bbox 55 2245 170 2288; x_wconf 77' lang='lat' dir='ltr'>sera</span> <span class='ocrx_word' id='word_1_251' title='bbox 193 2241 388 2299; x_wconf 88' lang='lat' dir='ltr'>grande</span> <span class='ocrx_word' id='word_1_252' title='bbox 424 2242 618 2288; x_wconf 77' lang='lat' dir='ltr'>charita</span> <span class='ocrx_word' id='word_1_253' title='bbox 653 2242 829 2288; x_wconf 83' lang='lat' dir='ltr'>aiutar&#39;</span> <span class='ocrx_word' id='word_1_254' title='bbox 862 2258 892 2287; x_wconf 91' lang='lat' dir='ltr'>a</span> <span class='ocrx_word' id='word_1_255' title='bbox 916 2252 1091 2300; x_wconf 86' lang='lat' dir='ltr'>questo</span> <span class='ocrx_word' id='word_1_256' title='bbox 1127 2258 1283 2299; x_wconf 83' lang='lat' dir='ltr'>pouer</span> <span class='ocrx_word' id='word_1_257' title='bbox 1311 2242 1511 2299; x_wconf 87' lang='lat' dir='ltr'>populo,</span> <span class='ocrx_word' id='word_1_258' title='bbox 1549 2243 1694 2298; x_wconf 80' lang='lat' dir='ltr'>quale</span> 
     </span>
     <span class='ocr_line' id='line_1_27' title="bbox 55 2320 1694 2377; baseline -0.001 -11"><span class='ocrx_word' id='word_1_259' title='bbox 55 2325 80 2366; x_wconf 82' lang='grc' dir='ltr'>ε</span> <span class='ocrx_word' id='word_1_260' title='bbox 106 2321 256 2366; x_wconf 87' lang='lat' dir='ltr'>molto</span> <span class='ocrx_word' id='word_1_261' title='bbox 280 2321 361 2377; x_wconf 68' lang='lat' dir='ltr'>pisi</span> <span class='ocrx_word' id='word_1_262' title='bbox 385 2321 603 2377; x_wconf 89' lang='lat' dir='ltr'>disposto</span> <span class='ocrx_word' id='word_1_263' title='bbox 629 2337 658 2366; x_wconf 89' lang='lat' dir='ltr'>a</span> <span class='ocrx_word' id='word_1_264' title='bbox 683 2321 871 2366; x_wconf 83' lang='lat' dir='ltr'>laudar&#39;</span> <span class='ocrx_word' id='word_1_265' title='bbox 897 2320 1001 2366; x_wconf 84' lang='lat' dir='ltr'>Idio</span> <span class='ocrx_word' id='word_1_266' title='bbox 1024 2330 1198 2366; x_wconf 90' lang='lat' dir='ltr'>nostro</span> <span class='ocrx_word' id='word_1_267' title='bbox 1227 2321 1448 2377; x_wconf 87' lang='lat' dir='ltr'>signore,</span> <span class='ocrx_word' id='word_1_268' title='bbox 1484 2320 1574 2365; x_wconf 94' lang='lat' dir='ltr'>che</span> <span class='ocrx_word' id='word_1_269' title='bbox 1598 2336 1694 2365; x_wconf 91' lang='lat' dir='ltr'>non</span> 
     </span>
     <span class='ocr_line' id='line_1_28' title="bbox 55 2398 1693 2456; baseline -0.001 -12"><span class='ocrx_word' id='word_1_270' title='bbox 55 2402 80 2444; x_wconf 80' lang='grc' dir='ltr'>ε</span> <span class='ocrx_word' id='word_1_271' title='bbox 106 2399 153 2444; x_wconf 91' lang='lat' dir='ltr'>in</span> <span class='ocrx_word' id='word_1_272' title='bbox 177 2398 568 2456; x_wconf 86' lang='lat' dir='ltr'>predicamento,</span> <span class='ocrx_word' id='word_1_273' title='bbox 595 2398 659 2443; x_wconf 88' lang='lat' dir='ltr'>dil</span> <span class='ocrx_word' id='word_1_274' title='bbox 683 2398 772 2444; x_wconf 92' lang='lat' dir='ltr'>che</span> <span class='ocrx_word' id='word_1_275' title='bbox 797 2414 858 2444; x_wconf 90' lang='lat' dir='ltr'>ne</span> <span class='ocrx_word' id='word_1_276' title='bbox 883 2398 1026 2444; x_wconf 91' lang='lat' dir='ltr'>ferno</span> <span class='ocrx_word' id='word_1_277' title='bbox 1057 2399 1103 2444; x_wconf 87' lang='lat' dir='ltr'>in</span> <span class='ocrx_word' id='word_1_278' title='bbox 1128 2408 1270 2455; x_wconf 86' lang='lat' dir='ltr'>parte</span> <span class='ocrx_word' id='word_1_279' title='bbox 1305 2398 1478 2455; x_wconf 90' lang='lat' dir='ltr'>segnio</span> <span class='ocrx_word' id='word_1_280' title='bbox 1514 2414 1543 2443; x_wconf 90' lang='lat' dir='ltr'>a</span> <span class='ocrx_word' id='word_1_281' title='bbox 1579 2413 1693 2454; x_wconf 82' lang='lat' dir='ltr'>qua-</span> 
     </span>
     <span class='ocr_line' id='line_1_29' title="bbox 55 2475 1695 2533; baseline -0.001 -12"><span class='ocrx_word' id='word_1_282' title='bbox 55 2487 134 2521; x_wconf 91' lang='lat' dir='ltr'>tro</span> <span class='ocrx_word' id='word_1_283' title='bbox 158 2476 204 2521; x_wconf 84' lang='lat' dir='ltr'>di</span> <span class='ocrx_word' id='word_1_284' title='bbox 229 2476 384 2521; x_wconf 84' lang='lat' dir='ltr'>nostri</span> <span class='ocrx_word' id='word_1_285' title='bbox 409 2476 468 2521; x_wconf 92' lang='lat' dir='ltr'>de</span> <span class='ocrx_word' id='word_1_286' title='bbox 494 2475 714 2533; x_wconf 81' lang='lat' dir='ltr'>Perugia</span> <span class='ocrx_word' id='word_1_287' title='bbox 732 2476 761 2521; x_wconf 92' lang='lat' dir='ltr'>il</span> <span class='ocrx_word' id='word_1_288' title='bbox 781 2477 997 2522; x_wconf 87' lang='lat' dir='ltr'>secondo</span> <span class='ocrx_word' id='word_1_289' title='bbox 1018 2477 1064 2522; x_wconf 89' lang='lat' dir='ltr'>di</span> <span class='ocrx_word' id='word_1_290' title='bbox 1084 2476 1268 2533; x_wconf 87' lang='lat' dir='ltr'>pascha</span> <span class='ocrx_word' id='word_1_291' title='bbox 1295 2475 1695 2532; x_wconf 84' lang='lat' dir='ltr'>cognioscendoli</span> 
     </span>
     <span class='ocr_line' id='line_1_30' title="bbox 56 2552 1696 2609; baseline 0 -11"><span class='ocrx_word' id='word_1_292' title='bbox 56 2553 162 2598; x_wconf 87' lang='lat' dir='ltr'>solo</span> <span class='ocrx_word' id='word_1_293' title='bbox 187 2553 235 2598; x_wconf 92' lang='lat' dir='ltr'>al</span> <span class='ocrx_word' id='word_1_294' title='bbox 259 2553 409 2598; x_wconf 90' lang='lat' dir='ltr'>abito.</span> <span class='ocrx_word' id='word_1_295' title='bbox 437 2552 586 2598; x_wconf 86' lang='lat' dir='ltr'>Altro</span> <span class='ocrx_word' id='word_1_296' title='bbox 611 2568 707 2598; x_wconf 91' lang='lat' dir='ltr'>non</span> <span class='ocrx_word' id='word_1_297' title='bbox 733 2568 880 2609; x_wconf 87' lang='lat' dir='ltr'>posso</span> <span class='ocrx_word' id='word_1_298' title='bbox 914 2553 1003 2598; x_wconf 86' lang='lat' dir='ltr'>dir’</span> <span class='ocrx_word' id='word_1_299' title='bbox 1038 2570 1067 2598; x_wconf 89' lang='lat' dir='ltr'>a</span> <span class='ocrx_word' id='word_1_300' title='bbox 1101 2553 1168 2598; x_wconf 78' lang='lat' dir='ltr'>V.</span> <span class='ocrx_word' id='word_1_301' title='bbox 1205 2553 1339 2598; x_wconf 86' lang='lat' dir='ltr'>Rtia.</span> <span class='ocrx_word' id='word_1_302' title='bbox 1379 2562 1572 2598; x_wconf 87' lang='lat' dir='ltr'>eccetto</span> <span class='ocrx_word' id='word_1_303' title='bbox 1606 2553 1696 2597; x_wconf 90' lang='lat' dir='ltr'>che</span> 
     </span>
     <span class='ocr_line' id='line_1_31' title="bbox 57 2630 1696 2687; baseline 0 -12"><span class='ocrx_word' id='word_1_304' title='bbox 57 2646 146 2687; x_wconf 88' lang='lat' dir='ltr'>per</span> <span class='ocrx_word' id='word_1_305' title='bbox 170 2631 322 2676; x_wconf 77' lang='lat' dir='ltr'>bonta</span> <span class='ocrx_word' id='word_1_306' title='bbox 346 2631 405 2676; x_wconf 90' lang='lat' dir='ltr'>de</span> <span class='ocrx_word' id='word_1_307' title='bbox 429 2630 525 2676; x_wconf 92' lang='lat' dir='ltr'>Dio</span> <span class='ocrx_word' id='word_1_308' title='bbox 550 2639 723 2676; x_wconf 86' lang='lat' dir='ltr'>nostro</span> <span class='ocrx_word' id='word_1_309' title='bbox 747 2630 951 2687; x_wconf 88' lang='lat' dir='ltr'>signore</span> <span class='ocrx_word' id='word_1_310' title='bbox 981 2631 1044 2676; x_wconf 88' lang='lat' dir='ltr'>mi</span> <span class='ocrx_word' id='word_1_311' title='bbox 1079 2640 1224 2676; x_wconf 87' lang='lat' dir='ltr'>trouo</span> <span class='ocrx_word' id='word_1_312' title='bbox 1258 2631 1409 2675; x_wconf 72' lang='lat' dir='ltr'>molto</span> <span class='ocrx_word' id='word_1_313' title='bbox 1444 2639 1613 2676; x_wconf 90' lang='lat' dir='ltr'>amato</span> <span class='ocrx_word' id='word_1_314' title='bbox 1648 2639 1696 2675; x_wconf 86' lang='lat' dir='ltr'>et</span> 
     </span>
     <span class='ocr_line' id='line_1_32' title="bbox 57 2707 1694 2765; baseline 0 -13"><span class='ocrx_word' id='word_1_315' title='bbox 57 2707 154 2753; x_wconf 84' lang='lat' dir='ltr'>dali</span> <span class='ocrx_word' id='word_1_316' title='bbox 178 2707 290 2753; x_wconf 84' lang='lat' dir='ltr'>Rdi.</span> <span class='ocrx_word' id='word_1_317' title='bbox 318 2708 509 2765; x_wconf 87' lang='lat' dir='ltr'>signori</span> <span class='ocrx_word' id='word_1_318' title='bbox 535 2708 760 2754; x_wconf 91' lang='lat' dir='ltr'>canonici</span> <span class='ocrx_word' id='word_1_319' title='bbox 786 2718 834 2754; x_wconf 93' lang='lat' dir='ltr'>et</span> <span class='ocrx_word' id='word_1_320' title='bbox 857 2708 990 2764; x_wconf 83' lang='lat' dir='ltr'>frati;</span> <span class='ocrx_word' id='word_1_321' title='bbox 1019 2717 1067 2754; x_wconf 90' lang='lat' dir='ltr'>et</span> <span class='ocrx_word' id='word_1_322' title='bbox 1091 2709 1121 2754; x_wconf 85' lang='lat' dir='ltr'>il</span> <span class='ocrx_word' id='word_1_323' title='bbox 1145 2708 1348 2764; x_wconf 87' lang='lat' dir='ltr'>signore</span> <span class='ocrx_word' id='word_1_324' title='bbox 1378 2707 1563 2753; x_wconf 84' lang='lat' dir='ltr'>vicario</span> <span class='ocrx_word' id='word_1_325' title='bbox 1582 2723 1694 2754; x_wconf 89' lang='lat' dir='ltr'>con-</span> 
     </span>
     <span class='ocr_line' id='line_1_33' title="bbox 57 2785 1695 2844; baseline -0.001 -13"><span class='ocrx_word' id='word_1_326' title='bbox 57 2785 194 2831; x_wconf 89' lang='lat' dir='ltr'>tinuo</span> <span class='ocrx_word' id='word_1_327' title='bbox 218 2786 259 2831; x_wconf 91' lang='lat' dir='ltr'>si</span> <span class='ocrx_word' id='word_1_328' title='bbox 283 2785 514 2832; x_wconf 86' lang='lat' dir='ltr'>confessa</span> <span class='ocrx_word' id='word_1_329' title='bbox 539 2802 633 2832; x_wconf 93' lang='lat' dir='ltr'>con</span> <span class='ocrx_word' id='word_1_330' title='bbox 658 2801 752 2844; x_wconf 90' lang='lat' dir='ltr'>me,</span> <span class='ocrx_word' id='word_1_331' title='bbox 780 2802 975 2832; x_wconf 90' lang='lat' dir='ltr'>comme</span> <span class='ocrx_word' id='word_1_332' title='bbox 999 2786 1119 2832; x_wconf 81' lang='lat' dir='ltr'>tucti</span> <span class='ocrx_word' id='word_1_333' title='bbox 1144 2786 1155 2831; x_wconf 93' lang='lat' dir='ltr'>i</span> <span class='ocrx_word' id='word_1_334' title='bbox 1181 2786 1378 2843; x_wconf 87' lang='lat' dir='ltr'>primati</span> <span class='ocrx_word' id='word_1_335' title='bbox 1401 2786 1461 2832; x_wconf 90' lang='lat' dir='ltr'>de</span> <span class='ocrx_word' id='word_1_336' title='bbox 1484 2787 1532 2832; x_wconf 89' lang='lat' dir='ltr'>la</span> <span class='ocrx_word' id='word_1_337' title='bbox 1565 2786 1695 2842; x_wconf 81' lang='lat' dir='ltr'>cipta</span> 
     </span>
     <span class='ocr_line' id='line_1_34' title="bbox 57 2863 1485 2921; baseline 0 -12"><span class='ocrx_word' id='word_1_338' title='bbox 57 2872 106 2909; x_wconf 89' lang='lat' dir='ltr'>et</span> <span class='ocrx_word' id='word_1_339' title='bbox 128 2863 267 2909; x_wconf 86' lang='lat' dir='ltr'>molti</span> <span class='ocrx_word' id='word_1_340' title='bbox 290 2863 629 2921; x_wconf 88' lang='lat' dir='ltr'>circunuicini,</span> <span class='ocrx_word' id='word_1_341' title='bbox 656 2879 744 2920; x_wconf 89' lang='lat' dir='ltr'>per</span> <span class='ocrx_word' id='word_1_342' title='bbox 769 2864 816 2909; x_wconf 92' lang='lat' dir='ltr'>la</span> <span class='ocrx_word' id='word_1_343' title='bbox 840 2864 977 2909; x_wconf 89' lang='lat' dir='ltr'>fama</span> <span class='ocrx_word' id='word_1_344' title='bbox 1002 2864 1061 2909; x_wconf 86' lang='lat' dir='ltr'>de</span> <span class='ocrx_word' id='word_1_345' title='bbox 1085 2865 1132 2909; x_wconf 89' lang='lat' dir='ltr'>la</span> <span class='ocrx_word' id='word_1_346' title='bbox 1158 2863 1485 2921; x_wconf 88' lang='lat' dir='ltr'>Compagnia.</span> 
     </span>
    </p>
   </div>
   <div class='ocr_carea' id='block_1_3' title="bbox 58 3049 1699 3158">
    <p class='ocr_par' dir='ltr' id='par_1_3' title="bbox 58 3049 1699 3158">
     <span class='ocr_line' id='line_1_35' title="bbox 105 3049 1699 3097; baseline -0.001 -10"><span class='ocrx_word' id='word_1_347' title='bbox 105 3053 115 3071; x_wconf 83' lang='lat'>¹</span> <span class='ocrx_word' id='word_1_348' title='bbox 168 3050 364 3097; x_wconf 85' lang='lat' dir='ltr'>Intellige</span> <span class='ocrx_word' id='word_1_349' title='bbox 384 3050 624 3088; x_wconf 87' lang='lat' dir='ltr'>societatem</span> <span class='ocrx_word' id='word_1_350' title='bbox 643 3062 716 3088; x_wconf 88' lang='lat' dir='ltr'>seu</span> <span class='ocrx_word' id='word_1_351' title='bbox 736 3050 1113 3088; x_wconf 78' lang='lat' dir='ltr'>confraternitatem</span> <span class='ocrx_word' id='word_1_352' title='bbox 1133 3063 1156 3086; x_wconf 86' lang='lat' dir='ltr'>a</span> <span class='ocrx_word' id='word_1_353' title='bbox 1175 3049 1386 3095; x_wconf 84' lang='lat' dir='ltr'>charitate,</span> <span class='ocrx_word' id='word_1_354' title='bbox 1415 3062 1518 3096; x_wconf 89' lang='lat' dir='ltr'>quae</span> <span class='ocrx_word' id='word_1_355' title='bbox 1548 3049 1699 3086; x_wconf 86' lang='lat' dir='ltr'>Assisii</span> 
     </span>
     <span class='ocr_line' id='line_1_36' title="bbox 58 3110 494 3158; baseline -0.005 -11"><span class='ocrx_word' id='word_1_356' title='bbox 58 3111 243 3158; x_wconf 86' lang='lat' dir='ltr'>vigebat.</span> <span class='ocrx_word' id='word_1_357' title='bbox 263 3111 392 3155; x_wconf 62' lang='lat' dir='ltr'><em>Ibz&#39;d„</em></span> <span class='ocrx_word' id='word_1_358' title='bbox 412 3110 494 3147; x_wconf 81' lang='lat'>291.</span> 
     </span>
    </p>
   </div>
  </div>
 </body>
</html>
