2051 3516
515 256 900 295 128.——V1ND0130NA
928 255 951 293 2
972 240 1184 304 JANUARH'
1205 256 1296 293 1558
1604 256 1673 293 479

93 355 216 400 dnm
242 354 313 399 ad
334 354 757 400 consuetudinem
791 352 1149 409 servandatrzff
1174 352 1251 397 Ac
1286 353 1493 409 primum
1529 353 1721 409 quidem

92 447 121 476 a
144 430 537 476 confessionibus
568 431 821 487 exordiar,
850 445 1058 486 quarum
1084 429 1277 474 fructus
1301 445 1359 475 co
1383 430 1579 486 gratior
1604 415 1720 475 (τιήι-

91 509 185 554 ctz's
208 523 317 553 esse
342 517 519 565 potest,
548 524 643 565 quo
668 508 814 554 uinea
838 509 978 562 haec,
1007 507 1146 562 alias,
1186 508 1309 563 proh
1336 507 1491 552 dolor!
1521 508 1717 562 sterilis,

90 586 267 631 maiori
292 586 489 631 cultura
513 586 714 643 indiget.
738 586 848 631 Deo
873 585 1067 642 gratias
1091 585 1304 641 agimus,
1339 585 1479 630 cuius
1502 585 1719 639 benigni-

91 671 194 708 tate
218 663 483 708 multorum
508 663 670 708 adhuc
693 663 839 708 animi
875 662 937 707 ad
972 661 1149 717 dignos
1174 661 1505 718 poenitentiae
1530 661 1722 707 fructus

90 740 386 785 excitantur.
417 739 571 797 ,Quod
583 740 754 797 facile
787 740 906 785 lzz'nc
940 738 1116 795 elucet,
1142 739 1266 795 qnia
1289 743 1310 764 a
1334 739 1541 784 honesta
1576 754 1719 794 quae-

90 817 203 861 dam
245 825 474 861 matrona
514 831 625 861 cum
665 816 995 873 quinquennio
1030 815 1228 870 integro
1268 816 1371 860 sine
1411 815 1722 860 confessione

91 904 138 940 et
172 894 517 939 communione
557 894 764 940 uixisset
798 910 908 939 cum
934 893 1113 938 marito
1138 893 1333 938 haeresi
1368 893 1719 950 consentiente,

88 982 200 1028 post
233 981 554 1028 peccatorum
581 972 941 1017 confessionem
977 980 1025 1016 et
1058 986 1236 1016 sacrae
1262 970 1596 1015 eucharistiae
1621 985 1720 1014 sus—

88 1050 378 1106 ceptionem,
403 1049 659 1106 proposuit
683 1065 735 1094 se
754 1049 802 1094 in
820 1057 1076 1105 posterum
1095 1047 1391 1092 catholicam
1412 1046 1521 1091 fidei
1543 1047 1718 1092 doctri-

88 1143 201 1172 nam
227 1128 589 1184 amplexuram.
619 1127 761 1172 Alius
795 1126 1011 1184 quidam,
1039 1125 1237 1171 natione
1272 1126 1493 1181 boemus,
1521 1125 1721 1169 uideba-

86 1214 168 1249 tur
193 1205 332 1261 quasi
358 1220 387 1249 a
412 1204 674 1249 daemonio
699 1205 946 1257 obsessus,
968 1218 1058 1248 nec
1083 1218 1111 1247 a
1141 1202 1194 1248 13
1217 1202 1357 1247 annis
1381 1217 1584 1246 suorum
1612 1217 1722 1257 pec-

87 1291 313 1326 catorum
339 1280 702 1326 confessionem
740 1280 946 1335 fecerat,
975 1279 1338 1336 quamprimum
1363 1279 1537 1324 eadem
1570 1279 1719 1323 humi-

89 1359 200 1403 liter
224 1359 483 1403 confessus
517 1362 650 1403 esset
670 1358 704 1413 b,
741 1373 948 1414 seseque
983 1357 1257 1402 venerabili
1293 1363 1308 1383 Ε
1347 1356 1530 1401 viatico
1570 1356 1721 1401 muni-

88 1435 245 1480 uisset
274 1434 308 1491 ⁶¹,
336 1436 399 1480 ab
430 1434 561 1479 omni
597 1434 772 1480 mentis
808 1434 1005 1480 occulta
1039 1448 1189 1479 cruce
1214 1442 1262 1479 et
1285 1433 1634 1489 desperatione
1668 1433 1717 1477 li-

89 1513 291 1558 beratus
315 1521 404 1558 est.
433 1511 542 1557 Hoc
577 1511 768 1557 silentio
804 1527 899 1556 non
935 1511 1239 1568 praeteribO,
1267 1511 1428 1556 virum
1453 1510 1717 1567 quemdam

88 1606 146 1635 eo
186 1589 573 1647 desperationis,
615 1584 817 1634 fallacia
857 1589 1133 1643 daemonis,
1176 1588 1465 1645 prouenisse
1502 1594 1534 1645 e,
1577 1597 1629 1633 ut
1668 1603 1720 1633 se

88 1668 184 1713 iam
226 1668 271 1713 in
312 1667 596 1713 Danubium
637 1667 904 1724 proiecerit
943 1667 1005 1711 ad
1044 1666 1451 1712 consciscendam
1497 1665 1586 1711 sibi
1634 1665 1721 1722 ipsi

88 1755 315 1791 mortem.
344 1744 473 1801 (Hoc
497 1745 788 1801 frequenter
812 1743 857 1790 in
883 1745 975 1790 hac
995 1744 1198 1789 ciuitate
1222 1743 1481 1800 contingit,
1509 1752 1561 1788 ut
1585 1743 1722 1788 multi

89 1823 178 1868 sibi
219 1831 427 1868 mortem
468 1823 732 1868 violentam
768 1821 1023 1876 inferant.)
1061 1821 1123 1866 Et
1157 1837 1277 1866 sane
1312 1821 1452 1877 aquis
1477 1820 1720 1878 periisset,

88 1901 179 1946 nisi
205 1911 357 1946 nauta
382 1899 578 1957 quidam
605 1916 634 1944 a
659 1900 804 1956 longe
828 1899 1037 1944 hominis
1070 1899 1344 1955 periculum
1379 1898 1727 1955 prospexisset

88 1980 135 2022 et
162 1976 176 2005 f
209 1993 320 2023 eum
360 1978 423 2022 ab
458 1976 598 2033 aquis
638 1977 957 2032 extraxisset;
995 1976 1193 2032 quidam
1230 1991 1352 2021 vero
1386 1976 1614 2021 eumdem
1640 1976 1722 2021 ad-

88 2066 399 2109 monuerunt,
437 2064 490 2099 ut
524 2054 562 2100 si
597 2070 626 2099 a
661 2054 836 2100 mentis
872 2054 1070 2099 occulto
1105 2055 1281 2099 morbo
1317 2054 1519 2099 liberari
1556 2055 1721 2110 uellet,

87 2143 283 2178 nostros
323 2131 605 2185 accederet,
642 2146 852 2188 sperans
890 2147 942 2176 se
981 2142 1335 2176 conseruatum
1376 2131 1449 2175 iri.
1492 2130 1722 2176 Accessit

88 2221 196 2267 post
236 2210 488 2255 octiduum
525 2210 786 2266 quemdam
821 2209 1017 2266 collegii
1052 2209 1207 2254 nostri
1246 2209 1577 2264 sacerdotem,
1616 2224 1722 2254 suo-

89 2304 195 2333 rum
222 2297 545 2345 peccatorum
579 2287 770 2344 pondus
799 2287 997 2344 abiecit,
1034 2302 1235 2332 sacram
1260 2287 1471 2344 synaxin
1496 2286 1718 2342 sumpsit,

89 2366 159 2411 sic
193 2366 414 2411 adiutum
449 2381 502 2411 se
536 2365 796 2410 confessus
831 2374 905 2409 est
936 2369 1120 2420 postea
1153 2372 1189 2409 g.
1228 2364 1407 2422 [Aliud
1427 2364 1723 2420 exemplum

87 2443 408 2500 ottzz'ttitmts]
436 2442 540 2488 Nec
564 2442 723 2487 minus
750 2442 843 2487 hoc
866 2441 1050 2498 gaudio
1069 2442 1269 2498 dignum
1296 2451 1370 2487 est
1395 2441 1525 2498 quod
1550 2441 1623 2486 his
1646 2457 1721 2486 su-

87 2521 364 2577 perioribus
389 2520 560 2565 diebus
584 2519 793 2576 contigit
827 2519 874 2564 in
908 2519 1212 2564 monasterio
1247 2519 1461 2575 quodam
1487 2535 1583 2563 non
1609 2534 1719 2575 pro-

87 2599 164 2643 cul
199 2598 310 2643 hinc
334 2598 522 2655 dissito,
549 2597 595 2642 in
631 2613 725 2654 quo
760 2612 870 2642 cum
906 2613 1093 2653 graues
1128 2607 1176 2642 et
1211 2596 1523 2653 periculosae
1557 2605 1721 2641 essent

87 2685 298 2721 exortae
332 2674 662 2720 dissensiones
696 2674 823 2719 inter
856 2674 1277 2726 sanctimoniales,
1313 2673 1512 2730 quidam
1547 2689 1609 2719 ex
1641 2689 1720 2718 no-

88 2753 203 2798 stris
227 2768 286 2798 eo
310 2761 520 2798 uocatus
543 2751 650 2809 fuit,
678 2761 731 2797 ut
754 2767 845 2808 pro
870 2752 997 2797 virili
1030 2751 1357 2796 contenderes
1379 2750 1397 2778 ¹¹
1423 2767 1722 2807 componere

135 2957 153 2976 ²²
204 2956 316 2993 Inter
335 2957 447 2993 alios.
495 2956 560 2984 -b
582 2961 655 2992 est.
702 2963 763 2983 -C
797 2956 1075 2992 sanctissimae
1097 2955 1367 2992 eucharistiae
1387 2955 1494 2993 add.
1543 2955 1607 2983 —d
1641 2969 1726 2992 mu-

87 3017 202 3053 niuit.
257 3024 320 3044 -e
353 3017 603 3063 peruenisse.
659 3016 715 3042 —f
743 3016 1003 3063 prospiciens,
1060 3023 1124 3049 —g
1161 3028 1202 3051 se
1231 3016 1316 3062 ipse
1345 3021 1485 3062 postea
1517 3015 1724 3052 confessus

88 3082 162 3113 est.
218 3076 282 3103 —h
303 3077 498 3113 studeret.
