2051 3516
465 299 805 336 21.—FERRAR1A
831 309 1013 335 INEUNTE
1039 307 1151 333 Axxo
1181 297 1271 332 1557
1597 296 1645 332 87

841 547 903 597 21

423 670 771 732 JOANNES
812 670 910 716 DE
949 670 1055 715 MA
1071 668 1321 715 RTINIS

500 794 719 820 FERRARIA
745 793 926 820 INEUNTE
952 793 1064 819 ΑΝΝΟ
1093 782 1183 818 1557
1212 783 1235 818 ¹.

39 886 127 924 ’1-2.
149 886 395 923 Ministeria
413 896 543 922 sacra
563 888 812 921 nostratum
832 886 878 920 in
898 883 1159 925 carceribus,
1180 883 1462 920 xenodochiis
1482 886 1522 920 et
1544 884 1590 919 in
1619 894 1693 919 ›zo-

121 949 208 983 stro
240 944 549 991 &emmor—58.
592 945 782 981 Fructus
812 955 963 981 eornm
994 945 1113 980 varii
1142 942 1589 980 enarrantur.—9-10.
1632 942 1692 979 Ci-

122 1007 247 1043 vium
275 1016 377 1051 erga
405 1005 664 1042 Societatem
691 1015 819 1041 amor
845 1003 1005 1041 indies
1032 1003 1340 1049 (lingendum—ll.
1370 1003 1604 1040 Pelletarii
1628 1003 1689 1048 af—

113 1065 235 1111 fecta
266 1064 473 1102 valetudo
505 1075 605 1101 enm
638 1074 725 1100 non
754 1063 942 1109 impedit
970 1065 1077 1110 quin
1106 1064 1325 1109 proximis
1351 1073 1483 1099 suam
1510 1066 1691 1108 operam

120 1124 439 1171 praestet.—-12.
461 1124 617 1160 Pauca
645 1123 700 1160 de
726 1124 887 1160 uostris
914 1125 954 1159 et
978 1123 1033 1159 de
1059 1123 1418 1168 discipulis—15.
1452 1121 1695 1159 Candidati

118 1185 270 1230 plures
289 1184 497 1221 Societati
522 1183 907 1229 cooptczntm.—14.
941 1182 1207 1219 Litterczriae
1234 1183 1565 1219 exeflcitationes
1589 1186 1691 1228 pro-

121 1245 256 1281 ximis
271 1243 403 1290 festis
421 1243 649 1280 natalibus
665 1243 854 1280 habitae.

114 1346 153 1391 1.
220 1345 324 1402 [Ait
357 1358 613 1402 magnam
651 1358 762 1390 esse
801 1344 1008 1401 copiam
1047 1343 1246 1399 messis,
1294 1343 1355 1388 de
1393 1357 1497 1401 qua
1536 1358 1590 1388 re
1629 1358 1693 1388 ex

35 1422 345 1469 «obedientia
367 1422 662 1478 scripturus
686 1421 794 1478 est]

139 1501 251 1546 Hoc
290 1500 563 1557 praeterito
598 1499 751 1546 natali
791 1499 867 1545 die
902 1499 973 1556 (ut
1010 1498 1122 1544 hinc
1160 1498 1408 1555 incipiam)
1454 1513 1690 1544 carceres

50 1578 206 1624 nostri
230 1578 462 1631 inuisum,
489 1578 535 1623 in
556 1577 764 1623 uinculis
783 1577 1011 1622 detentos
1029 1576 1322 1621 chartarum
1344 1576 1458 1621 ludo
1478 1591 1691 1622 uaccan-

51 1665 126 1701 tes
170 1655 440 1712 reperiunt,
482 1654 562 1711 qui
601 1670 632 1700 a
670 1654 853 1699 nostris
897 1653 1157 1711 increpati,
1204 1653 1392 1699 chartis
1436 1654 1688 1710 laceratis,

48 1732 266 1777 maximo
311 1747 422 1777 cum
460 1731 610 1776 animi
654 1731 825 1776 dolore
870 1730 1083 1777 confessi
1127 1740 1256 1776 sunt.
1304 1730 1451 1788 Quod
1495 1730 1691 1789 quidem

50 1810 195 1855 ualde
219 1809 397 1854 mirum
431 1820 520 1866 est,
558 1809 687 1865 quod
722 1809 751 1854 ii
786 1808 867 1865 qui
900 1824 1020 1854 raro
1054 1809 1126 1854 rei
1166 1808 1361 1854 diuinae
1395 1808 1687 1866 intererant,

32 1903 301 1944 ”nunquam
335 1886 660 1932 confessionis
694 1886 1001 1932 dulcedinem
1037 1887 1388 1943 degustabant,
1431 1886 1611 1943 quique
1646 1887 1692 1931 in

31 1965 237 2010 ⁴chartis
260 1964 536 2010 tractandis
559 1980 704 2010 omne
734 1964 948 2010 studium
983 1980 1044 2009 ac
1078 1964 1387 2021 diligentiam
1421 1964 1689 2021 ponebant,

50 2041 364 2099 nefandaque
396 2042 443 2086 in
473 2041 636 2087 Deum
666 2052 967 2098 sanctosque
998 2042 1103 2087 eius
1127 2051 1175 2087 et
1198 2042 1401 2088 beatam
1425 2041 1692 2099 Virginem

53 2120 208 2164 uerba
245 2119 575 2175 impurissimo
614 2134 702 2164 ore
742 2118 1081 2176 proferebant,
1129 2119 1196 2164 ita
1241 2128 1446 2176 repente
1489 2119 1691 2164 mutatis

32 2196 280 2253 ¹consiliis,
309 2205 357 2242 et
380 2196 578 2242 uivendi
609 2196 805 2242 ratione
837 2210 992 2242 uersa
1026 2199 1060 2251 a,
1099 2197 1204 2242 acri
1239 2196 1575 2253 obiurgationi
1611 2211 1690 2241 ac-

55 2274 343 2330 quieuerint,
381 2289 442 2319 ac
476 2274 539 2319 ad
577 2260 866 2320 nostrorum
901 2275 1050 2330 pedes
1084 2274 1333 2330 prouoluti
1373 2275 1612 2331 lugentes
1646 2278 1693 2318 et

49 2351 316 2407 plorantes
350 2351 368 2378 ¹³
402 2352 598 2397 ueniam
632 2351 864 2408 petierint
898 2361 946 2397 et
980 2352 1194 2397 confessi
1229 2352 1339 2408 sint,
1383 2367 1443 2397 ac
1477 2363 1691 2408 postmo-

54 2428 166 2474 dum
191 2429 386 2485 plurimi
411 2444 610 2474 sacram
635 2429 929 2485 sumpserint
953 2430 1199 2486 synaxim.
1232 2428 1327 2474 Hic
1363 2430 1588 2474 omittam
1624 2428 1689 2472 in-

100 2594 119 2613 a
169 2600 323 2631 mutata
342 2595 506 2631 uiuendi
524 2595 694 2631 ratione.
749 2595 816 2621 —b
848 2607 939 2631 cum
959 2595 1178 2641 lachrymis
1198 2595 1414 2641 prouoluti.

103 2752 113 2770 ¹
164 2751 227 2788 Ex
245 2752 498 2798 autographo
517 2751 557 2787 in
576 2751 712 2788 codice
743 2748 882 2788 Vellet.
905 2751 999 2795 100,
1019 2751 1042 2787 2
1061 2751 1126 2793 ff..
1148 2764 1215 2787 nn.
1237 2752 1271 2792 -l,
1292 2753 1326 2795 5;
1357 2751 1468 2798 prius
1495 2752 1576 2793 441,
1606 2751 1688 2789 44⁴2.

34 2808 168 2846 “Nihil
186 2810 226 2846 in
246 2811 416 2857 epistola
435 2811 483 2847 de
503 2811 567 2847 die
587 2816 627 2847 et
652 2823 756 2846 anno
784 2823 862 2857 quo
889 2811 984 2846 data
1011 2817 1071 2847 est
1099 2810 1314 2857 reperitur:
1349 2816 1390 2846 at
1416 2810 1573 2847 eruitur
1600 2823 1690 2847 eam

56 2869 246 2915 scriptam
265 2869 388 2907 fuisse
407 2871 573 2907 ineunte
594 2883 699 2906 anno
719 2883 769 2906 ex
789 2871 903 2906 modo
923 2870 1114 2916 loquendi
1142 2870 1190 2906 de
1219 2869 1320 2906 festo
1348 2870 1496 2906 natalis
1523 2870 1690 2907 Domini

56 2930 175 2974 paulo
194 2935 286 2966 ante
306 2930 527 2973 celebrato,
556 2936 632 2966 etc.
666 2929 984 2966 Emendationes
1012 2930 1179 2966 Polanci
1211 2930 1251 2965 in
1278 2929 1552 2967 notationibus
1581 2931 1691 2967 exhi-

56 2987 209 3033 bemus,
230 3002 334 3036 quae
353 3003 451 3026 vero
470 2990 607 3026 deleta
626 2990 667 3026 in
686 2996 799 3026 textu
818 2998 924 3033 sunt,
955 2990 1101 3026 itaticis
1129 2989 1276 3025 litteris
1304 2990 1582 3027 describimus.
1617 2990 1690 3027 Est

48 3047 165 3083 ,aliud
184 3049 414 3096 exemplum
433 3050 473 3086 in
492 3049 628 3086 codice
646 3050 745 3086 Ital.
765 3050 854 3094 171,
871 3049 909 3087 ff.
926 3048 1048 3085 75-76.
1071 3048 1292 3086 Exordium
1307 3050 1476 3096 longum
1491 3056 1531 3086 et
1546 3050 1689 3087 inutile

32 3127 36 3130 -
58 3107 291 3144 omittimus.
