<?xml version="1.0" encoding="UTF-8"?>
<!DOCTYPE html PUBLIC "-//W3C//DTD XHTML 1.0 Transitional//EN"
    "http://www.w3.org/TR/xhtml1/DTD/xhtml1-transitional.dtd">
<html xmlns="http://www.w3.org/1999/xhtml" xml:lang="en" lang="en">
 <head>
  <title>
</title>
<meta http-equiv="Content-Type" content="text/html;charset=utf-8" />
  <meta name='ocr-system' content='tesseract 3.04.00' />
  <meta name='ocr-capabilities' content='ocr_page ocr_carea ocr_par ocr_line ocrx_word'/>
</head>
<body>
  <div class='ocr_page' id='page_1' title='image "./litteraequadrime17lain_0379.png"; bbox 0 0 2051 3516; ppageno 0'>
   <div class='ocr_carea' id='block_1_1' title="bbox 555 306 1664 345">
    <p class='ocr_par' dir='ltr' id='par_1_1' title="bbox 555 306 1664 345">
     <span class='ocr_line' id='line_1_1' title="bbox 555 306 1664 345; baseline -0.002 -1"><span class='ocrx_word' id='word_1_1' title='bbox 555 307 857 345; x_wconf 49' lang='lat' dir='ltr'>Sin—Comma</span> <span class='ocrx_word' id='word_1_2' title='bbox 885 307 927 343; x_wconf 81' lang='lat'>31</span> <span class='ocrx_word' id='word_1_3' title='bbox 957 306 1120 342; x_wconf 73' lang='lat' dir='ltr'>Aousn</span> <span class='ocrx_word' id='word_1_4' title='bbox 1150 307 1238 342; x_wconf 62' lang='lat'>1557</span> <span class='ocrx_word' id='word_1_5' title='bbox 1593 308 1664 343; x_wconf 62' lang='lat'>1325</span> 
     </span>
    </p>
   </div>
   <div class='ocr_carea' id='block_1_2' title="bbox 79 402 1713 2702">
    <p class='ocr_par' dir='ltr' id='par_1_2' title="bbox 81 402 1712 604">
     <span class='ocr_line' id='line_1_2' title="bbox 81 402 1711 461; baseline -0.002 -11"><span class='ocrx_word' id='word_1_6' title='bbox 81 405 282 461; x_wconf 81' lang='lat' dir='ltr'>placuit,</span> <span class='ocrx_word' id='word_1_7' title='bbox 308 404 395 449; x_wconf 88' lang='lat' dir='ltr'>sed</span> <span class='ocrx_word' id='word_1_8' title='bbox 420 404 568 449; x_wconf 84' lang='lat' dir='ltr'>etiam</span> <span class='ocrx_word' id='word_1_9' title='bbox 594 403 816 460; x_wconf 75' lang='lat' dir='ltr'><strong>sequenti</strong></span> <span class='ocrx_word' id='word_1_10' title='bbox 841 402 918 447; x_wconf 91' lang='lat' dir='ltr'>die</span> <span class='ocrx_word' id='word_1_11' title='bbox 948 402 1168 446; x_wconf 89' lang='lat' dir='ltr'>montani</span> <span class='ocrx_word' id='word_1_12' title='bbox 1204 402 1400 458; x_wconf 80' lang='lat' dir='ltr'>collegii</span> <span class='ocrx_word' id='word_1_13' title='bbox 1437 403 1711 447; x_wconf 74' lang='lat' dir='ltr'>rhetorices</span> 
     </span>
     <span class='ocr_line' id='line_1_3' title="bbox 82 479 1712 544; baseline -0.001 -18"><span class='ocrx_word' id='word_1_14' title='bbox 82 482 420 538; x_wconf 73' lang='lat' dir='ltr'>professorem</span> <span class='ocrx_word' id='word_1_15' title='bbox 445 482 505 525; x_wconf 90' lang='lat' dir='ltr'>ad</span> <span class='ocrx_word' id='word_1_16' title='bbox 531 497 583 526; x_wconf 88' lang='lat' dir='ltr'>se</span> <span class='ocrx_word' id='word_1_17' title='bbox 607 481 804 535; x_wconf 78' lang='lat' dir='ltr'>acciuit,</span> <span class='ocrx_word' id='word_1_18' title='bbox 831 489 883 525; x_wconf 86' lang='lat' dir='ltr'>ut</span> <span class='ocrx_word' id='word_1_19' title='bbox 913 480 1031 524; x_wconf 83' lang='lat' dir='ltr'>talia</span> <span class='ocrx_word' id='word_1_20' title='bbox 1065 479 1435 523; x_wconf 78' lang='lat' dir='ltr'>adolescentum</span> <span class='ocrx_word' id='word_1_21' title='bbox 1455 481 1712 544; x_wconf 19' lang='lat' dir='ltr'>‘exercitia</span> 
     </span>
     <span class='ocr_line' id='line_1_4' title="bbox 81 547 495 604; baseline -0.002 -1"><span class='ocrx_word' id='word_1_22' title='bbox 81 559 353 604; x_wconf 83' lang='lat' dir='ltr'>induceret.</span> <span class='ocrx_word' id='word_1_23' title='bbox 490 547 495 550; x_wconf 44' lang='grc'><strong>”</strong></span> 
     </span>
    </p>

    <p class='ocr_par' dir='ltr' id='par_1_3' title="bbox 80 634 1713 1542">
     <span class='ocr_line' id='line_1_5' title="bbox 139 634 1709 691; baseline -0.001 -11"><span class='ocrx_word' id='word_1_24' title='bbox 139 635 182 681; x_wconf 83' lang='lat'>5.</span> <span class='ocrx_word' id='word_1_25' title='bbox 249 635 643 691; x_wconf 73' lang='lat' dir='ltr'>praeceptorum</span> <span class='ocrx_word' id='word_1_26' title='bbox 668 651 725 680; x_wconf 84' lang='lat' dir='ltr'>ac</span> <span class='ocrx_word' id='word_1_27' title='bbox 752 634 1100 690; x_wconf 86' lang='lat' dir='ltr'>discipulorum</span> <span class='ocrx_word' id='word_1_28' title='bbox 1120 635 1347 685; x_wconf 78' lang='lat' dir='ltr'>eruditio,</span> <span class='ocrx_word' id='word_1_29' title='bbox 1369 635 1527 690; x_wconf 83' lang='lat' dir='ltr'>pietas</span> <span class='ocrx_word' id='word_1_30' title='bbox 1548 644 1595 679; x_wconf 89' lang='lat' dir='ltr'>et</span> <span class='ocrx_word' id='word_1_31' title='bbox 1614 650 1709 679; x_wconf 87' lang='lat' dir='ltr'>mo-</span> 
     </span>
     <span class='ocr_line' id='line_1_6' title="bbox 81 711 1711 767; baseline -0.002 -9"><span class='ocrx_word' id='word_1_32' title='bbox 81 713 255 766; x_wconf 83' lang='lat' dir='ltr'>destia,</span> <span class='ocrx_word' id='word_1_33' title='bbox 282 728 379 757; x_wconf 90' lang='lat' dir='ltr'>non</span> <span class='ocrx_word' id='word_1_34' title='bbox 414 712 560 757; x_wconf 91' lang='lat' dir='ltr'>modo</span> <span class='ocrx_word' id='word_1_35' title='bbox 595 711 965 767; x_wconf 86' lang='lat' dir='ltr'>coloniensium,</span> <span class='ocrx_word' id='word_1_36' title='bbox 1002 711 1087 756; x_wconf 89' lang='lat' dir='ltr'>sed</span> <span class='ocrx_word' id='word_1_37' title='bbox 1121 711 1269 756; x_wconf 88' lang='lat' dir='ltr'>etiam</span> <span class='ocrx_word' id='word_1_38' title='bbox 1304 711 1579 756; x_wconf 85' lang='lat' dir='ltr'>vicinorum</span> <span class='ocrx_word' id='word_1_39' title='bbox 1612 711 1711 756; x_wconf 82' lang='lat' dir='ltr'>ani-</span> 
     </span>
     <span class='ocr_line' id='line_1_7' title="bbox 82 786 1712 844; baseline -0.002 -9"><span class='ocrx_word' id='word_1_40' title='bbox 82 805 188 835; x_wconf 91' lang='lat' dir='ltr'>mos</span> <span class='ocrx_word' id='word_1_41' title='bbox 211 789 351 834; x_wconf 89' lang='lat' dir='ltr'>nobis</span> <span class='ocrx_word' id='word_1_42' title='bbox 375 789 716 834; x_wconf 81' lang='lat' dir='ltr'>deuinxerunt.</span> <span class='ocrx_word' id='word_1_43' title='bbox 746 788 822 834; x_wconf 89' lang='lat' dir='ltr'>Ex</span> <span class='ocrx_word' id='word_1_44' title='bbox 848 789 1018 834; x_wconf 88' lang='lat' dir='ltr'>intima</span> <span class='ocrx_word' id='word_1_45' title='bbox 1043 804 1166 844; x_wconf 91' lang='lat' dir='ltr'>pene</span> <span class='ocrx_word' id='word_1_46' title='bbox 1186 786 1409 833; x_wconf 79' lang='lat' dir='ltr'>Saxonia</span> <span class='ocrx_word' id='word_1_47' title='bbox 1429 788 1712 843; x_wconf 87' lang='lat' dir='ltr'>nuperrime</span> 
     </span>
     <span class='ocr_line' id='line_1_8' title="bbox 81 866 1710 920; baseline -0.002 -8"><span class='ocrx_word' id='word_1_48' title='bbox 81 868 177 912; x_wconf 93' lang='lat' dir='ltr'>duo</span> <span class='ocrx_word' id='word_1_49' title='bbox 202 877 460 917; x_wconf 71' lang='lat' dir='ltr'>venerunt,</span> <span class='ocrx_word' id='word_1_50' title='bbox 489 867 617 911; x_wconf 87' lang='lat' dir='ltr'>alter</span> <span class='ocrx_word' id='word_1_51' title='bbox 646 867 786 912; x_wconf 88' lang='lat' dir='ltr'>nobis</span> <span class='ocrx_word' id='word_1_52' title='bbox 820 866 1210 918; x_wconf 70' lang='lat' dir='ltr'>commendatus,</span> <span class='ocrx_word' id='word_1_53' title='bbox 1248 866 1378 910; x_wconf 83' lang='lat' dir='ltr'>alter</span> <span class='ocrx_word' id='word_1_54' title='bbox 1412 880 1501 909; x_wconf 88' lang='lat' dir='ltr'>sua</span> <span class='ocrx_word' id='word_1_55' title='bbox 1536 874 1710 920; x_wconf 91' lang='lat' dir='ltr'>sponte</span> 
     </span>
     <span class='ocr_line' id='line_1_9' title="bbox 81 941 1709 999; baseline -0.002 -9"><span class='ocrx_word' id='word_1_56' title='bbox 81 944 308 990; x_wconf 87' lang='lat' dir='ltr'>accessit.</span> <span class='ocrx_word' id='word_1_57' title='bbox 332 943 574 999; x_wconf 85' lang='lat' dir='ltr'>Quamuis</span> <span class='ocrx_word' id='word_1_58' title='bbox 593 944 833 989; x_wconf 91' lang='lat' dir='ltr'>hactenus</span> <span class='ocrx_word' id='word_1_59' title='bbox 851 943 1260 999; x_wconf 76' lang='lat' dir='ltr'>praeceptoribus</span> <span class='ocrx_word' id='word_1_60' title='bbox 1286 941 1549 987; x_wconf 77' lang='lat' dir='ltr'>haereticis</span> <span class='ocrx_word' id='word_1_61' title='bbox 1573 941 1592 961; x_wconf 64' lang='lat'>²¹</span> <span class='ocrx_word' id='word_1_62' title='bbox 1617 942 1709 986; x_wconf 87' lang='lat' dir='ltr'>sint</span> 
     </span>
     <span class='ocr_line' id='line_1_10' title="bbox 84 1019 1710 1077; baseline -0.001 -12"><span class='ocrx_word' id='word_1_63' title='bbox 84 1022 172 1077; x_wconf 80' lang='lat' dir='ltr'>vsi,</span> <span class='ocrx_word' id='word_1_64' title='bbox 199 1032 364 1066; x_wconf 89' lang='lat' dir='ltr'>tamen</span> <span class='ocrx_word' id='word_1_65' title='bbox 390 1037 536 1077; x_wconf 82' lang='lat' dir='ltr'>quam</span> <span class='ocrx_word' id='word_1_66' title='bbox 562 1021 608 1065; x_wconf 91' lang='lat' dir='ltr'>in</span> <span class='ocrx_word' id='word_1_67' title='bbox 628 1021 743 1077; x_wconf 90' lang='lat' dir='ltr'>ipsis</span> <span class='ocrx_word' id='word_1_68' title='bbox 761 1021 1105 1077; x_wconf 79' lang='lat' dir='ltr'>germanicam</span> <span class='ocrx_word' id='word_1_69' title='bbox 1125 1019 1489 1076; x_wconf 85' lang='lat' dir='ltr'>simplicitatem</span> <span class='ocrx_word' id='word_1_70' title='bbox 1510 1035 1710 1075; x_wconf 88' lang='lat' dir='ltr'>conspe-</span> 
     </span>
     <span class='ocr_line' id='line_1_11' title="bbox 80 1097 1710 1154; baseline -0.001 -11"><span class='ocrx_word' id='word_1_71' title='bbox 80 1098 257 1151; x_wconf 77' lang='lat' dir='ltr'>ximus,</span> <span class='ocrx_word' id='word_1_72' title='bbox 284 1114 373 1143; x_wconf 90' lang='lat' dir='ltr'>nos</span> <span class='ocrx_word' id='word_1_73' title='bbox 397 1099 520 1143; x_wconf 88' lang='lat' dir='ltr'>bene</span> <span class='ocrx_word' id='word_1_74' title='bbox 544 1113 751 1154; x_wconf 86' lang='lat' dir='ltr'>sperare</span> <span class='ocrx_word' id='word_1_75' title='bbox 775 1098 923 1143; x_wconf 89' lang='lat' dir='ltr'>iubet.</span> <span class='ocrx_word' id='word_1_76' title='bbox 952 1097 1226 1143; x_wconf 82' lang='lat' dir='ltr'>Praeterea</span> <span class='ocrx_word' id='word_1_77' title='bbox 1251 1097 1485 1153; x_wconf 73' lang='lat' dir='ltr'>spirensis</span> <span class='ocrx_word' id='word_1_78' title='bbox 1510 1097 1710 1142; x_wconf 86' lang='lat' dir='ltr'>catholi-</span> 
     </span>
     <span class='ocr_line' id='line_1_12' title="bbox 80 1174 1711 1232; baseline -0.001 -12"><span class='ocrx_word' id='word_1_79' title='bbox 80 1190 166 1221; x_wconf 90' lang='lat' dir='ltr'>cus</span> <span class='ocrx_word' id='word_1_80' title='bbox 190 1175 506 1220; x_wconf 85' lang='lat' dir='ltr'>ecclesiastes</span> <span class='ocrx_word' id='word_1_81' title='bbox 530 1175 792 1232; x_wconf 83' lang='lat' dir='ltr'>egregium</span> <span class='ocrx_word' id='word_1_82' title='bbox 816 1174 955 1220; x_wconf 88' lang='lat' dir='ltr'>nobis</span> <span class='ocrx_word' id='word_1_83' title='bbox 979 1175 1348 1220; x_wconf 88' lang='lat' dir='ltr'>adolescentem</span> <span class='ocrx_word' id='word_1_84' title='bbox 1374 1175 1579 1219; x_wconf 79' lang='lat' dir='ltr'>adduxit</span> <span class='ocrx_word' id='word_1_85' title='bbox 1602 1191 1711 1219; x_wconf 87' lang='lat' dir='ltr'>eru·</span> 
     </span>
     <span class='ocr_line' id='line_1_13' title="bbox 81 1252 1711 1309; baseline 0 -13"><span class='ocrx_word' id='word_1_86' title='bbox 81 1252 325 1297; x_wconf 89' lang='lat' dir='ltr'>diendum.</span> <span class='ocrx_word' id='word_1_87' title='bbox 367 1253 610 1298; x_wconf 71' lang='lat' dir='ltr'>Audierat</span> <span class='ocrx_word' id='word_1_88' title='bbox 645 1253 821 1309; x_wconf 84' lang='lat' dir='ltr'>quippe</span> <span class='ocrx_word' id='word_1_89' title='bbox 860 1268 1007 1309; x_wconf 81' lang='lat' dir='ltr'>quam</span> <span class='ocrx_word' id='word_1_90' title='bbox 1043 1253 1264 1298; x_wconf 87' lang='lat' dir='ltr'>creditae</span> <span class='ocrx_word' id='word_1_91' title='bbox 1303 1252 1444 1297; x_wconf 88' lang='lat' dir='ltr'>nobis</span> <span class='ocrx_word' id='word_1_92' title='bbox 1478 1252 1711 1297; x_wconf 86' lang='lat' dir='ltr'>iuuentae</span> 
     </span>
     <span class='ocr_line' id='line_1_14' title="bbox 80 1330 1710 1387; baseline -0.001 -13"><span class='ocrx_word' id='word_1_93' title='bbox 80 1345 285 1385; x_wconf 88' lang='lat' dir='ltr'>operam</span> <span class='ocrx_word' id='word_1_94' title='bbox 310 1330 555 1374; x_wconf 85' lang='lat' dir='ltr'>daremus.</span> <span class='ocrx_word' id='word_1_95' title='bbox 583 1330 748 1387; x_wconf 76' lang='lat' dir='ltr'>Facit,</span> <span class='ocrx_word' id='word_1_96' title='bbox 776 1334 832 1375; x_wconf 81' lang='lat' dir='ltr'>ut</span> <span class='ocrx_word' id='word_1_97' title='bbox 853 1332 1053 1386; x_wconf 69' lang='lat' dir='ltr'>opinor,</span> <span class='ocrx_word' id='word_1_98' title='bbox 1079 1330 1286 1375; x_wconf 71' lang='lat' dir='ltr'>scholae</span> <span class='ocrx_word' id='word_1_99' title='bbox 1319 1330 1575 1385; x_wconf 64' lang='lat' dir='ltr'>spirensis</span> <span class='ocrx_word' id='word_1_100' title='bbox 1609 1343 1710 1374; x_wconf 79' lang='lat' dir='ltr'>mo-</span> 
     </span>
     <span class='ocr_line' id='line_1_15' title="bbox 80 1406 1713 1464; baseline 0 -13"><span class='ocrx_word' id='word_1_101' title='bbox 80 1407 304 1463; x_wconf 69' lang='lat' dir='ltr'>derator,</span> <span class='ocrx_word' id='word_1_102' title='bbox 341 1407 480 1464; x_wconf 77' lang='lat' dir='ltr'>quod</span> <span class='ocrx_word' id='word_1_103' title='bbox 514 1408 704 1462; x_wconf 70' lang='lat' dir='ltr'>optime</span> <span class='ocrx_word' id='word_1_104' title='bbox 743 1408 891 1463; x_wconf 73' lang='lat' dir='ltr'>apud</span> <span class='ocrx_word' id='word_1_105' title='bbox 924 1408 1190 1463; x_wconf 62' lang='lat' dir='ltr'>spirenses</span> <span class='ocrx_word' id='word_1_106' title='bbox 1228 1407 1527 1452; x_wconf 76' lang='lat' dir='ltr'>audiamus.</span> <span class='ocrx_word' id='word_1_107' title='bbox 1571 1406 1713 1451; x_wconf 75' lang='lat' dir='ltr'>Nam</span> 
     </span>
     <span class='ocr_line' id='line_1_16' title="bbox 81 1485 1432 1542; baseline 0 -14"><span class='ocrx_word' id='word_1_108' title='bbox 81 1498 173 1529; x_wconf 77' lang='lat' dir='ltr'>uos</span> <span class='ocrx_word' id='word_1_109' title='bbox 196 1485 344 1529; x_wconf 73' lang='lat' dir='ltr'>ltaua&#39;</span> <span class='ocrx_word' id='word_1_110' title='bbox 363 1498 627 1542; x_wconf 74' lang='lat' dir='ltr'>quaquam</span> <span class='ocrx_word' id='word_1_111' title='bbox 653 1499 829 1530; x_wconf 69' lang='lat' dir='ltr'>(tumre</span> <span class='ocrx_word' id='word_1_112' title='bbox 853 1485 1067 1542; x_wconf 41' lang='lat' dir='ltr'>*vulgari</span> <span class='ocrx_word' id='word_1_113' title='bbox 1083 1485 1432 1542; x_wconf 69' lang='lat' dir='ltr'>prosequitur.</span> 
     </span>
    </p>

    <p class='ocr_par' dir='ltr' id='par_1_4' title="bbox 79 1560 1712 2702">
     <span class='ocr_line' id='line_1_17' title="bbox 137 1560 1711 1619; baseline -0.001 -13"><span class='ocrx_word' id='word_1_114' title='bbox 137 1560 180 1606; x_wconf 80' lang='lat'>6.</span> <span class='ocrx_word' id='word_1_115' title='bbox 248 1560 464 1606; x_wconf 83' lang='lat' dir='ltr'>Secundi</span> <span class='ocrx_word' id='word_1_116' title='bbox 489 1562 638 1607; x_wconf 86' lang='lat' dir='ltr'>etiam</span> <span class='ocrx_word' id='word_1_117' title='bbox 663 1562 709 1607; x_wconf 93' lang='lat' dir='ltr'>in</span> <span class='ocrx_word' id='word_1_118' title='bbox 734 1561 898 1607; x_wconf 73' lang='lat' dir='ltr'>officio</span> <span class='ocrx_word' id='word_1_119' title='bbox 923 1563 1053 1618; x_wconf 89' lang='lat' dir='ltr'>apud</span> <span class='ocrx_word' id='word_1_120' title='bbox 1078 1562 1253 1607; x_wconf 87' lang='lat' dir='ltr'>ducem</span> <span class='ocrx_word' id='word_1_121' title='bbox 1285 1561 1606 1619; x_wconf 79' lang='lat' dir='ltr'>juliacensem</span> <span class='ocrx_word' id='word_1_122' title='bbox 1631 1577 1711 1606; x_wconf 92' lang='lat' dir='ltr'>ne-</span> 
     </span>
     <span class='ocr_line' id='line_1_18' title="bbox 79 1638 1710 1695; baseline -0.001 -12"><span class='ocrx_word' id='word_1_123' title='bbox 79 1654 169 1695; x_wconf 92' lang='lat' dir='ltr'>pos</span> <span class='ocrx_word' id='word_1_124' title='bbox 193 1648 396 1684; x_wconf 88' lang='lat' dir='ltr'>nostrae</span> <span class='ocrx_word' id='word_1_125' title='bbox 421 1638 531 1684; x_wconf 89' lang='lat' dir='ltr'>fidei</span> <span class='ocrx_word' id='word_1_126' title='bbox 563 1649 637 1685; x_wconf 90' lang='lat' dir='ltr'>est</span> <span class='ocrx_word' id='word_1_127' title='bbox 671 1640 980 1684; x_wconf 89' lang='lat' dir='ltr'>commissus.</span> <span class='ocrx_word' id='word_1_128' title='bbox 1019 1639 1080 1684; x_wconf 90' lang='lat' dir='ltr'>D.</span> <span class='ocrx_word' id='word_1_129' title='bbox 1118 1639 1356 1684; x_wconf 88' lang='lat' dir='ltr'>Nicolaus</span> <span class='ocrx_word' id='word_1_130' title='bbox 1390 1639 1643 1684; x_wconf 87' lang='lat' dir='ltr'>Nicander</span> <span class='ocrx_word' id='word_1_131' title='bbox 1678 1641 1710 1695; x_wconf 78' lang='lat'>¹,</span> 
     </span>
     <span class='ocr_line' id='line_1_19' title="bbox 80 1716 1711 1771; baseline 0.001 -11"><span class='ocrx_word' id='word_1_132' title='bbox 80 1731 176 1760; x_wconf 90' lang='lat' dir='ltr'>non</span> <span class='ocrx_word' id='word_1_133' title='bbox 201 1716 347 1761; x_wconf 87' lang='lat' dir='ltr'>modo</span> <span class='ocrx_word' id='word_1_134' title='bbox 372 1716 651 1761; x_wconf 88' lang='lat' dir='ltr'>haereticos</span> <span class='ocrx_word' id='word_1_135' title='bbox 676 1717 827 1761; x_wconf 82' lang='lat' dir='ltr'>libros</span> <span class='ocrx_word' id='word_1_136' title='bbox 852 1716 1035 1761; x_wconf 88' lang='lat' dir='ltr'>nostris</span> <span class='ocrx_word' id='word_1_137' title='bbox 1059 1716 1424 1761; x_wconf 82' lang='lat' dir='ltr'>comburendos</span> <span class='ocrx_word' id='word_1_138' title='bbox 1450 1716 1596 1771; x_wconf 72' lang='lat' dir='ltr'>dedit,</span> <span class='ocrx_word' id='word_1_139' title='bbox 1624 1716 1711 1761; x_wconf 85' lang='lat' dir='ltr'>sed</span> 
     </span>
     <span class='ocr_line' id='line_1_20' title="bbox 79 1791 1710 1850; baseline -0.001 -12"><span class='ocrx_word' id='word_1_140' title='bbox 79 1793 227 1838; x_wconf 89' lang='lat' dir='ltr'>etiam</span> <span class='ocrx_word' id='word_1_141' title='bbox 252 1809 304 1838; x_wconf 92' lang='lat' dir='ltr'>se</span> <span class='ocrx_word' id='word_1_142' title='bbox 328 1793 593 1849; x_wconf 88' lang='lat' dir='ltr'>aliquando</span> <span class='ocrx_word' id='word_1_143' title='bbox 626 1794 752 1839; x_wconf 84' lang='lat' dir='ltr'>velle</span> <span class='ocrx_word' id='word_1_144' title='bbox 776 1809 864 1850; x_wconf 87' lang='lat' dir='ltr'>per</span> <span class='ocrx_word' id='word_1_145' title='bbox 888 1793 1038 1838; x_wconf 90' lang='lat' dir='ltr'>otium</span> <span class='ocrx_word' id='word_1_146' title='bbox 1064 1791 1330 1838; x_wconf 83' lang='lat' dir='ltr'>Societatis</span> <span class='ocrx_word' id='word_1_147' title='bbox 1356 1793 1528 1838; x_wconf 91' lang='lat' dir='ltr'>laudes</span> <span class='ocrx_word' id='word_1_148' title='bbox 1552 1803 1710 1849; x_wconf 90' lang='lat' dir='ltr'>poste-</span> 
     </span>
     <span class='ocr_line' id='line_1_21' title="bbox 79 1856 1712 1927; baseline -0.001 -12"><span class='ocrx_word' id='word_1_149' title='bbox 79 1856 451 1927; x_wconf 33' lang='lat' dir='ltr'>ris&#39;relinquere</span> <span class='ocrx_word' id='word_1_150' title='bbox 475 1871 610 1916; x_wconf 83' lang='lat' dir='ltr'>dixit.</span> <span class='ocrx_word' id='word_1_151' title='bbox 638 1871 690 1915; x_wconf 90' lang='lat' dir='ltr'>In</span> <span class='ocrx_word' id='word_1_152' title='bbox 716 1871 932 1916; x_wconf 85' lang='lat' dir='ltr'>animum</span> <span class='ocrx_word' id='word_1_153' title='bbox 957 1871 1082 1916; x_wconf 87' lang='lat' dir='ltr'>enim</span> <span class='ocrx_word' id='word_1_154' title='bbox 1119 1887 1261 1915; x_wconf 85' lang='lat' dir='ltr'>suum</span> <span class='ocrx_word' id='word_1_155' title='bbox 1294 1871 1499 1924; x_wconf 74' lang='lat' dir='ltr'>induxit,</span> <span class='ocrx_word' id='word_1_156' title='bbox 1537 1885 1645 1915; x_wconf 89' lang='lat' dir='ltr'>cum</span> <span class='ocrx_word' id='word_1_157' title='bbox 1682 1886 1712 1915; x_wconf 87' lang='lat' dir='ltr'>a</span> 
     </span>
     <span class='ocr_line' id='line_1_22' title="bbox 79 1948 1711 2004; baseline 0 -12"><span class='ocrx_word' id='word_1_158' title='bbox 79 1948 292 2004; x_wconf 82' lang='lat' dir='ltr'>negotiis</span> <span class='ocrx_word' id='word_1_159' title='bbox 331 1948 423 1993; x_wconf 89' lang='lat' dir='ltr'>erit</span> <span class='ocrx_word' id='word_1_160' title='bbox 462 1948 585 1993; x_wconf 87' lang='lat' dir='ltr'>liber</span> <span class='ocrx_word' id='word_1_161' title='bbox 620 1959 666 1993; x_wconf 89' lang='lat' dir='ltr'>et</span> <span class='ocrx_word' id='word_1_162' title='bbox 705 1948 949 2002; x_wconf 81' lang='lat' dir='ltr'>immunis,</span> <span class='ocrx_word' id='word_1_163' title='bbox 991 1948 1174 2004; x_wconf 87' lang='lat' dir='ltr'>aliquid</span> <span class='ocrx_word' id='word_1_164' title='bbox 1208 1948 1253 1993; x_wconf 90' lang='lat' dir='ltr'>in</span> <span class='ocrx_word' id='word_1_165' title='bbox 1290 1949 1448 1993; x_wconf 89' lang='lat' dir='ltr'>lucem</span> <span class='ocrx_word' id='word_1_166' title='bbox 1484 1948 1711 1993; x_wconf 88' lang='lat' dir='ltr'>emittere</span> 
     </span>
     <span class='ocr_line' id='line_1_23' title="bbox 81 2024 1710 2081; baseline 0 -11"><span class='ocrx_word' id='word_1_167' title='bbox 81 2036 255 2071; x_wconf 90' lang='lat' dir='ltr'>contra</span> <span class='ocrx_word' id='word_1_168' title='bbox 279 2024 544 2071; x_wconf 82' lang='lat' dir='ltr'>Societatis</span> <span class='ocrx_word' id='word_1_169' title='bbox 569 2026 791 2071; x_wconf 90' lang='lat' dir='ltr'>aemulos</span> <span class='ocrx_word' id='word_1_170' title='bbox 815 2035 863 2070; x_wconf 92' lang='lat' dir='ltr'>et</span> <span class='ocrx_word' id='word_1_171' title='bbox 887 2027 1271 2071; x_wconf 86' lang='lat' dir='ltr'>obtrectatores.</span> <span class='ocrx_word' id='word_1_172' title='bbox 1298 2026 1408 2071; x_wconf 87' lang='lat' dir='ltr'>Non</span> <span class='ocrx_word' id='word_1_173' title='bbox 1440 2035 1605 2071; x_wconf 83' lang='lat' dir='ltr'>cessat</span> <span class='ocrx_word' id='word_1_174' title='bbox 1628 2042 1710 2081; x_wconf 92' lang='lat' dir='ltr'>pu-</span> 
     </span>
     <span class='ocr_line' id='line_1_24' title="bbox 79 2102 1710 2161; baseline 0 -13"><span class='ocrx_word' id='word_1_175' title='bbox 79 2102 206 2148; x_wconf 89' lang='lat' dir='ltr'>blice</span> <span class='ocrx_word' id='word_1_176' title='bbox 224 2102 498 2148; x_wconf 76' lang='lat' dir='ltr'>Socz‘etatis</span> <span class='ocrx_word' id='word_1_177' title='bbox 521 2102 540 2129; x_wconf 74' lang='lat'>¹³</span> <span class='ocrx_word' id='word_1_178' title='bbox 564 2115 733 2159; x_wconf 89' lang='lat' dir='ltr'>partes</span> <span class='ocrx_word' id='word_1_179' title='bbox 757 2103 933 2148; x_wconf 78' lang='lat' dir='ltr'>auimo</span> <span class='ocrx_word' id='word_1_180' title='bbox 957 2103 1227 2161; x_wconf 71' lang='lat' dir='ltr'>obfirmato</span> <span class='ocrx_word' id='word_1_181' title='bbox 1251 2104 1395 2148; x_wconf 88' lang='lat' dir='ltr'>tueri.</span> <span class='ocrx_word' id='word_1_182' title='bbox 1426 2110 1441 2130; x_wconf 72' lang='lat'><strong><em>⁶</em></strong></span> <span class='ocrx_word' id='word_1_183' title='bbox 1465 2103 1612 2159; x_wconf 69' lang='lat' dir='ltr'>Apud</span> <span class='ocrx_word' id='word_1_184' title='bbox 1632 2119 1710 2148; x_wconf 90' lang='lat' dir='ltr'>ar-</span> 
     </span>
     <span class='ocr_line' id='line_1_25' title="bbox 80 2180 1710 2238; baseline -0.001 -12"><span class='ocrx_word' id='word_1_185' title='bbox 80 2181 443 2238; x_wconf 89' lang='lat' dir='ltr'>chiepiscopum</span> <span class='ocrx_word' id='word_1_186' title='bbox 480 2181 830 2233; x_wconf 79' lang='lat' dir='ltr'>coloniensem,</span> <span class='ocrx_word' id='word_1_187' title='bbox 868 2182 1030 2238; x_wconf 84' lang='lat' dir='ltr'>quoad</span> <span class='ocrx_word' id='word_1_188' title='bbox 1055 2180 1159 2226; x_wconf 87' lang='lat' dir='ltr'>fieri</span> <span class='ocrx_word' id='word_1_189' title='bbox 1194 2190 1372 2237; x_wconf 80' lang='lat' dir='ltr'>potest,</span> <span class='ocrx_word' id='word_1_190' title='bbox 1399 2181 1603 2237; x_wconf 82' lang='lat' dir='ltr'>negotia</span> <span class='ocrx_word' id='word_1_191' title='bbox 1628 2196 1710 2225; x_wconf 89' lang='lat' dir='ltr'>no-</span> 
     </span>
     <span class='ocr_line' id='line_1_26' title="bbox 81 2258 1712 2314; baseline 0 -11"><span class='ocrx_word' id='word_1_192' title='bbox 81 2268 185 2303; x_wconf 86' lang='lat' dir='ltr'>stra</span> <span class='ocrx_word' id='word_1_193' title='bbox 224 2268 500 2314; x_wconf 88' lang='lat' dir='ltr'>promouet.</span> <span class='ocrx_word' id='word_1_194' title='bbox 543 2258 926 2303; x_wconf 85' lang='lat' dir='ltr'>Bartholomeus</span> <span class='ocrx_word' id='word_1_195' title='bbox 966 2268 1133 2303; x_wconf 90' lang='lat' dir='ltr'>autem</span> <span class='ocrx_word' id='word_1_196' title='bbox 1174 2259 1432 2310; x_wconf 74' lang='lat' dir='ltr'>Latomus,</span> <span class='ocrx_word' id='word_1_197' title='bbox 1481 2259 1622 2303; x_wconf 90' lang='lat' dir='ltr'>simul</span> <span class='ocrx_word' id='word_1_198' title='bbox 1664 2268 1712 2303; x_wconf 90' lang='lat' dir='ltr'>et</span> 
     </span>
     <span class='ocr_line' id='line_1_27' title="bbox 80 2334 1708 2393; baseline -0.001 -12"><span class='ocrx_word' id='word_1_199' title='bbox 80 2336 398 2392; x_wconf 84' lang='lat' dir='ltr'>prouincialis</span> <span class='ocrx_word' id='word_1_200' title='bbox 423 2336 857 2381; x_wconf 84' lang='lat' dir='ltr'>carthusianorum</span> <span class='ocrx_word' id='word_1_201' title='bbox 882 2337 928 2381; x_wconf 90' lang='lat' dir='ltr'>in</span> <span class='ocrx_word' id='word_1_202' title='bbox 964 2336 1211 2390; x_wconf 70' lang='lat' dir='ltr'>Heluetia,</span> <span class='ocrx_word' id='word_1_203' title='bbox 1249 2346 1406 2393; x_wconf 79' lang='lat' dir='ltr'>agunt</span> <span class='ocrx_word' id='word_1_204' title='bbox 1440 2334 1708 2381; x_wconf 80' lang='lat' dir='ltr'>Societatis</span> 
     </span>
     <span class='ocr_line' id='line_1_28' title="bbox 80 2411 1709 2469; baseline -0.001 -12"><span class='ocrx_word' id='word_1_205' title='bbox 80 2423 247 2468; x_wconf 87' lang='lat' dir='ltr'>partes</span> <span class='ocrx_word' id='word_1_206' title='bbox 272 2413 401 2469; x_wconf 91' lang='lat' dir='ltr'>apud</span> <span class='ocrx_word' id='word_1_207' title='bbox 424 2412 621 2458; x_wconf 87' lang='lat' dir='ltr'>Rmum.</span> <span class='ocrx_word' id='word_1_208' title='bbox 649 2413 1074 2469; x_wconf 88' lang='lat' dir='ltr'>archiepiscopum</span> <span class='ocrx_word' id='word_1_209' title='bbox 1099 2413 1427 2458; x_wconf 89' lang='lat' dir='ltr'>triuerensem</span> <span class='ocrx_word' id='word_1_210' title='bbox 1451 2414 1481 2457; x_wconf 69' lang='lat'>⁴2.</span> <span class='ocrx_word' id='word_1_211' title='bbox 1511 2412 1637 2457; x_wconf 89' lang='lat' dir='ltr'>Hinc</span> <span class='ocrx_word' id='word_1_212' title='bbox 1657 2411 1709 2457; x_wconf 86' lang='lat' dir='ltr'>fit</span> 
     </span>
     <span class='ocr_line' id='line_1_29' title="bbox 81 2488 1709 2547; baseline 0.001 -13"><span class='ocrx_word' id='word_1_213' title='bbox 81 2490 218 2546; x_wconf 79' lang='lat' dir='ltr'>quod</span> <span class='ocrx_word' id='word_1_214' title='bbox 237 2489 255 2516; x_wconf 79' lang='lat'>‘¹</span> <span class='ocrx_word' id='word_1_215' title='bbox 292 2490 430 2535; x_wconf 89' lang='lat' dir='ltr'>multi</span> <span class='ocrx_word' id='word_1_216' title='bbox 456 2505 482 2535; x_wconf 91' lang='lat' dir='ltr'>e</span> <span class='ocrx_word' id='word_1_217' title='bbox 507 2488 760 2536; x_wconf 83' lang='lat' dir='ltr'>Societate</span> <span class='ocrx_word' id='word_1_218' title='bbox 784 2500 1098 2547; x_wconf 74' lang='lat' dir='ltr'>expetantur.</span> <span class='ocrx_word' id='word_1_219' title='bbox 1134 2490 1396 2535; x_wconf 84' lang='lat' dir='ltr'>Cernimus</span> <span class='ocrx_word' id='word_1_220' title='bbox 1431 2491 1608 2546; x_wconf 84' lang='lat' dir='ltr'>ubique</span> <span class='ocrx_word' id='word_1_221' title='bbox 1643 2490 1709 2535; x_wconf 88' lang='lat' dir='ltr'>lo-</span> 
     </span>
     <span class='ocr_line' id='line_1_30' title="bbox 81 2567 1708 2613; baseline 0.001 -1"><span class='ocrx_word' id='word_1_222' title='bbox 81 2581 251 2612; x_wconf 87' lang='lat' dir='ltr'>corum</span> <span class='ocrx_word' id='word_1_223' title='bbox 294 2583 503 2613; x_wconf 89' lang='lat' dir='ltr'>messem</span> <span class='ocrx_word' id='word_1_224' title='bbox 546 2568 997 2613; x_wconf 79' lang='lat' dir='ltr'>foecundissimam.</span> <span class='ocrx_word' id='word_1_225' title='bbox 1047 2568 1288 2613; x_wconf 89' lang='lat' dir='ltr'>Dominus</span> <span class='ocrx_word' id='word_1_226' title='bbox 1322 2568 1458 2613; x_wconf 90' lang='lat' dir='ltr'>Deus</span> <span class='ocrx_word' id='word_1_227' title='bbox 1494 2574 1510 2593; x_wconf 62' lang='lat' dir='ltr'><strong>e</strong></span> <span class='ocrx_word' id='word_1_228' title='bbox 1545 2567 1708 2613; x_wconf 88' lang='lat' dir='ltr'>mittat</span> 
     </span>
     <span class='ocr_line' id='line_1_31' title="bbox 83 2645 854 2702; baseline 0.001 -12"><span class='ocrx_word' id='word_1_229' title='bbox 83 2645 340 2702; x_wconf 88' lang='lat' dir='ltr'>operarios</span> <span class='ocrx_word' id='word_1_230' title='bbox 365 2646 416 2690; x_wconf 74' lang='lat' dir='ltr'>z‘lz</span> <span class='ocrx_word' id='word_1_231' title='bbox 442 2660 662 2691; x_wconf 43' lang='lat' dir='ltr'>messeufz</span> <span class='ocrx_word' id='word_1_232' title='bbox 685 2660 854 2691; x_wconf 77' lang='lat' dir='ltr'>suam.</span> 
     </span>
    </p>
   </div>
   <div class='ocr_carea' id='block_1_3' title="bbox 141 2722 166 2731">
    <p class='ocr_par' dir='ltr' id='par_1_5' title="bbox 141 2722 166 2731">
     <span class='ocr_line' id='line_1_32' title="bbox 141 2722 166 2731; baseline 0 -3"><span class='ocrx_word' id='word_1_233' title='bbox 141 2722 166 2731; x_wconf 72' lang='grc'>.-</span> 
     </span>
    </p>
   </div>
   <div class='ocr_carea' id='block_1_4' title="bbox 145 2722 1707 2780">
    <p class='ocr_par' dir='ltr' id='par_1_6' title="bbox 145 2722 1707 2780">
     <span class='ocr_line' id='line_1_33' title="bbox 145 2722 1707 2780; baseline 0.001 -14"><span class='ocrx_word' id='word_1_234' title='bbox 145 2733 181 2766; x_wconf 75' lang='lat' dir='ltr'>s.</span> <span class='ocrx_word' id='word_1_235' title='bbox 247 2722 418 2768; x_wconf 87' lang='lat' dir='ltr'>Rmus.</span> <span class='ocrx_word' id='word_1_236' title='bbox 446 2723 850 2780; x_wconf 88' lang='lat' dir='ltr'>archiepiscopus</span> <span class='ocrx_word' id='word_1_237' title='bbox 874 2723 1185 2770; x_wconf 81' lang='lat' dir='ltr'>coloniensis.</span> <span class='ocrx_word' id='word_1_238' title='bbox 1214 2722 1456 2767; x_wconf 90' lang='lat' dir='ltr'>demortui</span> <span class='ocrx_word' id='word_1_239' title='bbox 1492 2723 1707 2779; x_wconf 90' lang='lat' dir='ltr'>episcopi</span> 
     </span>
    </p>
   </div>
   <div class='ocr_carea' id='block_1_5' title="bbox 87 2833 350 2837">
    <p class='ocr_par' dir='ltr' id='par_1_7' title="bbox 87 2833 350 2837">
     <span class='ocr_line' id='line_1_34' title="bbox 87 2833 350 2837; baseline 0 0"><span class='ocrx_word' id='word_1_240' title='bbox 87 2833 350 2837; x_wconf 95' lang='lat' dir='ltr'> </span> 
     </span>
    </p>
   </div>
   <div class='ocr_carea' id='block_1_6' title="bbox 129 2889 1521 2928">
    <p class='ocr_par' dir='ltr' id='par_1_8' title="bbox 129 2889 1521 2928">
     <span class='ocr_line' id='line_1_35' title="bbox 129 2889 1521 2928; baseline 0.001 -3"><span class='ocrx_word' id='word_1_241' title='bbox 129 2897 147 2917; x_wconf 77' lang='lat' dir='ltr'>fl</span> <span class='ocrx_word' id='word_1_242' title='bbox 198 2890 380 2927; x_wconf 86' lang='lat' dir='ltr'>haerecis</span> <span class='ocrx_word' id='word_1_243' title='bbox 400 2902 480 2928; x_wconf 80' lang='lat' dir='ltr'>ms.</span> <span class='ocrx_word' id='word_1_244' title='bbox 535 2892 600 2917; x_wconf 81' lang='lat' dir='ltr'>——b</span> <span class='ocrx_word' id='word_1_245' title='bbox 633 2896 801 2928; x_wconf 85' lang='lat' dir='ltr'>nostras.</span> <span class='ocrx_word' id='word_1_246' title='bbox 855 2899 918 2918; x_wconf 73' lang='lat' dir='ltr'>—C</span> <span class='ocrx_word' id='word_1_247' title='bbox 949 2898 1001 2928; x_wconf 87' lang='lat' dir='ltr'>et.</span> <span class='ocrx_word' id='word_1_248' title='bbox 1058 2890 1122 2916; x_wconf 77' lang='lat' dir='ltr'>—d</span> <span class='ocrx_word' id='word_1_249' title='bbox 1156 2898 1209 2925; x_wconf 70' lang='lat' dir='ltr'>vt.</span> <span class='ocrx_word' id='word_1_250' title='bbox 1266 2895 1326 2915; x_wconf 70' lang='grc' dir='ltr'>-Ε</span> <span class='ocrx_word' id='word_1_251' title='bbox 1359 2889 1399 2925; x_wconf 91' lang='lat' dir='ltr'>in</span> <span class='ocrx_word' id='word_1_252' title='bbox 1419 2903 1521 2926; x_wconf 87' lang='lat' dir='ltr'>eam.</span> 
     </span>
    </p>
   </div>
   <div class='ocr_carea' id='block_1_7' title="bbox 131 3061 1040 3170">
    <p class='ocr_par' dir='ltr' id='par_1_9' title="bbox 131 3061 1040 3170">
     <span class='ocr_line' id='line_1_36' title="bbox 131 3061 1040 3111; baseline -0.003 -11"><span class='ocrx_word' id='word_1_253' title='bbox 131 3065 140 3083; x_wconf 87' lang='lat'>¹</span> <span class='ocrx_word' id='word_1_254' title='bbox 193 3062 256 3100; x_wconf 72' lang='lat' dir='ltr'>Cf.</span> <span class='ocrx_word' id='word_1_255' title='bbox 279 3077 371 3110; x_wconf 85' lang='lat' dir='ltr'>pag.</span> <span class='ocrx_word' id='word_1_256' title='bbox 392 3065 474 3107; x_wconf 83' lang='lat'>300,</span> <span class='ocrx_word' id='word_1_257' title='bbox 495 3061 630 3111; x_wconf 84' lang='lat' dir='ltr'>inqua</span> <span class='ocrx_word' id='word_1_258' title='bbox 649 3065 795 3101; x_wconf 85' lang='lat' dir='ltr'>dicitur</span> <span class='ocrx_word' id='word_1_259' title='bbox 815 3064 1040 3101; x_wconf 81' lang='lat' dir='ltr'>Micander.</span> 
     </span>
     <span class='ocr_line' id='line_1_37' title="bbox 131 3122 685 3170; baseline 0 -10"><span class='ocrx_word' id='word_1_260' title='bbox 131 3123 143 3142; x_wconf 80' lang='lat'><strong>²</strong></span> <span class='ocrx_word' id='word_1_261' title='bbox 194 3122 257 3160; x_wconf 82' lang='lat' dir='ltr'>Cf.</span> <span class='ocrx_word' id='word_1_262' title='bbox 279 3136 371 3170; x_wconf 83' lang='lat' dir='ltr'>pag.</span> <span class='ocrx_word' id='word_1_263' title='bbox 392 3123 473 3169; x_wconf 81' lang='lat'>301,</span> <span class='ocrx_word' id='word_1_264' title='bbox 495 3129 630 3162; x_wconf 81' lang='lat' dir='ltr'>annot.</span> <span class='ocrx_word' id='word_1_265' title='bbox 656 3125 685 3160; x_wconf 84' lang='lat'>1.</span> 
     </span>
    </p>
   </div>
  </div>
 </body>
</html>
