2051 3516
372 310 440 345 780
842 307 913 343 [ΛΤ
923 318 1056 343 ιἘκΑΕ
1083 308 1436 353 QUAmuMEs’rREs

384 406 425 448 3.
493 402 798 447 Coenobium
824 403 1071 458 quoddam
1091 403 1374 447 monialium
1398 403 1462 448 D.
1486 403 1768 460 Benedicti,
1790 405 1948 449 lucius

325 478 643 524 smzctz'ssimi
660 479 832 534 patris
855 479 1057 523 decreta
1081 483 1425 535 contemnens,
1458 494 1518 523 eo
1552 480 1822 525 deuenerat
1855 480 1945 525 dis-

326 555 598 609 solutionis,
637 554 1182 611 praeuaricationisque
1217 564 1268 599 ut
1303 555 1354 599 in
1390 555 1573 612 quihus
1607 555 1757 600 rebus
1793 557 1948 601 totius

327 631 644 675 monasticae
660 631 799 675 uitae
815 631 970 675 cardo
987 633 1220 687 uertitur,
1227 631 1541 688 foedissime
1555 631 1827 688 laberetur,
1848 632 1946 676 dis-

326 707 614 764 cerptisque
637 711 744 752 tam
767 708 908 751 sacri
929 707 1159 762 corporis
1189 707 1444 763 membris,
1487 723 1812 764 unaquaeque
1848 723 1946 752 mo-

326 783 467 827 nialis
491 783 725 828 alimenta
751 783 1072 838 undecunque
1098 794 1263 838 posset
1291 783 1608 839 peculiariter
1643 794 1689 828 et
1723 799 1947 829 seorsum

326 861 388 904 ab
412 860 519 904 aliis
544 870 862 916 corrogaret,
891 875 985 904 non
1007 860 1151 903 modo
1171 859 1234 904 ad
1255 861 1406 905 uitam
1426 860 1838 915 conseruandam,
1862 861 1950 904 sed

327 936 475 981 etiam
510 938 781 993 plerunque
823 937 883 981 ad
928 952 1044 981 suas
1084 937 1355 992 explendas
1388 937 1697 993 cupiditates,
1740 951 1949 993 cumque

326 1013 438 1057 huic
462 1014 593 1057 malo
618 1028 760 1058 nemo
787 1013 1082 1067 mederetur,
1112 1012 1262 1057 Pater
1283 1024 1450 1058 rector
1469 1022 1637 1057 noster
1663 1015 1674 1036 ¹
1700 1013 1803 1069 egit
1821 1013 1950 1068 apud

327 1090 609 1146 episcopum
634 1090 775 1135 huius
802 1090 936 1135 urbis
961 1091 982 1146 ²,
1000 1099 1052 1134 ut
1075 1090 1271 1135 illarum
1297 1090 1580 1134 monialium
1604 1091 1884 1146 petulantes
1903 1099 1950 1133 et

329 1166 634 1223 irreligiosos
658 1182 838 1219 mores,
868 1166 1052 1222 regulis
1077 1182 1106 1210 a
1130 1181 1182 1210 se
1207 1182 1363 1221 nuper
1393 1165 1720 1222 promulgatis
1754 1170 1948 1210 coerce-

328 1254 418 1299 ret,
446 1242 629 1299 quihus
650 1243 699 1288 si
715 1248 906 1298 parere
931 1243 1200 1299 noluerint,
1228 1256 1328 1287 non
1359 1242 1571 1287 dubium
1606 1246 1695 1299 est,
1722 1243 1843 1299 quin
1870 1255 1951 1285 res

327 1318 436 1363 Deo
465 1319 778 1375 gratissima
797 1319 995 1376 futm'cz
1027 1319 1116 1373 sits
1150 1330 1297 1375 atque
1332 1320 1568 1363 hactenus
1608 1318 1849 1375 quaedam
1889 1334 1951 1362 ex

328 1395 419 1440 illis
443 1396 734 1440 monialibus
759 1396 1078 1440 nobilioribus
1108 1406 1365 1451 permotae
1400 1395 1826 1440 cohortationibus
1860 1394 1950 1439 Pa-

328 1471 416 1516 tris
440 1472 664 1527 rectoris,
691 1472 769 1529 qui
795 1472 923 1528 apud
958 1488 1042 1516 eas
1078 1472 1248 1516 diebus
1283 1472 1482 1516 veneris
1516 1471 1801 1516 concionari
1836 1485 1951 1515 con-

328 1548 504 1604 sueuit,
532 1548 594 1592 ad
619 1563 810 1592 omnem
843 1549 973 1593 uitae
1007 1548 1400 1593 emendationem
1437 1558 1645 1604 paratae
1679 1556 1808 1603 sunt,
1845 1547 1951 1592 reli-

328 1623 436 1680 quis
459 1623 873 1679 dissentientibus,
900 1624 946 1668 in
972 1639 1094 1680 quas
1119 1624 1402 1669 admodum
1426 1623 1557 1668 Rstus
1589 1623 1798 1668 Catinae
1832 1623 1951 1669 anti-
2002 1658 2004 1661 -

328 1711 428 1746 stes
461 1703 750 1757 quaestione
786 1702 953 1746 habita
993 1702 1240 1757 certisque
1279 1701 1447 1757 poenis
1492 1700 1731 1757 irrogatis
1770 1701 1952 1746 anima-

333 1779 565 1823 duertere
589 1779 826 1824 decreuit.

386 1855 430 1899 4.
499 1855 572 1899 De
597 1855 777 1900 scholis
799 1856 1148 1900 catanensibus
1183 1856 1276 1900 hoc
1311 1866 1499 1900 tantum
1533 1856 1708 1911 dicam,
1746 1854 1868 1900 Rde.
1907 1855 1953 1899 in

330 1931 419 1975 X.⁰
442 1931 611 1987 Pater,
643 1947 780 1988 spem
810 1932 959 1988 illam,
997 1948 1143 1988 quam
1177 1948 1273 1988 ego
1307 1948 1502 1989 semper
1533 1933 1696 1977 animo
1731 1932 1950 1988 concepi,

329 2007 439 2053 fore
477 2018 530 2053 ut
568 2009 802 2054 florentes
840 2024 1046 2054 numero
1085 2019 1133 2054 et
1171 2009 1312 2054 bonis
1350 2010 1699 2066 discipulorum
1734 2008 1952 2053 moribus

330 2085 618 2139 euaderent,
645 2086 879 2142 optimum
903 2095 1133 2131 euentum
1156 2086 1406 2131 habuisse.
1434 2087 1559 2131 Nam
1596 2101 1704 2131 cum
1728 2085 1805 2129 hic
1828 2085 1954 2129 duae

331 2161 425 2206 sint
449 2163 649 2216 classes,
677 2164 837 2207 altera
862 2163 930 2207 ita
954 2162 1141 2207 referta
1166 2174 1239 2208 est
1273 2163 1581 2208 multitudine
1615 2163 1950 2219 puerulorum,

332 2246 384 2283 ut
407 2240 574 2295 plures
597 2254 780 2295 capere
804 2255 899 2284 non
932 2239 1101 2296 possit,
1137 2241 1300 2285 altera
1333 2241 1511 2285 multos
1540 2239 1758 2284 continet
1789 2238 1952 2283 adole-

330 2326 543 2372 scentes,
569 2316 753 2372 optima
777 2315 1087 2371 ingeniorum
1105 2315 1266 2361 indole
1285 2317 1551 2373 praeditos,
1575 2316 1740 2371 plures
1764 2315 1954 2360 habitu·

332 2407 390 2438 ra
412 2393 469 2448 si,
497 2402 547 2437 ut
571 2407 844 2449 speramus,
872 2392 1007 2437 initio
1030 2392 1142 2437 huic
1165 2404 1368 2438 caetera
1392 2392 1773 2448 respondebunt.

420 2469 561 2514 Haec
585 2478 697 2514 sunt
721 2484 848 2526 quae
867 2468 1024 2514 Rdae.
1051 2469 1338 2525 paternitati
1363 2479 1478 2514 tuae
1498 2469 1759 2514 scribenda
1784 2483 1954 2514 occur-

333 2547 524 2602 rebant,
551 2546 691 2591 cuius
714 2545 1035 2591 sanctissimis
1061 2546 1367 2592 orationibus
1390 2555 1521 2592 totos
1545 2562 1633 2591 nos
1667 2546 1955 2602 qualescun-

334 2639 426 2680 que
469 2638 637 2668 sumus
681 2623 726 2667 in
772 2622 983 2667 Domino
1023 2623 1443 2668 commendamus.
1492 2621 1672 2667 Catina
1715 2622 1828 2667 Kal.
1870 2619 1954 2666 Se-

334 2699 590 2756 ptembris.

382 2919 392 2938 ¹
444 2917 623 2964 Collegii
641 2923 774 2954 rector
793 2923 881 2953 erat
899 2917 943 2953 P.
965 2916 1171 2953 Antonius
1189 2916 1338 2961 Vinck,
1359 2918 1428 2953 sed
1448 2929 1495 2953 eo
1523 2917 1691 2953 absente
1718 2918 1766 2953 ob
1794 2917 1955 2954 electio-

333 2989 426 3013 nem
444 2977 664 3024 praepositi
683 2977 902 3023 generalis,
924 2977 1084 3013 domum
1103 2976 1359 3023 gubernabat
1387 2976 1430 3012 P.
1461 2975 1650 3013 Sanctius
1677 2976 1876 3020 Navarro‚
1905 2977 1955 3013 de

334 3048 412 3082 quo
431 3035 533 3072 forte
553 3036 731 3082 loquitur
750 3036 945 3082 epistolae
965 3042 1117 3072 auctor.

382 3096 394 3115 ²
445 3095 637 3131 Nicolaus
657 3095 789 3133 Maria
809 3096 857 3131 de
878 3094 1137 3132 Caracciolis.
