2051 3516
516 299 875 336 25.-FLORENT1A
907 297 950 334 13
975 297 1213 334 FEBRUARH
1244 297 1332 333 1537
1630 297 1695 332 1123

57 453 66 459 ‘
105 398 439 455 prosequitur,
466 411 558 442 nec
581 395 685 441 sine
710 393 953 453 spirituali
976 394 1159 449 fructu,
1192 393 1271 450 qui
1308 392 1353 437 in
1389 393 1741 449 frequentatio-

104 491 165 520 ne
199 483 634 520 sacramentorum
675 482 886 530 apparet
925 481 974 517 et
1013 471 1151 530 uitae·
1186 470 1549 526 emendatione,
1591 470 1741 516 etiam

104 567 278 597 eorum
325 551 406 608 qui
446 551 581 608 prius
621 548 1004 607 frequentationi
1045 556 1475 593 sacramentorum
1515 547 1742 593 detrahe·

105 629 240 684 bant,
268 643 398 673 nunc
432 637 599 673 autem
633 636 681 673 et
716 635 1034 672 sacramenta
1068 625 1404 681 frequentant,
1441 635 1489 670 et
1523 625 1645 670 alios
1680 626 1741 671 ad

59 705 69 714 ”
103 714 425 750 sacramenta
449 704 714 761 pelliciunt,
742 713 790 750 et
814 703 898 748 uix
920 703 1072 748 ullum
1097 702 1329 748 solatium
1356 702 1614 759 recipiunt,
1652 704 1742 748 nisi

103 797 215 828 cum
239 783 319 828 uel
342 792 454 828 sunt
477 783 523 827 in
548 783 731 839 templo
750 790 940 837 nostro,
961 781 1039 826 uel
1059 789 1345 826 nostrorum
1366 780 1609 826 intersunt
1628 795 1741 826 con-

103 859 343 904 cionibus.
370 858 473 904 Imo
497 874 593 903 non
618 858 794 904 desunt
818 858 1014 914 aliquae
1037 866 1244 902 sanctae
1269 872 1328 902 ac
1353 856 1521 902 fideles
1545 857 1744 902 animae

103 944 205 981 tam
229 935 306 992 pie
330 936 390 981 de
413 935 554 981 nobis
577 936 860 992 sentientes,
887 944 940 980 ut
963 934 1153 991 perpeti
1174 949 1227 980 se
1245 934 1392 979 malle
1411 933 1743 990 profiteantur

104 1012 234 1057 mille
268 1021 472 1068 morteS,
499 1027 644 1069 quam
681 1028 710 1057 a
744 1012 900 1057 nostri
935 1011 1104 1068 templi
1138 1011 1273 1056 cultu
1308 1011 1578 1067 prohiberi:
1616 1022 1664 1058 et
1703 1012 1741 1057 si

102 1090 300 1147 quando
325 1089 439 1135 alibi
462 1089 664 1135 missam
691 1090 912 1146 audiunt,
948 1089 1248 1135 necessitate
1283 1098 1508 1146 coactae,
1545 1090 1744 1136 minime

103 1167 195 1213 sibi
221 1167 519 1213 satisfacere
544 1182 691 1224 posse
714 1167 992 1216 uideantur.

161 1246 204 1289 τ’).
272 1244 437 1300 Aliqui
462 1244 637 1290 eadem
662 1245 845 1301 pietate
869 1244 1101 1290 commoti
1123 1244 1406 1290 desiderant
1430 1254 1498 1300 ut,
1521 1259 1633 1290 cum
1652 1260 1744 1301 per

104 1332 312 1368 mortem
337 1322 407 1367 eis
431 1322 491 1367 de
516 1323 609 1368 hac
633 1323 736 1368 uita
760 1323 1017 1368 discedere
1042 1322 1327 1380 contigerit,
1361 1337 1542 1379 corpus
1566 1338 1742 1369 eorum

102 1399 149 1444 in
173 1400 345 1445 eodem
370 1400 555 1455 templo
588 1408 760 1445 nostro
795 1400 1082 1456 sepeliatur.
1120 1400 1304 1445 Dicunt
1338 1400 1488 1446 etiam
1523 1400 1740 1445 nonnulli

103 1491 155 1521 se
190 1491 373 1533 magno
407 1476 591 1522 nostris
630 1477 879 1533 obligatos
919 1492 1028 1522 esse
1068 1477 1232 1523 debito
1272 1477 1573 1534 gratiarum,
1611 1478 1741 1534 quod

102 1562 365 1609 postquam
391 1562 664 1609 coeperunt
687 1568 860 1598 eorum
887 1553 1126 1600 interesse
1160 1554 1496 1609 concionibUS‚
1534 1565 1636 1601 tum
1663 1555 1742 1600 de-

102 1645 235 1674 mum
259 1629 558 1685 resipuerint
583 1630 646 1675 ab
672 1629 728 1675 iis
752 1630 970 1676 tenebris
995 1631 1272 1677 uanitatum
1298 1641 1345 1677 et
1369 1632 1604 1678 uitiorum
1640 1632 1741 1689 qui-

105 1707 194 1751 bus
218 1721 270 1751 se
304 1715 411 1751 tota
446 1715 680 1752 anteacta
715 1707 818 1753 uita
853 1709 1110 1754 deuinctos
1145 1708 1297 1754 fuisse
1327 1720 1656 1766 cognoscunt,
1694 1719 1743 1756 et

102 1793 206 1829 tum
242 1784 437 1829 demum
471 1786 728 1841 coeperint
763 1785 875 1842 quid
910 1786 971 1832 sit
1005 1801 1124 1832 uere
1159 1787 1480 1833 christianum
1516 1802 1625 1833 esse
1660 1804 1741 1833 ex-

102 1861 270 1918 periri.

161 1944 204 1986 (i.
272 1942 406 1990 Inter
445 1945 533 1990 hos
568 1944 812 2001 quaedam
851 1952 925 1988 est
964 1942 1155 1998 mulier,
1199 1958 1261 1988 ex
1299 1942 1620 1988 concionibus
1658 1959 1740 1989 no—

102 2027 323 2065 strorum
349 2036 612 2077 conuersa,
642 2021 768 2066 adeo
800 2020 1131 2077 poenitentiae
1165 2020 1346 2075 dedita,
1373 2030 1426 2065 ut
1458 2020 1575 2065 nihil
1608 2021 1740 2067 aliud

101 2095 256 2142 faciat
280 2098 384 2144 siue
408 2098 732 2154 manducans,
760 2098 864 2143 siue
888 2098 1077 2148 bibens,
1104 2112 1190 2142 seu
1211 2097 1343 2142 aliud
1363 2098 1544 2154 aliquid
1564 2113 1738 2155 agens,

102 2188 250 2229 quam
274 2184 483 2231 peccata
507 2191 598 2221 sua
623 2175 806 2221 deflere
830 2184 877 2220 et
910 2190 1093 2231 corpus
1128 2189 1406 2230 macerare,
1445 2185 1739 2232 perpetuum

102 2250 327 2297 dolorem
353 2252 398 2298 in
423 2253 575 2299 corde
606 2253 811 2309 habens,
845 2252 976 2309 quod
1011 2252 1173 2298 Deum
1209 2251 1491 2298 offenderit.
1532 2252 1594 2298 Et
1628 2268 1740 2298 cum

102 2328 207 2385 ipsa
233 2330 333 2375 suis
359 2331 584 2376 manibus
611 2346 808 2388 panem,
836 2345 932 2387 quo
967 2330 1120 2375 uitam
1157 2345 1299 2376 suam
1334 2340 1601 2387 utcumque
1635 2345 1740 2376 sus-

102 2415 277 2462 tentat,
300 2406 383 2452 uix
404 2408 648 2464 acquirat,
671 2417 838 2453 tamen
864 2408 1016 2453 multa
1037 2407 1081 2452 in
1103 2407 1454 2453 eleemosinam
1477 2407 1737 2464 elargitur,

101 2497 163 2527 ea
187 2483 277 2528 sibi
301 2483 360 2529 de
380 2484 512 2529 uictu
538 2484 789 2541 auferens,
817 2499 1029 2540 eumque
1052 2484 1141 2529 sibi
1167 2484 1528 2540 sapidissimum
1560 2498 1738 2540 panem

102 2561 393 2607 existimans
417 2578 508 2619 pro
534 2561 833 2608 CHRISTO
859 2577 1036 2608 carere
1060 2577 1202 2619 pane.

164 2637 203 2682 7.
272 2638 322 2683 In
348 2648 520 2684 nostro
545 2649 711 2685 autem
746 2640 929 2696 templo
964 2654 993 2684 a
1027 2639 1198 2695 paucis
1232 2639 1343 2683 hinc
1377 2638 1547 2683 diebus
1586 2638 1740 2684 Pater

102 2713 306 2760 Fuluius
332 2717 343 2739 ¹
370 2715 655 2761 concionari
681 2715 858 2772 coepit.
887 2715 1051 2772 Quam
1076 2715 1300 2761 omnibus
1325 2724 1562 2771 acceptus
1586 2715 1664 2773 sit,
1691 2725 1740 2761 et

102 2791 338 2849 frequens
362 2793 664 2840 audientium
695 2809 949 2851 numerus,
986 2804 1034 2839 et
1068 2795 1333 2839 multorum
1369 2792 1696 2850 lachrym[ae]
1721 2796 1739 2814 ‘¹

151 2963 170 2979 ²¹
221 2962 423 3000 Abscissa
444 2963 596 3000 clmrta
616 2964 687 3000 lzz'c
706 2968 744 3000 et
763 2964 882 3009 iufra
904 2965 948 3000 in
970 2964 1174 3000 ‹nx-(remis
1196 2963 1401 2999 versibus.

155 3122 162 3139 ¹
217 3120 259 3156 P.
283 3120 454 3158 Fulvius
473 3121 708 3164 Androtius„
734 3121 847 3162 Ibid.‚
872 3121 949 3158 159.

248 3204 414 3230 LlTssfiRAE
439 3202 736 3236 QUADRIMESTRES.
759 3202 847 3230 TOM.
871 3203 905 3230 V.
1027 3233 1034 3235 Δ
1615 3203 1631 3226 ὃ·
