2051 3516
1996 0 2023 390 i

323 420 542 456 nostrum
568 410 710 454 situm
731 418 804 454 est
827 415 843 435 ³
868 411 897 466 1;
922 409 1224 453 iuuentutem
1244 408 1384 453 nobis
1404 405 1662 461 commisit,
1686 414 1734 450 et
1752 405 1814 449 ad
1834 420 1939 460 per·
2008 407 2009 410 ’

322 488 534 543 gendum
561 495 612 531 ut
634 485 885 541 coepimus
909 486 1149 530 hortatur.
1174 484 1243 529 Illi
1270 498 1463 540 quoque
1488 482 1566 538 qui
1597 481 1806 527 aliarum
1829 481 1940 525 bur-

322 579 490 608 sarum
514 570 643 619 sunt,
671 562 764 608 hoc
796 571 1022 607 nostrum
1056 561 1318 617 collegium
1353 567 1663 616 promouent,
1700 558 1793 602 huc
1827 557 1941 601 ado-

323 642 563 685 lescentes
587 639 852 695 adducunt,
875 647 922 683 et
946 637 1153 694 denique
1177 636 1459 694 praesentia
1483 651 1573 681 sua
1592 634 1942 690 discipulorum

323 715 707 761 declamationes
729 723 991 770 exornant,
1019 713 1065 758 id
1084 713 1214 770 quod
1238 713 1416 758 mirum
1441 711 1704 756 admodum
1729 719 1818 755 est.
1847 710 1942 754 De-

322 794 467 850 nique
509 807 679 837 omnes
716 791 868 837 foelix
912 791 1003 835 hoc
1047 790 1242 846 collegii
1292 789 1563 845 auspicium
1613 787 1940 832 admirantur.

324 870 467 926 Quod
492 870 551 914 R.
579 868 633 914 Ρ.
660 869 721 914 T.
749 868 978 926 precibus
997 867 1310 923 fratrumque
1340 866 1557 911 omnium
1592 879 1782 922 quoque
1816 879 1944 908 com-

324 946 745 992 mendatissimum
779 961 888 991 esse
921 944 1158 1000 cupimus;
1195 959 1291 999 quo
1326 943 1455 999 quod
1484 941 1696 987 feliciter
1720 950 1945 996 coeptum

324 1033 413 1081 est,
449 1023 673 1072 foelicius
707 1023 769 1068 ad
804 1023 896 1067 Dei
926 1021 1140 1079 gloriam
1170 1030 1218 1066 et
1242 1019 1548 1066 Germaniae
1571 1017 1945 1063 conuersionem

324 1102 630 1158 absoluatur;
664 1111 714 1145 ut
748 1100 807 1145 de
841 1098 1107 1144 coloniensi
1141 1096 1405 1142 Societatis
1439 1095 1650 1151 collegio
1684 1094 1947 1150 aliquando

329 1178 391 1223 V.
418 1178 478 1223 R.
505 1177 742 1234 gaudeat,
764 1177 901 1222 cuius
924 1190 1052 1220 nunc
1076 1174 1123 1219 in
1141 1174 1337 1219 nomine
1361 1173 1472 1218 Iesu
1490 1172 1810 1217 fundamenta
1834 1170 1947 1215 iaci·

324 1271 431 1300 mus
454 1254 491 1300 ¹³.
517 1254 667 1300 Vale.
695 1252 936 1299 Coloniae
960 1251 1220 1296 undecimo
1245 1251 1337 1296 cal.
1364 1249 1485 1295 Iunii
1510 1264 1638 1294 anno
1666 1248 1792 1293 1558.

412 1331 615 1377 lubente
639 1331 698 1375 R.
727 1330 780 1375 P.
806 1329 1070 1375 Leonardo
1095 1327 1291 1384 scripsit
1315 1326 1541 1372 minimus
1566 1325 1633 1370 V.
1661 1326 1721 1371 R.
1743 1324 1885 1380 filius,

366 318 435 354 672
830 314 956 351 LITTE
965 324 1046 350 ΒΑΕ
1075 313 1166 359 QUA
1173 321 1350 349 DRIMEsr
1356 322 1429 349 RES

1220 1422 1442 1467 IOANNES
1476 1420 1704 1465 RETHIUs
1738 1420 1769 1464 2.

414 1515 704 1572 Inscm'plio.
731 1518 759 1567 †
784 1514 909 1559 Rdo.
937 1514 983 1558 in
1015 1513 1215 1559 Christo
1246 1511 1400 1568 Patri,
1438 1511 1567 1555 Dno.
1604 1510 1786 1555 Iacobo
1821 1510 1949 1566 Lay-

326 1594 482 1650 nezio,
512 1593 699 1638 vicario
724 1592 947 1649 generali
971 1590 1236 1636 Societatis
1258 1587 1437 1634 [ESV.
1466 1588 1673 1633 Romae.
1983 1607 1985 1610 ⁴

416 1670 592 1728 Sz'gv'lli
612 1670 909 1727 vestigium.

419 1747 637 1792 Polanci
658 1760 836 1791 manu.
864 1745 1157 1791 Emendata.

1092 1946 1188 1997 169

973 2058 1315 2119 JOSEPHUS

886 2159 1036 2186 BURGIS
1062 2148 1108 2185 25
1134 2159 1229 2195 MAJI
1261 2148 1351 2184 1558
1376 2148 1402 2184 ⁵.

332 2231 363 2267 l.
387 2228 766 2275 Ingensfidelz'mn
787 2237 1024 2264 concursus
1043 2226 1104 2263 ad
1123 2224 1515 2271 confessiones—2.
1539 2224 1591 2261 In
1612 2235 1782 2261 carcere
1796 2223 1961 2260 detenti

404 2289 761 2326 excommun-3.
785 2287 911 2323 Bona
932 2287 1049 2323 male
1063 2289 1195 2332 parto
1217 2288 1256 2322 es
1269 2285 1371 2322 odia
1398 2287 1582 2330 antiqua
1604 2284 1748 2321 labore
1767 2283 1958 2320 Patmtm

403 2350 700 2385 restituuntur
716 2350 755 2383 et
775 2347 1112 2383 renzittmztur.—
1125 2345 1161 2381 4.
1185 2344 1409 2381 §candala
1429 2355 1598 2390 qnoque
1616 2345 1958 2388 cormgnntmc—

405 2409 439 2444 5.
476 2407 729 2444 Sacerdotes
760 2406 847 2442 duo
879 2404 1281 2450 irregulaVitatilms
1312 2404 1542 2450 implicati,
1577 2404 1778 2440 concione
1809 2402 1960 2438 Patris

404 2467 576 2510 andita,
600 2466 844 2503 renzedimn
863 2465 948 2501 sibi
964 2463 1284 2501 adlzihent.—6.
1307 2463 1496 2500 Fructus
1511 2474 1561 2500 ex
1576 2462 1848 2499 contionibus
1864 2466 1958 2507 per-

381 2619 397 2638 ³
430 2611 571 2648 Locus
592 2613 822 2655 corruptus
843 2610 888 2645 in
909 2609 1102 2653 exemplo
1122 2608 1367 2644 coloniensi.
1421 2607 1487 2633 „b
1521 2607 1554 2643 A
1587 2618 1626 2644 v.
1648 2606 1837 2652 Denique
1869 2615 1955 2642 non

336 2674 440 2708 sunt
458 2673 503 2707 in
523 2670 713 2706 HANSEN.

384 2818 392 2836 ¹
446 2815 578 2853 Situm
599 2819 687 2851 erat
706 2813 924 2860 collegium
944 2813 984 2848 in
1003 2811 1191 2859 paroecia
1210 2810 1282 2848 Sti.
1304 2810 1424 2857 Lupi.

384 2877 396 2895 2
448 2875 555 2912 Vide
575 2887 668 2921 pag.
689 2873 770 2916 237,
793 2877 927 2910 annot.
952 2873 985 2908 1.

383 2936 395 2954 ³
446 2934 508 2970 Ex
527 2934 716 2981 originali
734 2934 775 2970 in
794 2933 930 2969 codice
950 2932 1077 2977 Hisp.
1104 2931 1169 2972 96,
1190 2929 1213 2966 2
1231 2930 1287 2972 ff,
1309 2944 1375 2969 nn.
1397 2930 1454 2973 78,
1475 2930 1534 2972 79;
1556 2930 1665 2976 prius
1683 2928 1764 2972 362,
1785 2928 1868 2965 363.
1889 2927 1962 2965 Est

337 3000 376 3031 et
395 2994 504 3030 aliud
524 2994 754 3041 exemplum
774 2993 813 3028 in
834 2992 975 3028 eodem
995 2991 1129 3027 codice
1144 2989 1182 3028 ff.
1203 2989 1367 3026 106-107.
1390 2990 1535 3026 Exstat
1550 2989 1827 3036 apographum
1842 2988 1962 3035 paulo

336 3054 578 3100 castigatum
598 3053 637 3089 in
656 3053 820 3089 archivo
839 3051 1071 3093 coloniensi,
1093 3049 1199 3096 quod
1226 3048 1327 3085 falso
1355 3049 1543 3085 scribitur
1567 3049 1703 3085 datum
1731 3053 1873 3084 octavo
1900 3060 1962 3083 ca-

337 3113 476 3150 lendas
495 3112 614 3160 julias
636 3112 738 3149 1558.
