2051 3516
569 283 942 320 15O.—-FL0RENT1A
967 282 1014 319 26
1038 282 1199 319 MARTII
1228 282 1318 318 1558
1639 279 1706 315 581

122 382 263 427 nobis
298 396 420 437 opus
454 391 542 435 est,
580 380 754 436 quibus
789 395 878 425 nos
911 393 1081 424 omnes
1121 393 1184 422 ex
1222 377 1384 422 animo
1419 375 1569 421 etiam
1604 383 1755 431 atque

125 459 272 504 etiam
306 457 725 503 commendamus.
770 457 909 501 Haec
943 470 1070 512 quae
1109 454 1249 499 nobis
1287 454 1347 498 de
1387 454 1536 498 rebus
1574 451 1757 497 nostris

124 535 387 581 scribenda
411 545 568 580 erant.

214 611 364 670 Vale,
391 612 517 657 Reu.
546 611 712 656 Pater.

213 687 486 733 Ferrariae
511 687 605 732 XII
629 688 864 732 calendas
888 685 1104 742 Aprileis
1130 683 1457 730 M.D.LVIII.

214 764 402 810 Inutilis
425 779 602 810 seruus
626 762 892 809 Societatis
916 772 965 808 et
988 763 1048 807 R.
1078 761 1130 806 P.
1158 770 1290 817 tuae,

802 858 1023 903 IOANNES
1057 856 1262 902 PAULUs
1296 855 1630 900 MIRABELLUS
1664 856 1695 900 ¹.

213 962 319 1008 Pro
343 961 695 1017 inscriptione.
723 966 751 1013 †
775 960 1182 1016 Quadrimestres
1206 957 1551 1002 ferrarienses.

899 1197 994 1248 150

478 1317 545 1363 IN
550 1316 640 1363 ΝΟ
648 1315 943 1362 CENTIUS
987 1313 1409 1362 SPATAFORA

614 1433 849 1459 FLORENTIA
876 1422 923 1459 26
948 1431 1095 1458 MARTII
1124 1422 1214 1457 1555
1239 1421 1264 1457 2.

127 1521 159 1558 l.
180 1520 332 1557 Nostri
349 1521 394 1555 in
415 1519 570 1555 litteris
596 1529 648 1554 ac
674 1519 835 1563 spiritu
860 1514 1267 1562 pzsosicz'zcwzt.——2-10.
1289 1514 1492 1560 chcztuor
1515 1513 1762 1550 sacerdotes

196 1581 336 1617 sacris
366 1579 626 1615 mim'steiz'z's
657 1588 818 1623 magno
851 1588 952 1613 cum
973 1576 1130 1622 fructu
1162 1574 1443 1611 incumbunt:
1476 1573 1679 1610 Dz'dacus
1710 1572 1765 1609 de

199 1640 415 1683 Guzman,
462 1638 648 1675 Fulvius
682 1637 938 1679 Androtizcs,
977 1636 1175 1682 jacobus
1194 1633 1393 1681 flander,
1440 1633 1764 1670 Desiderins.—

196 1700 251 1736 11.
267 1698 568 1736 Flandrorum
584 1696 867 1744 quorundam
883 1697 997 1732 vitae
1009 1693 1322 1732 mutatio—12.
1340 1693 1408 1730 De
1418 1694 1511 1729 suis
1527 1694 1669 1738 iosias
1684 1694 1765 1729 mi-

196 1757 516 1796 nisteriis—13.
551 1757 614 1794 De
633 1758 912 1793 renovatione
929 1756 1258 1792 votornm.—l!i.
1288 1753 1355 1790 De
1378 1754 1578 1789 alumnis
1604 1754 1765 1789 nostris

197 1822 235 1856 et
266 1818 321 1854 de
349 1818 603 1854 studiormn
634 1814 1098 1853 instauratione—15.
1128 1814 1196 1850 De
1224 1813 1461 1850 sodalitate
1491 1812 1762 1859 quadam.-

198 1876 334 1914 16-18.
368 1877 675 1914 Conversiones
701 1875 925 1922 quaedam
945 1875 1221 1920 insigniores.
1241 1872 1350 1909 -19.
1385 1873 1543 1909 Crescit
1561 1872 1764 1916 confiten-

198 1938 311 1974 tium
332 1947 559 1973 numerus.

189 2035 227 2079 1.
295 2037 323 2085 †
357 2031 482 2078 IHS.
512 2032 620 2077 Pax
644 2031 758 2088 Xpi.
796 2030 1016 2087 Tempus
1050 2040 1140 2084 est,
1179 2029 1304 2074 Rde.
1342 2028 1388 2073 in
1424 2027 1553 2084 Xpo.
1593 2027 1762 2083 Pater,

128 2127 225 2168 quo
260 2110 319 2155 R.
358 2109 412 2155 P.
441 2109 499 2154 T.
537 2109 723 2154 certior
757 2107 843 2152 fiat
877 2107 936 2152 de
971 2107 1028 2152 iis
1063 2107 1212 2151 rebus
1245 2121 1373 2161 quae
1413 2120 1500 2161 per
1535 2104 1762 2159 indignos

129 2188 254 2234 filio's
278 2198 389 2233 tuos
413 2187 486 2232 his
510 2186 749 2244 proximis
773 2185 1023 2231 mensibus
1057 2185 1104 2230 in
1138 2185 1232 2229 hoc
1266 2182 1525 2228 florentino
1550 2181 1764 2237 collegio

128 2275 303 2324 gestae
327 2274 454 2310 sunt.
479 2264 526 2309 A
543 2273 828 2317 nostrorum
853 2263 1019 2318 itaque
1043 2260 1484 2307 exercitationibus
1508 2259 1762 2316 incipiens,

129 2343 193 2387 ad
217 2353 454 2388 externos
478 2356 635 2397 eaque
660 2355 788 2397 quae
812 2340 858 2384 in
884 2354 1054 2384 eorum
1080 2338 1342 2383 utilitatem
1361 2346 1508 2393 gesta
1531 2347 1660 2392 sunt,
1683 2336 1763 2382 de-

131 2420 343 2465 ueniam.

218 2496 517 2542 Nostrorum
542 2494 756 2540 omnium
781 2493 881 2550 (qui
916 2493 962 2537 in
997 2493 1090 2538 hoc
1124 2491 1384 2537 florentino
1417 2490 1628 2546 collegio
1652 2505 1764 2535 sex-

129 2574 289 2619 decim
324 2573 512 2629 sumus)
551 2571 710 2617 maior
745 2586 862 2628 pars
896 2570 1072 2615 litteris
1106 2569 1359 2615 incumbit.
1397 2567 1606 2612 Duobus
1635 2567 1765 2612 enim

130 2651 352 2708 exceptis
391 2651 624 2708 (quorum
668 2650 798 2694 alter
842 2663 992 2693 cocus
1036 2658 1132 2700 est,
1180 2648 1310 2692 alter
1354 2661 1440 2691 eas
1490 2661 1571 2690 res
1620 2654 1767 2691 curat

130 2728 513 2785 comparandas,
541 2743 669 2784 quae
693 2726 833 2772 nobis
857 2735 969 2771 sunt
992 2725 1055 2770 ad
1081 2725 1263 2770 uictum
1288 2724 1572 2780 cultumque
1596 2738 1763 2768 neces-

181 2911 190 2929 ¹
245 2909 350 2945 Vide
369 2907 567 2954 superius,
590 2919 682 2952 pag.
703 2905 786 2949 3⁴29,
807 2911 946 2941 annot.
975 2905 1007 2941 1.

178 2969 191 2988 ²
246 2968 309 3005 Ex
328 2967 579 3014 autographo
598 2967 637 3002 in
653 2966 788 3002 codice
804 2965 931 3002 Rom.
953 2964 1033 3001 126
1049 2964 1084 3000 A
1102 2967 1140 3000 et
1154 2963 1237 3000 126
1249 2963 1303 3005 Β,
1319 2962 1342 2999 3
1355 2962 1413 3007 ff„
1431 2975 1498 2999 nn.
1515 2961 1638 3007 46-483
1654 2961 1765 3009 prius

129 3028 188 3066 60.
208 3027 424 3065 Praecedit
443 3026 674 3073 exemplum
693 3025 835 3061 italum
854 3025 895 3060 in
913 3023 954 3060 ff.
972 3023 1094 3059 42-45.
1114 3022 1346 3060 Secundum
1366 3022 1556 3064 HANSEN,
1586 3021 1765 3058 Rheim'-

131 3089 231 3125 sche
248 3088 415 3124 Aleten..
441 3116 447 3127 ,
467 3085 549 3127 766,
572 3090 633 3122 est
652 3085 931 3132 apographum
952 3083 1166 3120 Coloniae.
