2051 3516
625 291 925 329 73.—COLox1A
958 292 1001 327 14
1022 291 1132 338 Jcmi
1164 292 1252 327 1:337
1637 292 1703 328 301

181 387 249 432 15.
315 386 464 444 Apud
489 387 915 444 archiepiscopum
940 396 1282 432 treuerensem
1324 388 1335 410 ¹
1362 386 1510 432 habet
1539 386 1601 432 D.
1630 387 1751 432 Bar-

118 463 454 508 tholomaeum
492 464 775 520 Latomum,
814 464 954 509 cuius
989 463 1035 508 in
1071 461 1367 507 Ciceronem
1404 457 1753 512 annotationes

118 549 167 585 et
190 549 366 585 contra
395 540 677 586 haereticos
711 541 859 586 libelli
893 539 1110 585 nonnulli
1145 548 1333 584 extant.
1372 539 1538 584 Habet
1572 540 1751 585 ibidem

118 617 491 663 carthusianum
529 617 856 674 visitatorem,
895 617 1113 674 priorem
1148 617 1194 661 in
1228 616 1476 662 Heluetia.
1506 616 1602 661 Iste
1627 618 1752 663 alias

116 694 218 750 egit
242 710 354 740 curn
378 695 758 752 archiepiscopo
784 696 842 740 de
866 694 1050 739 nostris
1070 694 1309 751 erigendo
1329 694 1542 749 collegio
1568 694 1752 740 Treue-

117 771 200 816 ris:
228 781 435 817 acturus
459 772 573 817 item
599 772 764 818 statim
789 781 937 828 atque
962 771 1024 816 ad
1045 787 1156 816 eum
1177 771 1398 816 redierit.
1421 770 1652 828 Aliquem
1670 787 1751 817 no-

117 859 272 894 strum
298 864 466 894 secum
490 849 562 894 ire
586 858 808 906 exoptat,
834 848 1189 905 negotiumque
1212 847 1359 894 facile
1393 846 1752 893 conficiendum

116 934 273 982 putat.
299 925 394 971 Hic
428 926 577 971 etiam
611 927 740 972 scire
775 926 906 982 cupit
941 926 1055 982 quid
1091 926 1270 982 ubique
1305 935 1558 970 terrarum
1588 925 1754 970 diuina

116 1002 312 1048 bonitas
346 1018 434 1059 per
467 1001 772 1048 Societatem
813 1012 952 1060 agat,
995 1017 1091 1059 quo
1126 1002 1421 1047 uisitationis
1460 1001 1627 1059 gratia
1667 1017 1755 1059 per

116 1077 443 1124 Germaniam
488 1079 826 1136 proficiscenS,
864 1078 1166 1125 Societatem
1203 1088 1409 1135 propter
1447 1078 1626 1136 Deum,
1668 1088 1755 1124 aut

117 1156 279 1201 Deum
302 1156 348 1201 in
374 1154 628 1202 Societate
653 1157 818 1202 multis
841 1157 1192 1202 commendare
1217 1164 1381 1213 queat.
1419 1156 1609 1201 Diebus
1644 1172 1753 1212 pro-

116 1233 261 1279 ximis
284 1233 330 1278 in
355 1234 753 1291 congregatione
776 1234 935 1280 carth.
963 1234 1320 1279 coloniensium
1351 1233 1525 1279 literas
1559 1234 1753 1290 quadri-

116 1321 326 1357 mestres
349 1312 606 1357 uariorum
630 1312 974 1369 collegiorum,
1009 1312 1160 1367 longa
1185 1311 1463 1368 praemissa
1487 1310 1754 1356 Societatis

116 1389 563 1445 commendatione,
607 1388 745 1445 legit,
786 1389 1084 1446 prolixaque
1119 1389 1286 1434 addita
1322 1388 1750 1444 interpretatione.

116 1466 324 1511 Multum
348 1467 653 1512 carthusiani
678 1464 983 1512 Societatem
1011 1476 1306 1523 promouent
1325 1466 1370 1510 in
1391 1465 1618 1511 omnibus
1639 1466 1748 1511 uici-

118 1545 191 1590 nis
216 1544 498 1601 prouinciis.

178 1621 245 1667 16.
313 1621 461 1678 Apud
485 1622 768 1679 episcopum
794 1622 1097 1667 mindensem
1132 1623 1147 1646 ‘2
1171 1620 1400 1667 Societas
1424 1622 1575 1666 habet
1609 1622 1752 1667 licen-

115 1698 290 1744 tiatum
330 1699 591 1744 Matthiam
630 1699 968 1757 Kirspensem.
1016 1699 1114 1744 Iste
1154 1699 1199 1744 id
1245 1700 1350 1755 agit
1394 1709 1445 1745 ut
1491 1699 1754 1757 episcopus

114 1776 314 1822 Mindae
338 1776 521 1822 nostris
545 1777 812 1833 collegium
837 1777 1018 1834 erigat.
1057 1777 1190 1822 Misit
1224 1777 1487 1834 episcopus
1519 1778 1754 1822 honestas

116 1854 376 1911 aliquoties
401 1855 463 1900 ad
487 1870 578 1899 nos
603 1855 898 1911 legationes,
920 1855 1095 1911 primo
1120 1854 1394 1911 docforem,
1432 1854 1752 1900 licentim‘mn

115 1936 164 1977 et
183 1933 531 1978 sacellanum:
553 1936 663 1977 tum
695 1933 825 1978 dnos
857 1933 1170 1978 licentiatos:
1199 1937 1320 1988 post
1352 1933 1673 1977 licentiasecm.
1707 1937 1755 1977 et

116 2010 279 2056 alima
302 2010 577 2056 honestum
602 2011 792 2056 uirum.
831 2010 1026 2056 Verum
1061 2010 1175 2067 quia
1210 2026 1307 2055 non
1341 2011 1606 2055 uidebatur
1642 2026 1750 2055 esse

114 2087 370 2143 negotium
406 2087 535 2144 quod
569 2088 778 2144 transigi
815 2087 1074 2133 commode
1098 2097 1265 2144 posset
1290 2103 1399 2133 cum
1426 2087 1625 2144 ignotis:
1653 2087 1751 2143 egi-

116 2180 223 2210 mus
246 2165 447 2210 tandem
472 2180 583 2210 cum
609 2166 843 2222 episcopo
867 2180 956 2222 per
980 2166 1140 2210 solum
1176 2165 1483 2210 licentiatum
1518 2165 1750 2221 Kirspen-

115 2258 234 2288 sem.
263 2242 410 2288 Petiit
443 2258 473 2288 a
507 2243 648 2288 nobis
683 2243 945 2299 episcopus
979 2243 1137 2299 primo
1168 2242 1568 2299 suffraganeum,
1607 2258 1750 2298 quem

115 2335 226 2365 cum
250 2336 348 2365 non
373 2320 638 2375 obtineret,
667 2321 774 2366 dari
798 2321 887 2366 sibi
913 2321 1100 2377 cupiuit
1125 2320 1531 2366 concionatorem
1563 2329 1610 2365 et
1636 2319 1751 2364 ludi-

117 2397 428 2454 magistrum:
457 2406 567 2454 post
591 2398 745 2443 multa
769 2398 969 2443 tandem
995 2398 1088 2443 hoc
1112 2413 1405 2454 responsum
1432 2407 1521 2444 est,
1560 2406 1609 2441 ut
1636 2397 1749 2441 libe-

117 2474 291 2520 raliter
323 2475 576 2531 perpetuis
611 2475 884 2521 redditibus
923 2475 1194 2532 prospiciat
1232 2475 1472 2520 fratribus
1512 2474 1573 2519 ad
1615 2473 1750 2519 mini-

118 2567 248 2596 mum
273 2551 462 2597 decem:
486 2563 532 2598 et
556 2563 657 2597 tum
681 2568 770 2597 nos
794 2568 893 2598 una
917 2568 1029 2598 cum
1054 2552 1159 2609 ipso
1184 2553 1245 2597 ad
1270 2552 1331 2597 R.
1360 2552 1417 2597 T.
1456 2552 1746 2608 scripturos,

116 2628 155 2673 si
181 2629 294 2685 quid
317 2629 449 2675 forte
473 2630 686 2675 obtineri
710 2632 893 2675 ualeat.
922 2630 1119 2675 Verum
1143 2630 1321 2675 adesse
1342 2630 1519 2674 uellem
1540 2629 1601 2674 D.
1625 2629 1750 2675 Leo-

116 2706 342 2765 nardum,
369 2723 429 2752 ne
453 2707 568 2764 quid
592 2707 949 2764 imprudentius
974 2723 1003 2752 a
1027 2707 1167 2753 nobis
1192 2706 1237 2751 in
1262 2707 1355 2751 hoc
1381 2715 1582 2763 agatur.

178 2783 245 2829 17.
316 2783 481 2830 Habet
505 2794 553 2830 et
577 2770 707 2841 apud
731 2784 856 2830 alios
880 2784 1127 2841 principes
1146 2793 1199 2829 vt
1218 2784 1556 2840 iuliacensem,
1583 2799 1750 2830 mona-

117 2861 425 2919 steriensem,
459 2862 903 2918 paterbornensem
936 2870 1086 2918 atque
1118 2861 1545 2917 osnaburgensem
1581 2859 1748 2906 Socie-

164 3041 175 3059 ¹
223 3039 403 3086 Joannes
422 3053 446 3076 a
464 3039 591 3076 Petra
610 3042 703 3085 (von
721 3040 794 3077 der
812 3039 990 3087 Leyen).

165 3099 178 3118 ²
229 3098 337 3136 Vide
351 3112 444 3146 pag.
465 3098 548 3145 233,
571 3105 706 3136 annot.
728 3099 762 3135 3.
