2051 3516
396 354 466 392 658
861 355 1016 392 LITTER
1024 366 1046 390 A
1054 365 1079 390 E
1105 354 1461 399 QUADRIMESTRES

408 451 449 495 4.
518 450 751 506 Vndique
785 451 910 495 enim
945 450 1005 495 ad
1040 451 1134 495 hoc
1167 450 1433 507 collegium
1457 467 1586 496 nunc
1619 451 1885 508 confluunt,
1920 461 1968 498 et

350 526 541 582 quidem
582 534 719 571 tanto
758 542 980 583 numero,
1019 535 1069 571 ut
1103 536 1306 572 senatus
1339 527 1575 583 gaudeat,
1612 536 1660 573 et
1694 527 1855 573 cuncti
1887 528 1968 573 mi-

350 612 538 648 rentur.
566 602 617 646 In
643 603 747 647 solo
777 603 1005 648 conuictu
1036 619 1164 648 nunc
1197 603 1547 660 quinquaqinta
1571 613 1758 659 septem
1783 619 1965 661 sumus,

350 694 412 725 ex
436 680 627 736 quibus,
656 689 708 725 ut
742 681 877 725 multi
910 681 1004 725 iam
1037 678 1302 726 Societatis
1332 691 1459 737 sunt,
1493 681 1559 726 ita
1588 681 1756 737 plures
1787 681 1834 726 in
1869 682 1970 727 dies

349 772 457 801 esse
482 757 663 801 uolent.
692 756 800 802 Non
824 757 891 802 ita
916 757 1098 801 multae
1131 756 1438 813 septimanae
1461 758 1661 813 elapsae
1686 768 1812 814 sunt,
1841 758 1968 814 quod

348 841 450 878 tres
474 832 667 889 egregii
691 833 1031 879 adolescentes
1055 842 1103 878 et
1127 842 1337 878 naturae
1371 833 1567 879 dotibus
1601 835 1802 890 pulchre
1827 850 1967 880 exor-

349 910 465 966 nati,
493 910 622 966 apud
646 926 733 955 nos
759 927 885 955 nunc
921 909 1178 966 dialectici,
1206 926 1258 955 se
1283 910 1520 955 Societati
1553 911 1863 956 tradiderunt
1887 913 1965 957 ob-

348 986 460 1032 nixe
505 996 756 1044 rogantes,
799 998 850 1032 ut
890 987 1078 1032 admitti
1124 988 1337 1043 ualeant,
1381 1003 1589 1043 quorum
1628 1003 1753 1033 unus
1795 988 1969 1033 nobilis

349 1073 437 1114 est,
477 1063 539 1108 M.
573 1063 778 1122 Joannis
810 1063 1026 1109 Ber-kelii
1056 1063 1472 1109 buschoducensis
1511 1080 1663 1121 nepos
1703 1066 1732 1122 1;
1775 1065 1855 1121 qui
1894 1081 1968 1110 su-

349 1141 530 1196 periori
570 1157 697 1186 anno
733 1157 966 1198 magnam
1001 1156 1064 1185 ex
1098 1141 1538 1186 declamationibus
1577 1142 1705 1198 apud
1746 1143 1969 1188 rhetores

348 1218 542 1262 laudem
567 1228 864 1263 consecutus
887 1227 975 1263 est.
998 1217 1153 1262 Venit
1184 1227 1447 1274 praeterea
1472 1218 1533 1263 ad
1557 1234 1645 1264 nos
1670 1219 1746 1264 uir
1770 1219 1967 1275 quidam

349 1295 539 1352 doctus,
567 1294 625 1341 39
648 1295 777 1340 forte
807 1311 1066 1351 annorum,
1094 1295 1213 1340 iuris
1247 1294 1540 1353 licentiatus,
1578 1305 1626 1340 et
1658 1297 1967 1352 zutphanien-

347 1372 413 1417 sis
452 1373 736 1425 canonicus,
775 1373 853 1428 qui
889 1372 1171 1427 aliquandiu
1212 1371 1501 1428 Moguntiae
1535 1373 1968 1429 iurisprudentiam

349 1449 528 1504 docuit,
557 1459 604 1494 et
630 1465 716 1506 per
740 1465 895 1494 annos
929 1449 1099 1494 decem
1125 1449 1383 1495 continuos
1419 1450 1582 1495 multis
1616 1450 1771 1495 modis
1795 1450 1857 1495 ad
1881 1449 1966 1496 So-

349 1527 577 1571 cietatem
603 1535 793 1571 tractus
818 1536 906 1571 est.
936 1526 1157 1571 Tandem
1190 1528 1334 1582 plane
1367 1541 1533 1571 secum
1568 1536 1807 1580 statuens,
1836 1528 1967 1584 quod

348 1614 608 1647 uocantem
634 1612 680 1648 et
704 1604 979 1648 trahentem
1011 1603 1167 1647 Deum
1189 1603 1327 1659 sequi
1352 1604 1514 1660 uellet,
1543 1603 1870 1660 Zutphaniam
1896 1620 1968 1650 re·
1996 1664 1999 1668 ἱ

348 1681 583 1736 linquens,
613 1679 870 1724 Coloniam
904 1679 1158 1735 profectus
1193 1690 1281 1736 est,
1309 1680 1443 1725 etad
1468 1680 1730 1737 collegium
1765 1681 1968 1726 ueniens

347 1755 407 1802 R.
435 1756 488 1801 P.
514 1756 779 1801 Leonardo
806 1756 1101 1801 desiderium
1126 1772 1265 1803 suum
1291 1757 1536 1814 exposuit,
1562 1758 1768 1814 supplex
1798 1766 1969 1814 petens

348 1843 400 1878 vt
440 1834 773 1891 reciperetur,
819 1842 1047 1889 paratum
1092 1849 1144 1878 se
1188 1834 1249 1878 ad
1292 1833 1456 1879 officia
1500 1834 1741 1880 culinaria
1782 1844 1829 1880 et
1872 1835 1969 1880 alia

348 1910 512 1956 omnia
546 1910 879 1955 abiectissima
913 1911 1059 1955 etiam
1100 1911 1337 1956 offerens.
1380 1911 1522 1968 Quae
1561 1912 1765 1958 audiens
1800 1912 1966 1966 Pater,

348 1997 395 2032 et
425 1987 641 2032 animum
677 1987 781 2031 eius
815 1987 1107 2044 intelligens,
1136 1997 1243 2044 post
1267 1987 1690 2045 deliberationem,
1717 1989 1970 2046 respondit

346 2080 399 2109 se
423 2079 533 2109 eum
560 2075 871 2120 recepturum
907 2064 967 2108 ad
1005 2065 1349 2120 probationem
1383 2066 1549 2111 statim
1583 2075 1731 2122 atque
1765 2081 1854 2111 sua
1888 2081 1967 2110 ne-

347 2142 484 2197 gotia
524 2141 737 2186 nonnihil
776 2141 1083 2198 Zutphaniae
1119 2143 1491 2198 composuisset.
1533 2143 1609 2188 Ad
1643 2144 1766 2188 haec
1801 2152 1968 2189 rector

348 2219 546 2264 scholae
591 2219 995 2263 bartolomeanae
1045 2219 1172 2275 apud
1221 2220 1496 2265 leodienses
1544 2220 1784 2265 iuniorem
1828 2235 1967 2265 suum

348 2296 493 2341 filium
521 2293 756 2340 Societati
783 2295 928 2350 dedit,
955 2304 1003 2340 et
1027 2296 1087 2340 ad
1112 2311 1198 2341 nos
1224 2297 1510 2353 transmisit,
1540 2297 1676 2342 cuius
1708 2296 1867 2342 frater
1896 2312 1969 2342 se-

348 2374 454 2418 nior
480 2373 758 2418 licentiatus
783 2373 901 2417 iuris
934 2373 1037 2418 istis
1073 2374 1243 2419 diebus
1277 2390 1388 2419 cum
1424 2375 1661 2420 Anselmo
1695 2375 1855 2419 fratre
1889 2390 1968 2419 no-

350 2461 453 2496 stro
494 2452 587 2496 hac
626 2450 855 2495 transiuit
898 2450 1109 2495 Romam
1155 2451 1487 2509 profecturus,
1541 2461 1589 2497 vt
1632 2468 1684 2497 se
1729 2450 1969 2496 Societati

352 2528 431 2572 det
456 2529 487 2572 ²¹.

397 2680 404 2697 ¹
459 2677 613 2714 Forsan
641 2676 714 2714 fuit
734 2677 765 2713 is
784 2676 989 2723 Georgius
1014 2675 1242 2724 Eynthouts
1261 2677 1309 2713 de
1329 2690 1408 2724 quo
1435 2677 1479 2714 P.
1502 2677 1652 2714 Kessel
1680 2677 1880 2714 scribebat
1908 2678 1970 2714 die

346 2737 391 2772 27
412 2737 623 2773 Februarii
655 2736 756 2772 1560:
843 2752 854 2765 «
864 2736 1013 2782 primus
1033 2741 1093 2772 cst
1112 2735 1317 2783 Georgius
1336 2736 1566 2784 Eynthouts
1585 2737 1903 2774 buscoducensis‘
1921 2750 1971 2774 ex

347 2797 470 2832 nobili
490 2796 683 2843 progenie
704 2801 827 2833 ortus.
850 2795 947 2832 Eius
962 2800 1089 2842 pater,
1107 2808 1196 2831 cum
1213 2796 1382 2838 viveret,
1402 2795 1474 2833 fuit
1489 2797 1629 2833 consul
1644 2796 1967 2833 buscoducensiS.

348 2855 420 2891 Est
439 2856 595 2891 iuvenis
615 2856 829 2891 admodum
848 2855 1084 2900 tractabilis,
1114 2855 1164 2891 ad
1191 2856 1325 2892 omnia
1353 2856 1513 2892 videtur
1541 2856 1864 2894 accommodus..
1893 2856 1970 2893 duo

348 2916 439 2950 anni
468 2924 572 2957 sunt,
604 2915 707 2961 quod
735 2915 978 2951 scholarium
1006 2914 1221 2951 Societatis
1242 2920 1377 2951 votum
1406 2916 1607 2953 emisit»...
1629 2916 1753 2962 Apud
1779 2916 1968 2962 HANSEN‚

348 2974 611 3011 Rheim'sclze
629 2975 828 3017 Aleten...‚
849 2974 930 3018 347,
954 2979 1090 3010 annot.
1114 2975 1144 3010 l.

395 3033 407 3051 '²
461 3034 609 3068 Rector
628 3033 858 3079 praedictae
878 3032 1202 3078 scholae-Leodii
1219 3038 1305 3069 erat
1321 3033 1372 3070 D.
1390 3032 1603 3070 Gerardus
1618 3033 1884 3071 Gerardinus.
1904 3031 1967 3070 Cf.

348 3092 501 3128 Laz'm'i
520 3093 727 3133 Monam..
749 3092 797 3137 ΙΙ,
819 3092 899 3137 446,
921 3092 1002 3138 462,
1023 3092 1103 3129 463.
1126 3092 1254 3129 Filius
1273 3093 1339 3139 qui
1360 3092 1573 3130 Coloniam
1595 3094 1716 3139 venit,
1738 3094 1877 3130 eodem
1904 3106 1968 3130 no-

349 3152 452 3187 mine
474 3153 702 3198 appellatur
729 3153 768 3188 in
795 3154 982 3198 catalogo
1010 3153 1172 3199 collegii
1200 3153 1441 3189 coloniensis
1467 3154 1644 3190 ineuntis
1675 3154 1768 3190 anni
1799 3153 1889 3190 1559
1916 3153 1969 3197 (in

2048 1203 2051 1206 .
2047 1178 2050 1183 .
2040 939 2051 1163 ᾑ.Α.ΐ,’“-ιι-.,.Α..Α.
