2051 3516
499 309 891 345 209.—V1x1›0130xA
918 308 958 344 31
991 308 1199 345 Oc'romzis
1229 308 1319 345 1558
1613 305 1684 341 &65

161 410 230 456 16.
296 409 537 467 Superest
561 408 870 466 quorundam
905 409 1225 465 hispanorum
1260 408 1339 465 qui
1375 408 1420 453 in
1455 408 1595 452 curia
1634 407 1730 452 ista

95 496 379 538 versantur,
408 501 534 543 erga
559 500 827 543 germanos
851 494 1051 530 nostros
1076 484 1314 530 affectum
1350 500 1469 530 vere
1506 483 1730 530 christia-

97 580 212 610 num
236 573 285 609 et
308 564 606 609 charitatem
631 562 826 608 minime
849 561 1016 606 fictam
1041 562 1350 618 paucissimis
1382 562 1558 607 saltem
1585 561 1729 606 attin-

97 657 234 698 gere.
262 640 358 697 Ipsi
383 640 640 697 siquidem,
667 639 887 685 miserati
912 648 985 683 tot
1017 639 1298 684 animarum
1334 639 1377 683 in
1414 640 1507 684 hac
1532 638 1730 695 prouin-

98 719 176 765 cia
221 717 564 776 perditionem,
606 718 938 763 decreuerunt
976 716 1076 760 suis
1121 715 1352 771 impensis
1395 716 1731 772 pauperculos

97 797 234 842 alere
259 811 618 853 germanorum
643 794 784 850 filios,
812 809 935 850 quos
969 793 1268 838 necessariis
1292 793 1354 838 ad
1380 794 1514 838 vitae
1539 802 1727 838 susten-

95 874 336 919 tationem
367 872 647 929 destitutos,
684 881 732 916 et
756 870 937 926 alioqui
978 870 1041 915 ad
1079 869 1362 926 disciplinas
1396 871 1728 926 capessendas

96 950 299 995 idoneos
338 964 448 994 esse
473 948 821 1001 intellexerint,
848 947 943 992 hac
973 947 1253 992 conditione
1279 957 1332 992 vt
1356 948 1612 1004 septennio
1638 949 1728 992 sub

96 1038 269 1073 nostra
303 1027 476 1072 viuant
510 1026 780 1083 disciplina.
814 1025 1003 1070 Decem
1039 1026 1147 1081 plus
1181 1024 1340 1069 minus
1375 1040 1437 1069 ex
1472 1025 1576 1070 istis
1610 1041 1727 1081 pau-

97 1103 310 1161 perculis
334 1103 433 1149 iam
458 1103 643 1160 recepti
667 1111 793 1158 sunt;
816 1102 1111 1148 erudiuntur
1129 1113 1231 1146 tam
1256 1102 1300 1146 in
1328 1101 1482 1146 literis
1507 1117 1655 1158 quam
1682 1101 1728 1146 in

95 1182 319 1227 moribus
342 1198 372 1227 a
395 1181 594 1227 nostris.
622 1180 880 1226 Habitatio
916 1195 1006 1236 pro
1041 1180 1110 1225 eis
1145 1179 1315 1236 parari
1352 1191 1528 1235 coepta
1562 1189 1655 1234 est,
1682 1188 1731 1225 et

95 1258 194 1304 iam
218 1273 370 1314 supra
395 1258 691 1314 quingentos
714 1272 896 1302 aureos
920 1256 966 1302 in
991 1256 1103 1312 piae
1126 1256 1268 1301 huius
1292 1255 1594 1301 fundationis
1618 1272 1727 1312 pro-

95 1335 310 1381 motione
350 1335 631 1391 hispanica
668 1341 685 1361 ³
720 1333 927 1379 contulit
967 1333 1257 1389 liberalitas,
1296 1342 1621 1378 numeratura
1666 1333 1728 1378 ad

95 1414 220 1458 haec
244 1412 452 1470 singulis
476 1413 748 1469 quibusque
782 1411 1031 1457 mensibus
1056 1411 1113 1456 70
1136 1426 1318 1456 aureos
1342 1420 1391 1455 et
1416 1425 1475 1455 eo
1500 1410 1728 1466 amplius,

97 1505 207 1535 cum
242 1490 388 1546 pauci
425 1489 606 1546 alioqui
641 1489 737 1534 sint
771 1489 849 1545 qui
884 1497 1164 1533 numerant.
1193 1487 1445 1533 Probatur
1480 1503 1602 1543 opus
1637 1487 1731 1532 hoc

97 1567 291 1624 optimis
316 1567 588 1623 quibusque
623 1579 670 1611 et
705 1566 893 1622 primae
927 1565 1244 1611 authoritatis
1270 1565 1406 1614 viris,
1434 1580 1526 1610 nec
1561 1564 1732 1609 dubito

98 1644 212 1701 quin
247 1644 377 1689 aliae
412 1659 606 1701 quoque
640 1644 867 1689 nationes
902 1652 948 1689 et
983 1641 1288 1689 Germaniae
1314 1642 1531 1699 inprimis
1556 1657 1728 1698 proce-

97 1736 195 1775 res,
233 1737 341 1767 cum
382 1721 600 1767 fructum
640 1721 1007 1778 perspexerint,
1042 1729 1144 1765 tam
1178 1719 1355 1764 animis
1389 1735 1536 1776 quam
1580 1719 1730 1764 rebus

95 1799 212 1855 ipsis
236 1799 492 1856 negotium
527 1799 620 1843 hoc
653 1798 1034 1855 promouebunt.
1062 1797 1249 1842 Habitu
1274 1796 1513 1842 exteriori
1538 1811 1624 1841 eos
1649 1796 1728 1852 qui

95 1876 143 1921 in
174 1876 387 1933 collegio
421 1876 714 1933 germanico
747 1875 939 1920 Romae
974 1885 1102 1931 sunt,
1130 1890 1219 1931 per
1254 1874 1417 1919 omnia
1452 1873 1727 1929 imitantur,

95 1962 150 1999 vt
175 1954 253 1998 vel
278 1954 372 1999 hac
395 1953 544 1999 etiam
569 1953 763 1998 ratione
796 1952 1023 2010 germani
1048 1951 1141 2007 isti,
1169 1951 1249 2009 qui
1274 1951 1333 1996 de
1358 1951 1493 1995 clero
1518 1964 1729 1994 romano

96 2030 307 2086 pessime
341 2029 524 2086 alioqui
558 2029 790 2085 sentiunt,
827 2031 890 2075 ab
924 2029 1092 2086 iniqua
1126 2044 1216 2073 sua
1253 2029 1346 2073 hac
1386 2026 1729 2083 persuasione,

96 2121 300 2153 suorum
336 2122 460 2163 quos
495 2107 714 2152 romanis
747 2105 968 2152 moribus
1004 2107 1219 2151 imbutos
1253 2115 1301 2150 et
1336 2119 1544 2149 romano
1579 2103 1730 2148 etiam

98 2185 280 2230 vestitu
304 2194 511 2230 ornatos
535 2184 860 2240 conspiciunt,
883 2183 1135 2241 probitate
1170 2182 1384 2228 conuicti
1403 2181 1436 2234 b,
1465 2180 1731 2237 aliquando

98 2262 429 2307 abducantur.

160 2339 226 2384 17.
295 2338 439 2396 Quae
472 2339 537 2384 ad
571 2339 734 2384 studia
756 2339 1001 2395 pertinent
1036 2354 1099 2383 ex
1133 2337 1374 2382 industria
1409 2336 1486 2380 hic
1521 2335 1729 2391 reticeo,

97 2432 211 2462 nam
247 2416 447 2473 copiose
479 2416 539 2462 de
573 2416 646 2461 his
679 2416 805 2461 alias
838 2416 933 2462 Dei
967 2415 1137 2472 gratia
1172 2413 1418 2459 scribendi
1453 2412 1614 2457 maior
1638 2412 1732 2457 erit

97 2495 314 2540 occasio.
342 2494 604 2540 Exhibitus
636 2493 728 2539 fuit
761 2494 807 2539 in
842 2494 980 2539 festis
1018 2493 1363 2550 penthecostes
1387 2489 1607 2535 maximo
1632 2504 1730 2534 om-

97 2571 228 2616 nium
273 2572 517 2628 applausu
556 2587 586 2617 a
626 2572 875 2629 discipulis
918 2571 1100 2616 nostris
1141 2570 1370 2625 dialogus
1409 2568 1468 2613 de
1508 2567 1733 2613 vanitate

98 2650 278 2695 mundi.
304 2647 654 2695 Interfuerunt'
672 2649 854 2695 actioni
895 2650 1062 2706 plures
1096 2646 1311 2704 episcopi
1336 2655 1384 2691 et
1409 2645 1511 2702 ipse
1535 2659 1731 2702 quoque

97 2726 442 2783 strigoniensis
482 2726 888 2783 archiepiscopus
927 2727 958 2778 ¹,
1001 2723 1212 2781 praelati
1253 2737 1466 2779 quoque,
1504 2722 1727 2775 comites,

96 2804 314 2848 barones
347 2812 395 2848 et
429 2802 618 2848 nobiles
656 2802 746 2848 viri
783 2818 930 2859 quam
966 2800 1178 2857 plurimi.
1218 2799 1452 2844 Habebat
1487 2807 1654 2843 autem
1688 2797 1731 2843 is

143 2961 162 2983 ὃ
180 2955 446 3002 quorumdam
465 2955 739 3001 hispanorum.
795 2957 859 2984 —b
880 2955 975 2992 Hoc
993 2965 1029 2990 v.
1051 2953 1155 2990 add.
1177 2957 1314 2997 snpra
1334 2963 1444 2988 vers.

147 3087 156 3106 ¹
208 3085 402 3123 Nieolaus
423 3084 591 3122 Olahus.

208 3186 376 3214 LiTTERAE
397 3185 694 3219 QUADMMESTRES.
716 3187 806 3214 ΤοΜ.
828 3186 864 3213 V.
1556 3184 1590 3212 55
