2051 3516
388 299 456 335 <³24
854 300 1009 337 1⁷⁴1]erss
1017 311 1070 337 ΑΕ
1097 301 1448 347 QUADRmEs'rREs

340 394 394 438 lis
434 409 526 439 non
562 394 906 451 persuadetur,
934 396 1119 441 tamdiu
1154 397 1266 442 nihil
1301 407 1385 442 aut
1419 413 1592 454 parum
1628 399 1734 445 illos
1767 400 1957 446 fructus

338 469 605 526 percipisse
638 485 749 515 cum
783 470 954 516 dolore
989 472 1309 529 coniicimus);
1339 489 1511 518 uerum
1536 484 1838 532 quantopere
1869 477 1954 522 sic-

337 560 422 590 cus
447 546 654 602 populus
689 546 954 603 afficiatur,
982 549 1256 594 clarissimo
1290 549 1483 595 silentio
1517 566 1578 596 ac
1611 551 1718 596 ocio
1754 567 1843 597 nos
1877 553 1956 597 do-

336 630 430 667 cet.
470 621 595 667 Cum
630 623 777 668 toties
810 624 872 668 ad
906 624 999 670 hoc
1033 636 1444 683 prouocarentur,
1484 638 1725 673 uenerunt
1759 629 1956 674 tandem

336 699 580 754 quaedam
605 700 922 746 mulierculae
947 702 1099 759 (quae
1132 703 1181 748 si
1211 717 1312 748 non
1343 708 1526 760 essent,
1555 705 1646 750 uix
1669 705 1721 749 in
1747 704 1957 751 Germa-

339 775 430 820 nia
454 779 502 820 et
522 775 742 822 Boe'rnia
773 777 881 822 ulla
916 779 1171 835 confessio
1200 780 1358 836 foret)
1392 781 1453 825 ad
1489 781 1551 826 D.
1589 781 1859 827 Heni‘icum
1893 782 1957 827 di-

336 860 521 897 centes:
547 852 677 908 Age,
704 853 849 899 toties
874 863 974 899 tam
1007 856 1158 901 multa
1183 871 1272 901 nos
1295 856 1355 902 de
1379 857 1689 903 confessione
1716 858 1958 915 frequenti

335 928 558 984 docuisti,
586 929 808 975 uenimus
834 946 958 987 ergo
983 941 1031 977 et
1055 932 1298 978 uoluimus
1337 933 1506 995 uidere
1530 944 1577 980 et
1600 934 1815 991 experiri
1846 935 1957 992 quid

336 1004 406 1049 rei
430 1014 576 1061 esset,
604 1014 695 1051 etc.
727 1004 789 1051 Et
812 1007 926 1052 dum
951 1008 1109 1054 eidem
1144 1009 1279 1055 Patri
1316 1010 1559 1067 quaedam
1583 1010 1680 1056 alia
1705 1010 1956 1057 confitere-

336 1091 430 1136 tur,
458 1082 645 1127 caeteri
679 1082 901 1129 homines
936 1084 1015 1141 qui
1049 1084 1275 1142 aderant,
1303 1102 1419 1132 mox
1452 1087 1766 1134 confluebant
1797 1088 1956 1144 proxi-

338 1173 414 1203 me
439 1157 500 1203 ad
524 1158 707 1216 sedem,
734 1168 783 1204 et
817 1160 1127 1207 mirabantur
1160 1163 1273 1219 quid
1307 1164 1400 1210 hoc
1434 1165 1505 1210 rei
1539 1164 1669 1221 noui,
1696 1165 1825 1221 quod
1861 1181 1956 1210 mu-

337 1235 426 1280 lier
450 1235 807 1291 genuflecteret
832 1253 1001 1284 coram
1024 1240 1304 1286 sacerdote.
1332 1241 1442 1287 Hoc
1465 1241 1533 1287 ita
1568 1242 1728 1287 obiter
1761 1242 1876 1299 dixi,
1905 1253 1955 1289 ut

338 1311 485 1357 etiam
520 1313 681 1359 Roma
719 1329 809 1360 sua
847 1316 986 1361 nobis
1025 1318 1312 1363 succulenta
1356 1318 1566 1375 suspiria
1605 1319 1666 1365 ad
1701 1319 1953 1365 Christum

335 1405 424 1445 pro
447 1398 586 1435 tanta
610 1390 751 1436 huius
774 1392 967 1448 patriae
991 1393 1215 1440 siccitate
1249 1404 1296 1440 et
1329 1395 1634 1452 deploranda
1668 1396 1952 1452 ignorantia

335 1467 558 1523 pellenda
582 1468 952 1515 communicare
976 1470 1268 1527 dignaretur
1291 1482 1384 1518 etc.

393 1543 464 1588 23.
530 1544 650 1600 Ipso
674 1548 820 1602 sesto
865 1549 1239 1604 assumptionis
1275 1549 1338 1594 Β.
1389 1548 1614 1606 Virginis
1648 1555 1957 1606 acceperunt

333 1620 497 1665 nostri
504 1620 714 1678 fratres
737 1622 1029 1669 electionem
1054 1625 1117 1669 R.
1146 1625 1205 1670 P.
1248 1625 1294 1670 T.
1329 1626 1381 1670 in
1409 1626 1712 1683 generalem
1745 1631 1957 1672 sanetae

332 1697 598 1743 Soeietatis
621 1702 828 1744 nostrae
850 1701 1204 1756 praepositum
1237 1702 1569 1759 esse-factam
1604 1704 1634 1760 1;
1668 1717 1799 1760 quae
1831 1717 1958 1748 sane

332 1774 504 1820 electio
538 1779 644 1820 tam
679 1776 958 1822 desiderati
988 1777 1124 1823 Pris.
1161 1779 1531 1836 syncerissima
1564 1780 1835 1825 alacritate
1866 1794 1959 1825 nos

332 1852 601 1908 recreauit,
628 1866 688 1897 ac
707 1854 934 1908 primum
969 1855 1201 1900 omnium
1227 1854 1426 1901 Cleristo
1445 1856 1703 1901 benedicto
1722 1871 1959 1902 summas

330 1933 425 1984 pro
459 1932 566 1973 tam
600 1932 732 1974 certo
771 1929 897 1974 bono
932 1931 1143 1987 gratias
1177 1932 1411 1989 agimus,·
1444 1933 1628 1978 deinde
1667 1933 1956 1988 desideriis,

330 2005 649 2050 <nationibus
681 2010 770 2051 ete.
809 2007 1040 2053 omnium
1074 2008 1374 2065 eligentium
1408 2009 1629 2055 Patrum
1656 2014 1703 2055 et
1736 2010 1957 2055 aliorum

331 2081 759 2127 ellarissinmrum
771 2084 1023 2140 fratrum,
1050 2084 1232 2141 quibus
1254 2089 1316 2141 te,
1344 2086 1408 2130 R.
1436 2086 1516 2143 Ρ.,
1544 2086 1596 2131 in
1634 2087 1956 2143 superiorem

334 2158 479 2203 nobis
496 2159 616 2203 dari
636 2163 745 2204 tam
768 2159 961 2205 solicite
984 2165 1107 2205 sunt
1128 2162 1348 2207 emeriti:
1371 2176 1431 2207 ae
1455 2162 1713 2219 imprimis
1721 2163 1957 2220 filialiter

331 2249 507 2280 (mines
540 2235 586 2280 T.
615 2236 675 2281 Ρ.
697 2237 1042 2293 gratulamur
1062 2242 1109 2282 et
1132 2252 1315 2283 uerum
1337 2240 1581 2295 spiritum
1603 2240 1666 2285 Β.
1706 2240 1764 2285 Ρ.
1802 2240 1957 2297 Igna-

330 2312 390 2357 tii
411 2316 456 2356 et
480 2312 833 2359 abundantem
858 2315 1060 2370 copiam
1084 2314 1186 2359 Dei
1200 2317 1412 2372 gratiae
1445 2316 1718 2362 Societatis
1752 2322 1958 2363 nostrae

329 2389 505 2434 sedulo
527 2394 810 2445 precamur
831 2395 877 2435 et
899 2395 1157 2447 optamus,
1184 2393 1545 2451 humiliterque
1568 2395 1777 2451 infilios
1799 2395 1961 2451 recipi

330 2469 375 2509 et
399 2467 589 2521 recepti
609 2467 1011 2524 semperfoueri
1031 2472 1078 2512 et
1100 2470 1404 2515 conseruari
1424 2471 1527 2515 tuis
1544 2473 1739 2516 sanetis
1760 2472 1958 2516 meritis

332 2555 391 2586 ae
424 2542 662 2597 precibus
700 2543 880 2588 deuote
919 2544 1174 2600 cupimus.
1216 2545 1361 2590 Haec
1399 2551 1563 2600 erant,
1602 2548 1664 2593 R.
1708 2548 1787 2603 Ρ.,
1826 2563 1956 2605 quae

340 2618 385 2662 T.
412 2618 469 2663 Ρ.
502 2619 633 2663 seire
667 2620 1019 2675 cupiebamus.
1056 2620 1321 2666 Postremo
1355 2636 1607 2680 rogamus
1640 2638 1700 2669 ac
1730 2625 1957 2680 petimus

331 2696 435 2740 tuis
467 2696 662 2740 sanctis
684 2696 1005 2742 orationihus
1029 2710 1088 2742 ac
1112 2698 1344 2743 omnium
1375 2712 1710 2745 romanorum
1742 2702 1954 2745 Patrum

331 2771 630 2828 etfratrum
655 2773 847 2827 iuuari,
876 2777 930 2818 ut
956 2774 1207 2818 maiorem
1218 2774 1462 2831 fructum
1480 2777 1714 2833 sequenti
1730 2781 1957 2833 tempore

321 2848 509 2905 facere
529 2850 795 2904 possimus
818 2854 864 2894 et
887 2850 1186 2896 laetioribus
1209 2852 1401 2897 animis
1424 2852 1486 2897 de
1509 2867 1564 2898 eo
1584 2853 1656 2898 ad
1679 2853 1726 2898 Τ.
1748 2853 1807 2898 Ρ.
1837 2855 1954 2898 scri-

331 2924 461 2970 bere.
513 2924 629 2969 Vale
668 2929 716 2970 et
745 2926 865 2971 uiue
898 2926 988 2972 diu
1022 2927 1074 2972 in
1101 2926 1233 2984 Jesu
1270 2927 1437 2985 Cluso„
1475 2929 1756 2976 admodum
1790 2931 1855 2976 R.
1890 2930 1951 2975 Ρ.

382 3079 391 3097 ¹
444 3076 602 3114 Electio
622 3078 755 3115 Lainii
778 3079 816 3115 in
838 3080 1110 3128 praepositum
1125 3080 1359 3126 generalem
1376 3082 1508 3118 locum
1524 3082 1720 3119 habuerat
1734 3082 1797 3119 die
1811 3081 1954 3129 2Julii.
