2051 3516
414 324 483 360 404
877 325 1093 362 LITTERAE
1120 325 1473 371 QUADRIMESTRES

366 436 455 476 per
493 436 676 477 magna
715 421 973 467 multitudo
1011 422 1259 467 confluere
1298 421 1568 466 consueuit.
1613 421 1984 477 Disputationes

365 512 557 554 quoque
582 498 1030 544 haebdomadariae
1051 508 1098 544 et
1118 499 1345 554 priuatae
1364 498 1410 542 in
1430 498 1603 543 eadem
1623 499 1862 544 facultate
1880 498 1984 544 fieri

364 574 537 630 solent,
574 575 662 620 nisi
702 585 903 631 propter
937 576 1284 631 impedimenta
1319 575 1397 619 uel
1430 576 1717 620 uacationes
1751 575 1981 620 intermit-

365 660 548 696 tantur.

427 728 494 774 10.
560 729 818 774 Preteritis
841 729 914 774 his
938 729 1108 774 diebus
1132 729 1307 773 doctor
1332 728 1553 773 Hondius
1590 731 1617 783 ¹,
1639 744 1763 773 unus
1783 744 1809 773 e
1828 729 1983 784 preci-

365 805 487 861 puis,
513 805 591 861 qui
616 806 819 862 principi
849 817 959 851 sunt
993 822 1022 850 a
1057 805 1286 860 consiliiS,
1324 821 1413 850 nos
1447 806 1626 862 inuisit,
1664 806 1985 862 promisitque

366 883 520 928 modis
565 882 788 927 omnibus
828 883 1176 928 admoliturum
1217 892 1267 926 ut
1308 883 1524 927 redditus
1563 883 1774 939 collegio
1812 891 1983 928 nostro

366 959 653 1015 iampridem
677 959 919 1015 promissi,
956 968 1095 1004 certo
1130 959 1292 1014 aliquo
1328 959 1372 1003 in
1409 960 1516 1003 loco
1551 959 1983 1015 consignarentur,

365 1036 508 1092 idque
531 1036 643 1091 iam,
672 1044 723 1080 ut
754 1035 917 1092 audio,
944 1035 1222 1080 confectum
1253 1044 1341 1080 est:
1379 1044 1427 1080 et
1460 1050 1520 1079 ne
1554 1050 1647 1079 non
1686 1035 1986 1091 relinqueret

364 1113 758 1157 beneuolentiam
783 1128 908 1169 erga
931 1128 1019 1157 nos
1043 1128 1183 1157 suam
1208 1120 1554 1167 contestatum,
1578 1120 1626 1156 et
1645 1111 1771 1168 quod
1796 1111 1986 1156 uideret

365 1189 631 1235 incidentes
655 1190 868 1245 quotidie
898 1190 1220 1234 necessitates
1246 1189 1287 1233 id
1314 1188 1678 1244 quodammodo
1712 1189 1982 1245 postulare,
2015 1183 2018 1185 Δ

366 1266 633 1311 redditibus
656 1270 836 1311 nostris
859 1267 1033 1311 annuis
1057 1275 1251 1311 centum
1272 1282 1539 1310 aureorum
1559 1265 1836 1310 auctarium
1857 1265 1983 1310 adie-

364 1343 444 1388 cit.
472 1342 647 1399 Porro,
675 1344 787 1399 quia
811 1344 1048 1388 hactenus
1073 1344 1197 1388 horti
1223 1342 1573 1387 commoditate
1598 1342 1865 1399 caruimus,
1888 1343 1984 1399 pol-

365 1419 523 1464 licitus
547 1419 672 1464 idem
698 1429 772 1464 est
794 1408 890 1464 11011
916 1429 1226 1464 cessaturum
1251 1419 1364 1464 dum
1390 1428 1437 1463 et
1461 1419 1664 1464 hortum
1693 1418 1981 1463 habeamus.

428 1496 493 1540 ll.
561 1497 688 1541 Ante
712 1496 813 1541 dies
837 1496 1021 1553 aliquot
1045 1497 1299 1541 nobiscum
1326 1495 1490 1552 pransi
1516 1506 1625 1540 sunt
1644 1495 1859 1551 nepotuli
1879 1511 1985 1540 car-

365 1572 539 1617 dinalis
577 1573 839 1628 augustani
892 1574 923 1627 2,
966 1573 1321 1617 adolescentuli
1362 1588 1482 1617 sane
1522 1573 1735 1628 optimae
1779 1572 1898 1627 spei,
1939 1581 1986 1616 et

365 1665 490 1706 erga
530 1650 818 1705 religionem
858 1650 1177 1695 christianam
1218 1650 1312 1694 iam
1352 1665 1478 1694 nunc
1519 1650 1701 1705 optime
1740 1652 1759 1669 ³

366 1726 643 1772 Cardinalis
668 1727 817 1772 etiam
841 1728 1052 1772 animum
1079 1736 1126 1772 et
1151 1727 1386 1772 affectum
1413 1727 1557 1782 plane
1581 1736 1841 1782 paternum
1861 1741 1986 1782 erga

365 1804 457 1848 hoc
482 1804 743 1859 collegium
768 1804 1005 1849 declarat.
1597 1794 1600 1795 ⁷

427 1880 494 1925 12.
562 1880 695 1926 Obiit
719 1881 790 1925 his
815 1881 984 1926 diebus
1007 1880 1134 1925 Κέω
1157 1881 1202 1925 111
1226 1880 1317 1926 X.0
1342 1880 1420 1925 Pr.
1451 1881 1710 1936 episcopus
1735 1879 1983 1935 suffraga—

369 1974 489 2004 neus
529 1959 828 2014 patauiensis
853 1959 880 2003 ³.
910 1958 955 2003 Is
980 1973 1101 2015 quos
1123 1958 1294 2003 habuit
1318 1958 1473 2003 libros
1498 1957 1806 2002 uniuersitati
1832 1957 1983 2012 ingol-

365 2036 621 2081 stadianae
644 2037 846 2093 legauit;
874 2045 921 2080 et
946 2036 1059 2092 quia
1083 2036 1219 2080 locus
1244 2035 1326 2080 uix
1350 2034 1641 2079 commodus
1666 2035 1980 2090 occurrebat,

366 2113 445 2158 ubi
470 2114 855 2168 collocarentur,
882 2128 1049 2157 omnes
1073 2128 1196 2168 pene
1220 2111 1502 2168 theologici,
1530 2126 1684 2167 opera
1709 2120 1756 2155 et
1775 2111 1984 2155 beneuo-

1797 1648 1981 1694 affecti.
2033 1658 2036 1663 “

366 2190 513 2235 lentia
538 2190 598 2234 D.
626 2189 909 2246 camerarii,
931 2189 993 2234 ad
1018 2200 1216 2233 nostras
1242 2204 1416 2233 manus
1444 2196 1792 2244 peruenerunt.
1819 2187 1984 2244 Atque
2048 2241 2051 2244 ἱ

367 2266 432 2311 ita
457 2267 551 2311 iam
575 2266 969 2319 structissimam,
996 2276 1232 2322 quantum
1260 2266 1320 2310 ad
1355 2265 1657 2321 theologiam
1692 2265 1882 2320 attinet,
1921 2264 1984 2310 bi-

367 2344 628 2389 bliotecam
652 2344 908 2389 habemus.

398 2458 403 2462 .
430 2421 496 2465 13.
563 2420 749 2470 Omnes
772 2419 956 2465 fratres
980 2420 1025 2464 in
1050 2420 1336 2475 humilitate,
1364 2419 1606 2464 modestia
1641 2428 1689 2464 et
1722 2417 1982 2463 mortifica-

366 2497 497 2542 tione
531 2496 806 2553 proficiunt,
834 2497 1092 2552 diligentes
1117 2512 1286 2540 omnes
1310 2496 1353 2540 in
1380 2495 1554 2540 officiis
1578 2495 1668 2541 sibi
1694 2494 1982 2541 commissis.

366 2574 525 2619 Sanos
549 2573 699 2619 efficit
723 2574 849 2629 (laus
874 2574 1000 2629 Deo)
1025 2573 1154 2618 a‘e‘ris
1179 2574 1307 2617 bona
1331 2573 1611 2628 temperies.

461 2650 641 2694 Valeat
665 2659 748 2694 tua
773 2650 878 2694 RQ
913 2650 1089 2702 Pat.¹³⁵,
1116 2649 1252 2693 cuius
1278 2664 1365 2693 nos
1390 2649 1695 2694 orationibus
1720 2664 1780 2693 ac
1794 2640 1985 2693 ¹sacrifi-

414 2836 430 2853 ³¹
482 2836 654 2881 optimae
676 2846 755 2871 ms.

417 3004 422 3020 ¹
481 3002 695 3047 &Viguleus
717 3002 838 3038 Hunt.
860 3001 995 3048 Apud.
1016 3000 1372 3042 BRAUNSBERGER,
1396 3002 1469 3037 loc.
1493 3002 1556 3038 cit.
1581 3002 1740 3048 passim.

416 3062 427 3079 '¹
479 3060 572 3096 Otto
588 3061 822 3097 'l'ruclisess.
845 3062 904 3097 l)e
925 3062 1012 3109 eJ'us
1031 3060 1252 3107 nepotibus.
1275 3060 1346 3106 ld„
1369 3061 1442 3096 loc.
1465 3061 1545 3105 cit.,
1570 3060 1648 3097 116.

415 3122 427 3139 ³
482 3120 678 3156 Henricus
698 3120 825 3155 Kurz.
852 3120 922 3166 Id.,
945 3122 1017 3157 loc.
1038 3120 1119 3165 cit,
1141 3119 1220 3156 903.
