2051 3516
370 310 437 346 414
836 312 1053 349 LITTERAE
1081 313 1435 358 QUADRIMESTRES

413 405 701 462 Itzscm‘ptio.
730 406 823 452 1115.
851 407 917 452 ΑΙ
950 424 1064 465 muy
1098 407 1204 452 R.‘¹⁰
1235 407 1311 452 Re
1343 423 1449 453 nro.
1487 424 1546 454 en
1579 408 1749 466 Chro.‚
1786 410 1829 455 el
1864 410 1945 455 Re

326 482 416 527 M.⁰
450 483 650 539 Lasnez,
688 483 877 528 vicario
912 485 1114 540 general
1149 484 1206 529 de
1241 484 1288 528 la
1314 485 1588 540 Compafn'a
1613 485 1672 531 de
1695 485 1857 543 Jesus,
1884 503 1940 532 en

324 557 411 602 §.1³
437 558 597 603 Marsa
622 559 681 604 de
706 560 751 604 la
778 559 1008 605 Estrada.
1039 560 1082 604 A
1107 559 1175 604 S}
1206 559 1396 605 Marco,
1425 562 1490 606 En
1517 561 1693 606 Roma.

412 635 510 679 Pro
535 644 653 681 toto.

410 712 528 758 Alia
553 727 769 758 manu...
799 713 896 758 R.*³
926 714 977 758 14
1001 714 1059 758 de
1104 713 1306 758 Henero
1335 714 1460 758 1558.

1079 913 1179 963 108

737 1019 1094 1066 CAROLUS
1140 1018 1525 1065 SAGERIUS

804 1125 978 1150 PARlsus
1003 1115 1025 1150 (5
1052 1123 1283 1150 NOVEMBRIS
1313 1114 1402 1150 1557
1431 1116 1454 1150 ¹.

324 1198 351 1234 l.
384 1197 436 1233 In
453 1198 756 1243 proxz'mormn
781 1198 969 1233 salntem
999 1196 1045 1232 P.
1074 1196 1284 1232 Nicolans
1308 1196 1523 1239 Bellesille
1547 1198 1754 1234 alacriter
1776 1199 1942 1235 inemu-

392 1256 462 1293 hit.
478 1256 552 1292 —2.
582 1256 761 1302 Reliqui
786 1257 940 1292 lstleris
964 1257 1201 1301 virtutique
1220 1256 1427 1292 colendae
1444 1256 1554 1293 liant
1573 1259 1854 1302 opertum—3.
1877 1258 1943 1294 De

391 1316 627 1361 spe-fittm'i
644 1316 821 1361 collegis.

382 1395 419 1439 1.
487 1394 646 1450 Jesus.
674 1392 870 1449 Gratia,
898 1392 1237 1438 misericordia
1271 1401 1318 1437 et
1353 1408 1450 1448 pax
1486 1393 1625 1437 nobis
1650 1409 1679 1438 a
1710 1393 1816 1438 Deo
1851 1393 1939 1438 Pa-

320 1481 395 1516 tre
419 1480 466 1516 et
489 1471 617 1527 Xpo.
645 1470 779 1529 Jesu,
802 1470 997 1515 domino
1017 1479 1204 1514 nostro.
1228 1469 1404 1514 Amen.
1431 1470 1619 1526 [Multis
1638 1471 1938 1529 (lnqplificclt,

320 1562 419 1592 non
455 1548 650 1605 referre
683 1551 949 1604 quantum,
983 1547 1076 1591 sed
1106 1550 1297 1604 quanto
1332 1561 1396 1591 ex
1429 1547 1604 1592 animo
1626 1548 1936 1605 faciamus]

408 1624 573 1681 Atque
610 1634 660 1669 vt
694 1625 757 1669 ad
791 1639 894 1669 rem
931 1625 1140 1677 veniam,
1168 1633 1215 1669 et
1249 1639 1340 1680 que
1376 1624 1613 1669 reuolutis
1636 1640 1730 1669 non
1756 1624 1823 1670 ita
1848 1625 1937 1681 pri-

319 1702 427 1747 dem
451 1710 663 1757 quatuor
687 1702 935 1747 mensibus
959 1717 987 1746 a
1012 1701 1151 1746 nobis
1176 1712 1319 1757 gesta
1344 1701 1541 1757 fuerint,
1570 1701 1614 1745 in
1639 1695 1799 1757 pauca
1824 1717 1934 1747 con-

319 1778 494 1833 feram,
522 1778 672 1823 Pater
706 1787 874 1823 noster
898 1779 913 1801 ‘2
938 1778 999 1822 ad
1033 1777 1347 1834 charitatem,
1375 1777 1735 1823 confessionem
1761 1794 1821 1824 ac
1844 1779 1937 1824 fre-

320 1863 547 1911 quentem
566 1854 789 1899 dominici
808 1854 1031 1910 corporis
1049 1854 1381 1910 receptionem
1404 1855 1583 1899 multos
1600 1863 1737 1900 certe
1756 1854 1936 1900 inflam-

320 1940 432 1976 mat.
466 1931 698 1987 Idemque
739 1931 1009 1987 visitandis,
1048 1931 1220 1976 eadem
1257 1947 1410 1987 opera
1444 1932 1755 1977 consolandis
1795 1947 1935 1987 egro-

317 2008 532 2053 tantibus
557 2023 739 2064 magno
762 2008 924 2053 studio
949 2008 1135 2063 vigilat,
1160 2008 1237 2053 vel
1262 2008 1409 2052 etiam
1435 2008 1632 2064 saepius
1656 2017 1932 2064 pernoctat,

317 2099 554 2140 nusquam
579 2093 868 2129 consuetum
892 2084 1146 2129 dominicis
1169 2100 1229 2129 ac
1252 2084 1390 2129 festis
1415 2084 1585 2130 diebus
1610 2085 1655 2129 in
1680 2085 1934 2130 audiendis
2000 2118 2006 2124 -

316 2160 707 2206 confessionibus
741 2161 1212 2218 administrandique
1247 2161 1410 2206 officio
1446 2162 1574 2218 apud
1608 2162 1669 2207 D.
1697 2161 1935 2208 Germani

316 2238 480 2295 aedes,
503 2253 689 2283 morem
714 2238 1056 2295 intermittens;
1081 2238 1296 2283 caeteris
1324 2254 1443 2283 vero
1469 2239 1640 2284 diebus
1664 2239 1709 2283 in
1734 2239 1937 2284 aedibus

316 2314 377 2359 D.
406 2314 618 2359 Cosmae
642 2330 702 2359 ac
726 2315 786 2359 D.
810 2313 1043 2360 Geruasii
1079 2315 1252 2359 eadem
1291 2331 1496 2360 munera
1527 2330 1782 2372 exercens3
1810 2331 1936 2372 quae

316 2392 479 2437 onmia
503 2408 612 2437 cum
636 2392 727 2437 Dei
752 2393 955 2447 honore,
983 2401 1083 2437 tum
1111 2392 1317 2448 proximi
1343 2408 1526 2449 magna
1559 2393 1767 2438 Vtilitate
1791 2393 1855 2437 ab
1878 2408 1936 2438 eo

316 2478 651 2525 praestantur.

375 2546 416 2591 2.
482 2546 558 2591 De
582 2546 722 2591 nobis
746 2561 867 2593 vero
890 2545 1005 2590 nihil
1029 2555 1114 2590 tua
1139 2545 1339 2602 dignum
1375 2546 1719 2602 expectatione
1744 2546 1936 2592 referre

316 2638 392 2667 me
425 2638 569 2678 posse
602 2637 754 2678 prope
789 2622 949 2678 video;
983 2622 1061 2678 qui
1097 2632 1259 2667 tamen
1295 2622 1339 2666 in
1374 2623 1545 2668 studiis
1578 2624 1759 2668 nostris
1792 2623 1934 2668 simul

316 2715 426 2744 cum
452 2715 642 2744 morum
666 2692 1013 2744 informatione
1040 2699 1239 2755 Vtiliter,
1267 2700 1430 2755 quoad
1463 2716 1737 2756 possumus,
1769 2716 1932 2746 versaw

316 2793 437 2821 mur.
462 2777 559 2821 Alii
584 2778 709 2822 enim
739 2777 953 2822 fratrum
989 2785 1268 2821 nostrorum
1305 2777 1348 2821 in
1383 2792 1642 2822 sacrarum
1678 2778 1931 2822 literarum

314 2854 550 2909 mysteria
580 2863 627 2899 et
657 2863 853 2899 secreta
885 2853 1128 2898 foeliciter
1165 2854 1465 2905 incumbunt,
1493 2855 1573 2899 alii
1600 2854 1933 2910 philosophiae

363 2993 369 3010 ¹
426 2990 483 3027 Ex
503 2992 755 3037 autographo
775 2991 813 3027 in
833 2991 967 3027 codice
990 2991 1081 3027 Gal.
1109 2990 1173 3034 79,
1195 2990 1235 3026 ff.
1258 2990 1331 3032 7—8;
1353 2990 1463 3037 prius
1480 2990 1538 3026 25.

360 3051 373 3069 ²
424 3050 467 3088 P.
490 3051 679 3086 Nicolaus
700 3050 914 3094 Bellefille,
936 3051 1003 3097 qui
1022 3051 1131 3086 solus
1151 3050 1337 3086 sacerdos
1365 3050 1405 3085 in
1432 3050 1644 3096 parisiensi
1672 3050 1847 3096 collegio
1872 3062 1929 3086 re-

314 3116 517 3147 manserat
537 3116 622 3157 post
641 3110 681 3147 P.
702 3111 905 3146 paschasii
924 3110 1043 3147 ssroet
1059 3110 1292 3150 discessum.
1312 3109 1418 3145 Vide
1435 3109 1633 3156 superius,
1652 3123 1744 3157 pag.
1761 3109 1831 3146 265
1845 3122 1928 3157 sqq.
