<?xml version="1.0" encoding="UTF-8"?>
<!DOCTYPE html PUBLIC "-//W3C//DTD XHTML 1.0 Transitional//EN"
    "http://www.w3.org/TR/xhtml1/DTD/xhtml1-transitional.dtd">
<html xmlns="http://www.w3.org/1999/xhtml" xml:lang="en" lang="en">
 <head>
  <title>
</title>
<meta http-equiv="Content-Type" content="text/html;charset=utf-8" />
  <meta name='ocr-system' content='tesseract 3.04.00' />
  <meta name='ocr-capabilities' content='ocr_page ocr_carea ocr_par ocr_line ocrx_word'/>
</head>
<body>
  <div class='ocr_page' id='page_1' title='image "./litteraequadrime17lain_0456.png"; bbox 0 0 2051 3516; ppageno 0'>
   <div class='ocr_carea' id='block_1_1' title="bbox 357 328 1426 377">
    <p class='ocr_par' dir='ltr' id='par_1_1' title="bbox 357 328 1426 377">
     <span class='ocr_line' id='line_1_1' title="bbox 357 328 1426 377; baseline 0.004 -13"><span class='ocrx_word' id='word_1_1' title='bbox 357 328 425 365; x_wconf 65' lang='lat'>422</span> <span class='ocrx_word' id='word_1_2' title='bbox 826 331 1041 368; x_wconf 82' lang='lat' dir='ltr'>LITTERAE</span> <span class='ocrx_word' id='word_1_3' title='bbox 1069 331 1426 377; x_wconf 78' lang='lat' dir='ltr'><strong>QUADRIMESTRES</strong></span> 
     </span>
    </p>
   </div>
   <div class='ocr_carea' id='block_1_2' title="bbox 301 423 1922 2705">
    <p class='ocr_par' dir='ltr' id='par_1_2' title="bbox 310 423 1918 546">
     <span class='ocr_line' id='line_1_2' title="bbox 310 423 1918 484; baseline 0.005 -17"><span class='ocrx_word' id='word_1_4' title='bbox 310 424 422 468; x_wconf 89' lang='lat' dir='ltr'>dum</span> <span class='ocrx_word' id='word_1_5' title='bbox 446 423 631 469; x_wconf 76' lang='lat' dir='ltr'>fratres</span> <span class='ocrx_word' id='word_1_6' title='bbox 655 425 808 470; x_wconf 88' lang='lat' dir='ltr'>nostri</span> <span class='ocrx_word' id='word_1_7' title='bbox 833 426 879 471; x_wconf 93' lang='lat' dir='ltr'>in</span> <span class='ocrx_word' id='word_1_8' title='bbox 904 442 1062 483; x_wconf 89' lang='lat' dir='ltr'>parua</span> <span class='ocrx_word' id='word_1_9' title='bbox 1087 442 1255 479; x_wconf 84' lang='lat' dir='ltr'>mensa</span> <span class='ocrx_word' id='word_1_10' title='bbox 1289 427 1567 484; x_wconf 87' lang='lat' dir='ltr'>comedunt,</span> <span class='ocrx_word' id='word_1_11' title='bbox 1604 428 1773 474; x_wconf 78' lang='lat' dir='ltr'>facere</span> <span class='ocrx_word' id='word_1_12' title='bbox 1808 445 1918 475; x_wconf 92' lang='lat' dir='ltr'>con-</span> 
     </span>
     <span class='ocr_line' id='line_1_3' title="bbox 312 500 487 546; baseline 0 -1"><span class='ocrx_word' id='word_1_13' title='bbox 312 500 487 546; x_wconf 88' lang='lat' dir='ltr'>sueuit.</span> 
     </span>
    </p>

    <p class='ocr_par' dir='ltr' id='par_1_3' title="bbox 301 576 1922 2705">
     <span class='ocr_line' id='line_1_4' title="bbox 366 576 1917 635; baseline 0.003 -14"><span class='ocrx_word' id='word_1_14' title='bbox 366 576 408 621; x_wconf 81' lang='lat'>5.</span> <span class='ocrx_word' id='word_1_15' title='bbox 474 576 643 633; x_wconf 84' lang='lat' dir='ltr'>Neque</span> <span class='ocrx_word' id='word_1_16' title='bbox 678 576 780 622; x_wconf 89' lang='lat' dir='ltr'>istis</span> <span class='ocrx_word' id='word_1_17' title='bbox 813 578 1227 634; x_wconf 83' lang='lat' dir='ltr'>scandalizantur,</span> <span class='ocrx_word' id='word_1_18' title='bbox 1253 579 1332 635; x_wconf 89' lang='lat' dir='ltr'>qui</span> <span class='ocrx_word' id='word_1_19' title='bbox 1367 594 1453 624; x_wconf 86' lang='lat' dir='ltr'>eos</span> <span class='ocrx_word' id='word_1_20' title='bbox 1487 579 1548 624; x_wconf 87' lang='lat' dir='ltr'>ad</span> <span class='ocrx_word' id='word_1_21' title='bbox 1583 595 1671 625; x_wconf 84' lang='lat' dir='ltr'>nos</span> <span class='ocrx_word' id='word_1_22' title='bbox 1704 580 1917 626; x_wconf 85' lang='lat' dir='ltr'>adduxe-</span> 
     </span>
     <span class='ocr_line' id='line_1_5' title="bbox 310 652 1919 714; baseline 0.004 -18"><span class='ocrx_word' id='word_1_23' title='bbox 310 661 437 708; x_wconf 89' lang='lat' dir='ltr'>runt,</span> <span class='ocrx_word' id='word_1_24' title='bbox 465 661 512 698; x_wconf 91' lang='lat' dir='ltr'>et</span> <span class='ocrx_word' id='word_1_25' title='bbox 545 652 746 698; x_wconf 89' lang='lat' dir='ltr'>iuuenes</span> <span class='ocrx_word' id='word_1_26' title='bbox 781 654 1154 709; x_wconf 82' lang='lat' dir='ltr'>mortificantur,</span> <span class='ocrx_word' id='word_1_27' title='bbox 1191 654 1394 700; x_wconf 77' lang='lat' dir='ltr'>humiles</span> <span class='ocrx_word' id='word_1_28' title='bbox 1428 654 1562 711; x_wconf 91' lang='lat' dir='ltr'>fiunt,</span> <span class='ocrx_word' id='word_1_29' title='bbox 1590 661 1634 702; x_wconf 90' lang='lat' dir='ltr'>et</span> <span class='ocrx_word' id='word_1_30' title='bbox 1668 656 1714 701; x_wconf 93' lang='lat' dir='ltr'>in</span> <span class='ocrx_word' id='word_1_31' title='bbox 1748 657 1919 714; x_wconf 89' lang='lat' dir='ltr'>spiritu</span> 
     </span>
     <span class='ocr_line' id='line_1_6' title="bbox 309 728 1920 791; baseline 0.004 -18"><span class='ocrx_word' id='word_1_32' title='bbox 309 728 567 784; x_wconf 89' lang='lat' dir='ltr'>proficiunt</span> <span class='ocrx_word' id='word_1_33' title='bbox 592 730 867 786; x_wconf 90' lang='lat' dir='ltr'>plurimum.</span> <span class='ocrx_word' id='word_1_34' title='bbox 896 730 1161 788; x_wconf 90' lang='lat' dir='ltr'>Coepimus</span> <span class='ocrx_word' id='word_1_35' title='bbox 1185 731 1241 776; x_wconf 90' lang='lat' dir='ltr'>iis</span> <span class='ocrx_word' id='word_1_36' title='bbox 1265 731 1412 777; x_wconf 91' lang='lat' dir='ltr'>etiam</span> <span class='ocrx_word' id='word_1_37' title='bbox 1444 733 1683 788; x_wconf 89' lang='lat' dir='ltr'>quasdam</span> <span class='ocrx_word' id='word_1_38' title='bbox 1719 735 1920 791; x_wconf 87' lang='lat' dir='ltr'>regulas</span> 
     </span>
     <span class='ocr_line' id='line_1_7' title="bbox 308 804 1919 860; baseline 0.004 -11"><span class='ocrx_word' id='word_1_39' title='bbox 308 804 666 860; x_wconf 72' lang='lat' dir='ltr'>praescribere.</span> <span class='ocrx_word' id='word_1_40' title='bbox 700 806 905 852; x_wconf 84' lang='lat' dir='ltr'>Vtinam</span> <span class='ocrx_word' id='word_1_41' title='bbox 938 807 1005 852; x_wconf 90' lang='lat' dir='ltr'>ita</span> <span class='ocrx_word' id='word_1_42' title='bbox 1038 807 1378 852; x_wconf 88' lang='lat' dir='ltr'>conuictorum</span> <span class='ocrx_word' id='word_1_43' title='bbox 1416 819 1734 855; x_wconf 87' lang='lat' dir='ltr'>excresceret</span> <span class='ocrx_word' id='word_1_44' title='bbox 1757 826 1919 856; x_wconf 90' lang='lat' dir='ltr'>nume—</span> 
     </span>
     <span class='ocr_line' id='line_1_8' title="bbox 310 880 1922 943; baseline 0.005 -19"><span class='ocrx_word' id='word_1_45' title='bbox 310 895 409 936; x_wconf 68' lang='grc' dir='ltr'>ωε,</span> <span class='ocrx_word' id='word_1_46' title='bbox 443 891 493 925; x_wconf 84' lang='lat' dir='ltr'>ut</span> <span class='ocrx_word' id='word_1_47' title='bbox 526 880 582 925; x_wconf 89' lang='lat' dir='ltr'>iis</span> <span class='ocrx_word' id='word_1_48' title='bbox 616 882 863 938; x_wconf 81' lang='lat' dir='ltr'>peculiare</span> <span class='ocrx_word' id='word_1_49' title='bbox 898 883 1280 928; x_wconf 82' lang='lat' dir='ltr'>constitueretur</span> <span class='ocrx_word' id='word_1_50' title='bbox 1313 883 1592 941; x_wconf 78' lang='lat' dir='ltr'>collegium,</span> <span class='ocrx_word' id='word_1_51' title='bbox 1628 885 1674 930; x_wconf 92' lang='lat' dir='ltr'>in</span> <span class='ocrx_word' id='word_1_52' title='bbox 1709 901 1803 943; x_wconf 89' lang='lat' dir='ltr'>quo</span> <span class='ocrx_word' id='word_1_53' title='bbox 1841 887 1922 932; x_wconf 86' lang='lat'>100</span> 
     </span>
     <span class='ocr_line' id='line_1_9' title="bbox 308 956 1918 1014; baseline 0.004 -13"><span class='ocrx_word' id='word_1_54' title='bbox 308 965 392 1001; x_wconf 86' lang='lat' dir='ltr'>aut</span> <span class='ocrx_word' id='word_1_55' title='bbox 416 956 502 1002; x_wconf 82' lang='lat'>200</span> <span class='ocrx_word' id='word_1_56' title='bbox 523 957 713 1014; x_wconf 84' lang='lat' dir='ltr'>egregii</span> <span class='ocrx_word' id='word_1_57' title='bbox 748 958 975 1005; x_wconf 90' lang='lat' dir='ltr'>uiuerent</span> <span class='ocrx_word' id='word_1_58' title='bbox 998 959 1339 1004; x_wconf 80' lang='lat' dir='ltr'>adolescentes</span> <span class='ocrx_word' id='word_1_59' title='bbox 1372 960 1462 1005; x_wconf 91' lang='lat' dir='ltr'>sub</span> <span class='ocrx_word' id='word_1_60' title='bbox 1497 960 1702 1006; x_wconf 86' lang='lat' dir='ltr'>Patrum</span> <span class='ocrx_word' id='word_1_61' title='bbox 1727 971 1918 1008; x_wconf 90' lang='lat' dir='ltr'>nostro-</span> 
     </span>
     <span class='ocr_line' id='line_1_10' title="bbox 308 1034 1919 1091; baseline 0.004 -13"><span class='ocrx_word' id='word_1_62' title='bbox 308 1050 414 1078; x_wconf 85' lang='lat' dir='ltr'>rum</span> <span class='ocrx_word' id='word_1_63' title='bbox 449 1050 585 1079; x_wconf 78' lang='lat' dir='ltr'>cura‚</span> <span class='ocrx_word' id='word_1_64' title='bbox 621 1034 672 1079; x_wconf 89' lang='lat' dir='ltr'>Id</span> <span class='ocrx_word' id='word_1_65' title='bbox 713 1036 841 1091; x_wconf 87' lang='lat' dir='ltr'>quod</span> <span class='ocrx_word' id='word_1_66' title='bbox 875 1035 1004 1081; x_wconf 89' lang='lat' dir='ltr'>intra</span> <span class='ocrx_word' id='word_1_67' title='bbox 1038 1051 1217 1081; x_wconf 88' lang='lat' dir='ltr'>annum</span> <span class='ocrx_word' id='word_1_68' title='bbox 1252 1036 1460 1081; x_wconf 88' lang='lat' dir='ltr'>medium</span> <span class='ocrx_word' id='word_1_69' title='bbox 1485 1037 1678 1083; x_wconf 93' lang='lat' dir='ltr'>omnino</span> <span class='ocrx_word' id='word_1_70' title='bbox 1702 1037 1919 1084; x_wconf 82' lang='lat' dir='ltr'>futurum</span> 
     </span>
     <span class='ocr_line' id='line_1_11' title="bbox 307 1109 1917 1171; baseline 0.004 -16"><span class='ocrx_word' id='word_1_71' title='bbox 307 1109 513 1156; x_wconf 82' lang='lat' dir='ltr'>confido,</span> <span class='ocrx_word' id='word_1_72' title='bbox 553 1111 614 1157; x_wconf 84' lang='lat' dir='ltr'>Et</span> <span class='ocrx_word' id='word_1_73' title='bbox 649 1112 802 1157; x_wconf 91' lang='lat' dir='ltr'>nostri</span> <span class='ocrx_word' id='word_1_74' title='bbox 835 1113 923 1158; x_wconf 91' lang='lat' dir='ltr'>soli</span> <span class='ocrx_word' id='word_1_75' title='bbox 956 1113 1261 1169; x_wconf 91' lang='lat' dir='ltr'>habitabunt,</span> <span class='ocrx_word' id='word_1_76' title='bbox 1288 1128 1384 1158; x_wconf 89' lang='lat' dir='ltr'>non</span> <span class='ocrx_word' id='word_1_77' title='bbox 1418 1113 1634 1169; x_wconf 77' lang='lat' dir='ltr'>admixti,</span> <span class='ocrx_word' id='word_1_78' title='bbox 1673 1123 1723 1160; x_wconf 88' lang='lat' dir='ltr'>ut</span> <span class='ocrx_word' id='word_1_79' title='bbox 1757 1115 1917 1171; x_wconf 90' lang='lat' dir='ltr'>modo,</span> 
     </span>
     <span class='ocr_line' id='line_1_12' title="bbox 308 1187 1920 1249; baseline 0.004 -17"><span class='ocrx_word' id='word_1_80' title='bbox 308 1187 689 1233; x_wconf 87' lang='lat' dir='ltr'>conuictoribus.</span> <span class='ocrx_word' id='word_1_81' title='bbox 717 1189 857 1234; x_wconf 91' lang='lat' dir='ltr'>Tunc</span> <span class='ocrx_word' id='word_1_82' title='bbox 881 1189 1028 1235; x_wconf 91' lang='lat' dir='ltr'>etiam</span> <span class='ocrx_word' id='word_1_83' title='bbox 1053 1199 1254 1236; x_wconf 89' lang='lat' dir='ltr'>senatus</span> <span class='ocrx_word' id='word_1_84' title='bbox 1277 1189 1365 1235; x_wconf 92' lang='lat' dir='ltr'>toti</span> <span class='ocrx_word' id='word_1_85' title='bbox 1390 1189 1626 1236; x_wconf 84' lang='lat' dir='ltr'>Societati</span> <span class='ocrx_word' id='word_1_86' title='bbox 1659 1192 1920 1249; x_wconf 88' lang='lat' dir='ltr'>collegium</span> 
     </span>
     <span class='ocr_line' id='line_1_13' title="bbox 308 1263 1919 1323; baseline 0.004 -15"><span class='ocrx_word' id='word_1_87' title='bbox 308 1263 458 1319; x_wconf 89' lang='lat' dir='ltr'>dabit,</span> <span class='ocrx_word' id='word_1_88' title='bbox 486 1280 580 1309; x_wconf 89' lang='lat' dir='ltr'>non</span> <span class='ocrx_word' id='word_1_89' title='bbox 605 1265 684 1309; x_wconf 91' lang='lat' dir='ltr'>uni</span> <span class='ocrx_word' id='word_1_90' title='bbox 709 1281 951 1321; x_wconf 84' lang='lat' dir='ltr'>personae</span> <span class='ocrx_word' id='word_1_91' title='bbox 982 1275 1186 1323; x_wconf 89' lang='lat' dir='ltr'>tantum,</span> <span class='ocrx_word' id='word_1_92' title='bbox 1213 1275 1265 1312; x_wconf 89' lang='lat' dir='ltr'>ut</span> <span class='ocrx_word' id='word_1_93' title='bbox 1299 1266 1553 1312; x_wconf 71' lang='lat' dir='ltr'>hactenus</span> <span class='ocrx_word' id='word_1_94' title='bbox 1581 1268 1773 1314; x_wconf 83' lang='lat' dir='ltr'>Verum</span> <span class='ocrx_word' id='word_1_95' title='bbox 1807 1269 1919 1315; x_wconf 85' lang='lat' dir='ltr'>huc-</span> 
     </span>
     <span class='ocr_line' id='line_1_14' title="bbox 308 1341 1918 1397; baseline 0.004 -12"><span class='ocrx_word' id='word_1_96' title='bbox 308 1357 460 1397; x_wconf 84' lang='lat' dir='ltr'>usque</span> <span class='ocrx_word' id='word_1_97' title='bbox 490 1341 535 1386; x_wconf 91' lang='lat' dir='ltr'>in</span> <span class='ocrx_word' id='word_1_98' title='bbox 567 1343 736 1387; x_wconf 80' lang='lat' dir='ltr'>eadem</span> <span class='ocrx_word' id='word_1_99' title='bbox 766 1357 876 1388; x_wconf 92' lang='lat' dir='ltr'>cum</span> <span class='ocrx_word' id='word_1_100' title='bbox 906 1343 1273 1390; x_wconf 89' lang='lat' dir='ltr'>conuictoribus</span> <span class='ocrx_word' id='word_1_101' title='bbox 1297 1344 1442 1391; x_wconf 92' lang='lat' dir='ltr'>domo</span> <span class='ocrx_word' id='word_1_102' title='bbox 1472 1346 1756 1391; x_wconf 90' lang='lat' dir='ltr'>necessario</span> <span class='ocrx_word' id='word_1_103' title='bbox 1787 1346 1918 1392; x_wconf 93' lang='lat' dir='ltr'>habi-</span> 
     </span>
     <span class='ocr_line' id='line_1_15' title="bbox 306 1417 1920 1470; baseline 0.004 -8"><span class='ocrx_word' id='word_1_104' title='bbox 306 1418 506 1463; x_wconf 89' lang='lat' dir='ltr'>tandum</span> <span class='ocrx_word' id='word_1_105' title='bbox 552 1417 632 1464; x_wconf 80' lang='lat' dir='ltr'>fui.</span> <span class='ocrx_word' id='word_1_106' title='bbox 683 1419 745 1464; x_wconf 87' lang='lat' dir='ltr'>Et</span> <span class='ocrx_word' id='word_1_107' title='bbox 788 1436 883 1465; x_wconf 91' lang='lat' dir='ltr'>non</span> <span class='ocrx_word' id='word_1_108' title='bbox 927 1420 1154 1466; x_wconf 79' lang='lat' dir='ltr'>existimo</span> <span class='ocrx_word' id='word_1_109' title='bbox 1198 1422 1345 1466; x_wconf 92' lang='lat' dir='ltr'>ullum</span> <span class='ocrx_word' id='word_1_110' title='bbox 1389 1423 1725 1468; x_wconf 90' lang='lat' dir='ltr'>conuictorem</span> <span class='ocrx_word' id='word_1_111' title='bbox 1768 1423 1920 1470; x_wconf 79' lang='lat' dir='ltr'>fuisse</span> 
     </span>
     <span class='ocr_line' id='line_1_16' title="bbox 306 1495 1918 1557; baseline 0.004 -18"><span class='ocrx_word' id='word_1_112' title='bbox 306 1495 442 1540; x_wconf 90' lang='lat' dir='ltr'>cuius</span> <span class='ocrx_word' id='word_1_113' title='bbox 467 1497 783 1542; x_wconf 84' lang='lat' dir='ltr'>conuersatio</span> <span class='ocrx_word' id='word_1_114' title='bbox 808 1497 1047 1543; x_wconf 80' lang='lat' dir='ltr'>fratribus</span> <span class='ocrx_word' id='word_1_115' title='bbox 1070 1498 1252 1543; x_wconf 85' lang='lat' dir='ltr'>nostris</span> <span class='ocrx_word' id='word_1_116' title='bbox 1271 1500 1349 1545; x_wconf 93' lang='lat' dir='ltr'>uel</span> <span class='ocrx_word' id='word_1_117' title='bbox 1368 1499 1567 1545; x_wconf 89' lang='lat' dir='ltr'>minima</span> <span class='ocrx_word' id='word_1_118' title='bbox 1586 1515 1647 1545; x_wconf 84' lang='lat' dir='ltr'>ex</span> <span class='ocrx_word' id='word_1_119' title='bbox 1672 1509 1813 1557; x_wconf 91' lang='lat' dir='ltr'>parte</span> <span class='ocrx_word' id='word_1_120' title='bbox 1837 1516 1918 1546; x_wconf 93' lang='lat' dir='ltr'>no-</span> 
     </span>
     <span class='ocr_line' id='line_1_17' title="bbox 306 1572 1919 1631; baseline 0.004 -14"><span class='ocrx_word' id='word_1_121' title='bbox 306 1572 478 1627; x_wconf 70' lang='lat' dir='ltr'>cuerit,</span> <span class='ocrx_word' id='word_1_122' title='bbox 505 1573 600 1618; x_wconf 92' lang='lat' dir='ltr'>imo</span> <span class='ocrx_word' id='word_1_123' title='bbox 624 1573 763 1618; x_wconf 90' lang='lat' dir='ltr'>cuius</span> <span class='ocrx_word' id='word_1_124' title='bbox 786 1589 880 1619; x_wconf 91' lang='lat' dir='ltr'>non</span> <span class='ocrx_word' id='word_1_125' title='bbox 912 1574 1114 1619; x_wconf 91' lang='lat' dir='ltr'>multum</span> <span class='ocrx_word' id='word_1_126' title='bbox 1148 1575 1403 1631; x_wconf 73' lang='lat' dir='ltr'>profuerit.</span> <span class='ocrx_word' id='word_1_127' title='bbox 1442 1576 1568 1621; x_wconf 90' lang='lat' dir='ltr'>Nam</span> <span class='ocrx_word' id='word_1_128' title='bbox 1608 1577 1919 1623; x_wconf 89' lang='lat' dir='ltr'>conuictores</span> 
     </span>
     <span class='ocr_line' id='line_1_18' title="bbox 305 1650 1918 1709; baseline 0.003 -15"><span class='ocrx_word' id='word_1_129' title='bbox 305 1650 461 1694; x_wconf 89' lang='lat' dir='ltr'>nostri</span> <span class='ocrx_word' id='word_1_130' title='bbox 485 1666 578 1695; x_wconf 93' lang='lat' dir='ltr'>non</span> <span class='ocrx_word' id='word_1_131' title='bbox 603 1665 746 1695; x_wconf 89' lang='lat' dir='ltr'>secus</span> <span class='ocrx_word' id='word_1_132' title='bbox 769 1666 822 1696; x_wconf 90' lang='lat' dir='ltr'>se</span> <span class='ocrx_word' id='word_1_133' title='bbox 847 1651 1042 1706; x_wconf 92' lang='lat' dir='ltr'>habent,</span> <span class='ocrx_word' id='word_1_134' title='bbox 1070 1667 1214 1708; x_wconf 90' lang='lat' dir='ltr'>quam</span> <span class='ocrx_word' id='word_1_135' title='bbox 1248 1652 1287 1697; x_wconf 88' lang='lat' dir='ltr'>si</span> <span class='ocrx_word' id='word_1_136' title='bbox 1322 1661 1524 1709; x_wconf 90' lang='lat' dir='ltr'>tyrones</span> <span class='ocrx_word' id='word_1_137' title='bbox 1557 1651 1823 1699; x_wconf 84' lang='lat' dir='ltr'>Societatis</span> <span class='ocrx_word' id='word_1_138' title='bbox 1847 1669 1918 1699; x_wconf 91' lang='lat' dir='ltr'>es-</span> 
     </span>
     <span class='ocr_line' id='line_1_19' title="bbox 305 1726 1918 1787; baseline 0.003 -17"><span class='ocrx_word' id='word_1_139' title='bbox 305 1735 427 1771; x_wconf 90' lang='lat' dir='ltr'>sent.</span> <span class='ocrx_word' id='word_1_140' title='bbox 469 1726 564 1782; x_wconf 83' lang='lat' dir='ltr'>Qui</span> <span class='ocrx_word' id='word_1_141' title='bbox 599 1727 885 1784; x_wconf 90' lang='lat' dir='ltr'>plerumque</span> <span class='ocrx_word' id='word_1_142' title='bbox 918 1727 1092 1773; x_wconf 80' lang='lat' dir='ltr'>feruidi</span> <span class='ocrx_word' id='word_1_143' title='bbox 1127 1744 1235 1773; x_wconf 90' lang='lat' dir='ltr'>esse</span> <span class='ocrx_word' id='word_1_144' title='bbox 1268 1738 1654 1787; x_wconf 91' lang='lat' dir='ltr'>consueuerunt‚</span> <span class='ocrx_word' id='word_1_145' title='bbox 1696 1745 1790 1787; x_wconf 91' lang='lat' dir='ltr'>quo</span> <span class='ocrx_word' id='word_1_146' title='bbox 1824 1730 1918 1776; x_wconf 78' lang='lat' dir='ltr'>fer—</span> 
     </span>
     <span class='ocr_line' id='line_1_20' title="bbox 305 1802 1919 1860; baseline 0.003 -13"><span class='ocrx_word' id='word_1_147' title='bbox 305 1818 427 1848; x_wconf 92' lang='lat' dir='ltr'>uore</span> <span class='ocrx_word' id='word_1_148' title='bbox 461 1802 678 1848; x_wconf 83' lang='lat' dir='ltr'>excitant</span> <span class='ocrx_word' id='word_1_149' title='bbox 712 1819 905 1860; x_wconf 89' lang='lat' dir='ltr'>quoque</span> <span class='ocrx_word' id='word_1_150' title='bbox 940 1813 1181 1850; x_wconf 90' lang='lat' dir='ltr'>caeteros.</span> <span class='ocrx_word' id='word_1_151' title='bbox 1215 1805 1343 1850; x_wconf 91' lang='lat' dir='ltr'>Nihil</span> <span class='ocrx_word' id='word_1_152' title='bbox 1374 1805 1511 1851; x_wconf 91' lang='lat' dir='ltr'>nobis</span> <span class='ocrx_word' id='word_1_153' title='bbox 1545 1806 1801 1852; x_wconf 80' lang='lat' dir='ltr'>molestiae</span> <span class='ocrx_word' id='word_1_154' title='bbox 1835 1815 1919 1852; x_wconf 89' lang='lat' dir='ltr'>aut</span> 
     </span>
     <span class='ocr_line' id='line_1_21' title="bbox 305 1879 1918 1939; baseline 0.003 -15"><span class='ocrx_word' id='word_1_155' title='bbox 305 1880 469 1925; x_wconf 89' lang='lat' dir='ltr'>oneris</span> <span class='ocrx_word' id='word_1_156' title='bbox 492 1879 727 1936; x_wconf 75' lang='lat' dir='ltr'>afferunt,</span> <span class='ocrx_word' id='word_1_157' title='bbox 754 1881 840 1926; x_wconf 93' lang='lat' dir='ltr'>sed</span> <span class='ocrx_word' id='word_1_158' title='bbox 865 1881 1067 1926; x_wconf 90' lang='lat' dir='ltr'>multum</span> <span class='ocrx_word' id='word_1_159' title='bbox 1101 1881 1385 1939; x_wconf 88' lang='lat' dir='ltr'>uoluptatis,</span> <span class='ocrx_word' id='word_1_160' title='bbox 1412 1882 1524 1928; x_wconf 89' lang='lat' dir='ltr'>dum</span> <span class='ocrx_word' id='word_1_161' title='bbox 1549 1898 1633 1928; x_wconf 93' lang='lat' dir='ltr'>eos</span> <span class='ocrx_word' id='word_1_162' title='bbox 1666 1883 1712 1928; x_wconf 93' lang='lat' dir='ltr'>in</span> <span class='ocrx_word' id='word_1_163' title='bbox 1746 1883 1918 1929; x_wconf 86' lang='lat' dir='ltr'>litteris</span> 
     </span>
     <span class='ocr_line' id='line_1_22' title="bbox 304 1956 1916 2014; baseline 0.003 -13"><span class='ocrx_word' id='word_1_164' title='bbox 304 1964 351 2001; x_wconf 92' lang='lat' dir='ltr'>et</span> <span class='ocrx_word' id='word_1_165' title='bbox 385 1956 565 2012; x_wconf 86' lang='lat' dir='ltr'>pietate</span> <span class='ocrx_word' id='word_1_166' title='bbox 600 1957 833 2014; x_wconf 86' lang='lat' dir='ltr'>progredi</span> <span class='ocrx_word' id='word_1_167' title='bbox 872 1958 1214 2014; x_wconf 86' lang='lat' dir='ltr'>conspicimus.</span> <span class='ocrx_word' id='word_1_168' title='bbox 1251 1958 1353 2004; x_wconf 91' lang='lat' dir='ltr'>Nos</span> <span class='ocrx_word' id='word_1_169' title='bbox 1392 1975 1477 2005; x_wconf 92' lang='lat' dir='ltr'>eos</span> <span class='ocrx_word' id='word_1_170' title='bbox 1512 1959 1763 2006; x_wconf 89' lang='lat' dir='ltr'>uenientes</span> <span class='ocrx_word' id='word_1_171' title='bbox 1797 1970 1916 2006; x_wconf 91' lang='lat' dir='ltr'>tam-</span> 
     </span>
     <span class='ocr_line' id='line_1_23' title="bbox 303 2033 1914 2095; baseline 0.004 -18"><span class='ocrx_word' id='word_1_172' title='bbox 303 2048 449 2088; x_wconf 89' lang='lat' dir='ltr'>quam</span> <span class='ocrx_word' id='word_1_173' title='bbox 473 2048 502 2078; x_wconf 92' lang='lat' dir='ltr'>a</span> <span class='ocrx_word' id='word_1_174' title='bbox 526 2033 634 2078; x_wconf 91' lang='lat' dir='ltr'>Deo</span> <span class='ocrx_word' id='word_1_175' title='bbox 660 2033 834 2079; x_wconf 90' lang='lat' dir='ltr'>missos</span> <span class='ocrx_word' id='word_1_176' title='bbox 857 2034 1161 2091; x_wconf 91' lang='lat' dir='ltr'>suscipimus,</span> <span class='ocrx_word' id='word_1_177' title='bbox 1184 2035 1368 2092; x_wconf 89' lang='lat' dir='ltr'>ipsique</span> <span class='ocrx_word' id='word_1_178' title='bbox 1388 2051 1473 2081; x_wconf 93' lang='lat' dir='ltr'>eos</span> <span class='ocrx_word' id='word_1_179' title='bbox 1497 2036 1914 2095; x_wconf 89' lang='lat' dir='ltr'>commendamus,</span> 
     </span>
     <span class='ocr_line' id='line_1_24' title="bbox 303 2109 1916 2171; baseline 0.003 -17"><span class='ocrx_word' id='word_1_180' title='bbox 303 2118 355 2154; x_wconf 90' lang='lat' dir='ltr'>ut</span> <span class='ocrx_word' id='word_1_181' title='bbox 378 2109 530 2155; x_wconf 79' lang='lat' dir='ltr'>faciat</span> <span class='ocrx_word' id='word_1_182' title='bbox 554 2111 683 2166; x_wconf 91' lang='lat' dir='ltr'>quod</span> <span class='ocrx_word' id='word_1_183' title='bbox 702 2110 881 2156; x_wconf 92' lang='lat' dir='ltr'>bonum</span> <span class='ocrx_word' id='word_1_184' title='bbox 906 2120 995 2167; x_wconf 88' lang='lat' dir='ltr'>est,</span> <span class='ocrx_word' id='word_1_185' title='bbox 1017 2120 1065 2157; x_wconf 91' lang='lat' dir='ltr'>et</span> <span class='ocrx_word' id='word_1_186' title='bbox 1084 2111 1288 2158; x_wconf 86' lang='lat' dir='ltr'>Patrum</span> <span class='ocrx_word' id='word_1_187' title='bbox 1313 2128 1467 2169; x_wconf 92' lang='lat' dir='ltr'>opera</span> <span class='ocrx_word' id='word_1_188' title='bbox 1491 2122 1658 2159; x_wconf 90' lang='lat' dir='ltr'>utatur</span> <span class='ocrx_word' id='word_1_189' title='bbox 1681 2122 1916 2171; x_wconf 87' lang='lat' dir='ltr'>tanquam</span> 
     </span>
     <span class='ocr_line' id='line_1_25' title="bbox 302 2186 1916 2246; baseline 0.002 -16"><span class='ocrx_word' id='word_1_190' title='bbox 302 2186 641 2232; x_wconf 87' lang='lat' dir='ltr'>instrumento.</span> <span class='ocrx_word' id='word_1_191' title='bbox 668 2186 719 2232; x_wconf 90' lang='lat' dir='ltr'>ld</span> <span class='ocrx_word' id='word_1_192' title='bbox 755 2187 881 2243; x_wconf 89' lang='lat' dir='ltr'>quod</span> <span class='ocrx_word' id='word_1_193' title='bbox 916 2188 1154 2233; x_wconf 87' lang='lat' dir='ltr'>hactenus</span> <span class='ocrx_word' id='word_1_194' title='bbox 1187 2197 1287 2234; x_wconf 91' lang='lat' dir='ltr'>tam</span> <span class='ocrx_word' id='word_1_195' title='bbox 1312 2189 1467 2245; x_wconf 90' lang='lat' dir='ltr'>probe</span> <span class='ocrx_word' id='word_1_196' title='bbox 1502 2188 1630 2245; x_wconf 81' lang='lat' dir='ltr'>fecit,</span> <span class='ocrx_word' id='word_1_197' title='bbox 1659 2190 1786 2246; x_wconf 90' lang='lat' dir='ltr'>quod</span> <span class='ocrx_word' id='word_1_198' title='bbox 1816 2190 1916 2236; x_wconf 93' lang='lat' dir='ltr'>nul-</span> 
     </span>
     <span class='ocr_line' id='line_1_26' title="bbox 301 2263 1917 2320; baseline 0.003 -13"><span class='ocrx_word' id='word_1_199' title='bbox 301 2263 398 2307; x_wconf 88' lang='lat' dir='ltr'>lum</span> <span class='ocrx_word' id='word_1_200' title='bbox 432 2264 612 2308; x_wconf 92' lang='lat' dir='ltr'>malum</span> <span class='ocrx_word' id='word_1_201' title='bbox 647 2263 981 2309; x_wconf 87' lang='lat' dir='ltr'>conuictorem</span> <span class='ocrx_word' id='word_1_202' title='bbox 1017 2265 1290 2320; x_wconf 84' lang='lat' dir='ltr'>babuimus,</span> <span class='ocrx_word' id='word_1_203' title='bbox 1317 2274 1365 2311; x_wconf 89' lang='lat' dir='ltr'>et</span> <span class='ocrx_word' id='word_1_204' title='bbox 1398 2281 1567 2311; x_wconf 90' lang='lat' dir='ltr'>omnes</span> <span class='ocrx_word' id='word_1_205' title='bbox 1599 2266 1775 2312; x_wconf 88' lang='lat' dir='ltr'>Patres</span> <span class='ocrx_word' id='word_1_206' title='bbox 1809 2283 1917 2313; x_wconf 91' lang='lat' dir='ltr'>esse</span> 
     </span>
     <span class='ocr_line' id='line_1_27' title="bbox 304 2340 1917 2396; baseline 0.003 -12"><span class='ocrx_word' id='word_1_207' title='bbox 304 2348 476 2395; x_wconf 90' lang='lat' dir='ltr'>putant</span> <span class='ocrx_word' id='word_1_208' title='bbox 520 2340 565 2384; x_wconf 92' lang='lat' dir='ltr'>in</span> <span class='ocrx_word' id='word_1_209' title='bbox 610 2349 741 2385; x_wconf 89' lang='lat' dir='ltr'>statu</span> <span class='ocrx_word' id='word_1_210' title='bbox 785 2341 995 2396; x_wconf 90' lang='lat' dir='ltr'>gratiae.</span> <span class='ocrx_word' id='word_1_211' title='bbox 1043 2341 1181 2386; x_wconf 88' lang='lat' dir='ltr'>Haec</span> <span class='ocrx_word' id='word_1_212' title='bbox 1226 2342 1389 2387; x_wconf 91' lang='lat' dir='ltr'>multis</span> <span class='ocrx_word' id='word_1_213' title='bbox 1433 2342 1562 2387; x_wconf 82' lang='lat' dir='ltr'>forte</span> <span class='ocrx_word' id='word_1_214' title='bbox 1612 2343 1917 2390; x_wconf 91' lang='lat' dir='ltr'>incredibilia</span> 
     </span>
     <span class='ocr_line' id='line_1_28' title="bbox 302 2416 1916 2477; baseline 0.004 -17"><span class='ocrx_word' id='word_1_215' title='bbox 302 2424 460 2461; x_wconf 86' lang='lat' dir='ltr'>erunt.</span> <span class='ocrx_word' id='word_1_216' title='bbox 497 2416 601 2461; x_wconf 91' lang='lat' dir='ltr'>Nec</span> <span class='ocrx_word' id='word_1_217' title='bbox 639 2417 829 2462; x_wconf 88' lang='lat' dir='ltr'>mirum:</span> <span class='ocrx_word' id='word_1_218' title='bbox 866 2433 978 2462; x_wconf 91' lang='lat' dir='ltr'>nam</span> <span class='ocrx_word' id='word_1_219' title='bbox 1019 2427 1067 2463; x_wconf 91' lang='lat' dir='ltr'>et</span> <span class='ocrx_word' id='word_1_220' title='bbox 1105 2417 1244 2463; x_wconf 91' lang='lat' dir='ltr'>nobis</span> <span class='ocrx_word' id='word_1_221' title='bbox 1277 2418 1579 2464; x_wconf 91' lang='lat' dir='ltr'>incredibilia</span> <span class='ocrx_word' id='word_1_222' title='bbox 1612 2429 1790 2477; x_wconf 88' lang='lat' dir='ltr'>essent,</span> <span class='ocrx_word' id='word_1_223' title='bbox 1827 2420 1916 2466; x_wconf 93' lang='lat' dir='ltr'>nisi</span> 
     </span>
     <span class='ocr_line' id='line_1_29' title="bbox 303 2492 1916 2552; baseline 0.004 -16"><span class='ocrx_word' id='word_1_224' title='bbox 303 2492 456 2537; x_wconf 91' lang='lat' dir='ltr'>oculis</span> <span class='ocrx_word' id='word_1_225' title='bbox 494 2492 703 2549; x_wconf 86' lang='lat' dir='ltr'>propriis</span> <span class='ocrx_word' id='word_1_226' title='bbox 743 2494 1157 2550; x_wconf 89' lang='lat' dir='ltr'>conspiceremus.</span> <span class='ocrx_word' id='word_1_227' title='bbox 1194 2494 1318 2539; x_wconf 85' lang='lat' dir='ltr'>Puto</span> <span class='ocrx_word' id='word_1_228' title='bbox 1352 2494 1480 2540; x_wconf 90' lang='lat' dir='ltr'>istud</span> <span class='ocrx_word' id='word_1_229' title='bbox 1513 2495 1769 2552; x_wconf 89' lang='lat' dir='ltr'>singulare</span> <span class='ocrx_word' id='word_1_230' title='bbox 1808 2512 1916 2543; x_wconf 89' lang='lat' dir='ltr'>esse</span> 
     </span>
     <span class='ocr_line' id='line_1_30' title="bbox 304 2569 1913 2626; baseline 0.003 -12"><span class='ocrx_word' id='word_1_231' title='bbox 304 2569 394 2614; x_wconf 88' lang='lat' dir='ltr'>Dei</span> <span class='ocrx_word' id='word_1_232' title='bbox 421 2569 707 2615; x_wconf 85' lang='lat' dir='ltr'>beneficium</span> <span class='ocrx_word' id='word_1_233' title='bbox 732 2579 780 2615; x_wconf 92' lang='lat' dir='ltr'>et</span> <span class='ocrx_word' id='word_1_234' title='bbox 804 2570 1165 2626; x_wconf 86' lang='lat' dir='ltr'>quodammodo</span> <span class='ocrx_word' id='word_1_235' title='bbox 1195 2571 1504 2617; x_wconf 85' lang='lat' dir='ltr'>miraculum.</span> <span class='ocrx_word' id='word_1_236' title='bbox 1533 2572 1700 2618; x_wconf 88' lang='lat' dir='ltr'>Nostri</span> <span class='ocrx_word' id='word_1_237' title='bbox 1725 2588 1820 2618; x_wconf 91' lang='lat' dir='ltr'>non</span> <span class='ocrx_word' id='word_1_238' title='bbox 1845 2573 1913 2619; x_wconf 77' lang='lat' dir='ltr'>fa-</span> 
     </span>
     <span class='ocr_line' id='line_1_31' title="bbox 302 2646 1914 2705; baseline 0.002 -15"><span class='ocrx_word' id='word_1_239' title='bbox 302 2646 434 2690; x_wconf 92' lang='lat' dir='ltr'>ciunt</span> <span class='ocrx_word' id='word_1_240' title='bbox 459 2646 584 2702; x_wconf 92' lang='lat' dir='ltr'>quod</span> <span class='ocrx_word' id='word_1_241' title='bbox 610 2654 710 2691; x_wconf 90' lang='lat' dir='ltr'>tam</span> <span class='ocrx_word' id='word_1_242' title='bbox 737 2646 849 2691; x_wconf 92' lang='lat' dir='ltr'>boni</span> <span class='ocrx_word' id='word_1_243' title='bbox 873 2655 999 2702; x_wconf 78' lang='lat' dir='ltr'>sunt3</span> <span class='ocrx_word' id='word_1_244' title='bbox 1028 2647 1123 2691; x_wconf 93' lang='lat' dir='ltr'>imo</span> <span class='ocrx_word' id='word_1_245' title='bbox 1147 2647 1236 2692; x_wconf 92' lang='lat' dir='ltr'>nisi</span> <span class='ocrx_word' id='word_1_246' title='bbox 1267 2646 1403 2692; x_wconf 91' lang='lat' dir='ltr'>Deus</span> <span class='ocrx_word' id='word_1_247' title='bbox 1432 2648 1669 2704; x_wconf 87' lang='lat' dir='ltr'>peculiari</span> <span class='ocrx_word' id='word_1_248' title='bbox 1703 2650 1914 2705; x_wconf 91' lang='lat' dir='ltr'>quodam</span> 
     </span>
    </p>
   </div>
   <div class='ocr_carea' id='block_1_3' title="bbox 303 2715 1922 2782">
    <p class='ocr_par' dir='ltr' id='par_1_4' title="bbox 303 2715 1922 2782">
     <span class='ocr_line' id='line_1_32' title="bbox 303 2715 1922 2782; baseline 0.004 -17"><span class='ocrx_word' id='word_1_249' title='bbox 303 2722 447 2766; x_wconf 91' lang='lat' dir='ltr'>modo</span> <span class='ocrx_word' id='word_1_250' title='bbox 472 2722 516 2766; x_wconf 94' lang='lat' dir='ltr'>in</span> <span class='ocrx_word' id='word_1_251' title='bbox 542 2722 772 2769; x_wconf 87' lang='lat' dir='ltr'>cordibus</span> <span class='ocrx_word' id='word_1_252' title='bbox 805 2723 1020 2779; x_wconf 90' lang='lat' dir='ltr'>ipsorum</span> <span class='ocrx_word' id='word_1_253' title='bbox 1055 2731 1367 2779; x_wconf 87' lang='lat' dir='ltr'>operaretur,</span> <span class='ocrx_word' id='word_1_254' title='bbox 1394 2738 1489 2769; x_wconf 92' lang='lat' dir='ltr'>non</span> <span class='ocrx_word' id='word_1_255' title='bbox 1520 2724 1662 2770; x_wconf 93' lang='lat' dir='ltr'>uideo</span> <span class='ocrx_word' id='word_1_256' title='bbox 1696 2725 1775 2782; x_wconf 90' lang='lat' dir='ltr'>qui</span> <span class='ocrx_word' id='word_1_257' title='bbox 1810 2715 1922 2772; x_wconf 46' lang='lat' dir='ltr'>fieri,</span> 
     </span>
    </p>
   </div>
   <div class='ocr_carea' id='block_1_4' title="bbox 301 2798 1915 3169">
    <p class='ocr_par' dir='ltr' id='par_1_5' title="bbox 302 2798 1157 2853">
     <span class='ocr_line' id='line_1_33' title="bbox 302 2798 1157 2853; baseline 0.002 -11"><span class='ocrx_word' id='word_1_258' title='bbox 302 2798 451 2853; x_wconf 88' lang='lat' dir='ltr'>possit</span> <span class='ocrx_word' id='word_1_259' title='bbox 476 2807 528 2843; x_wconf 88' lang='lat' dir='ltr'>vt</span> <span class='ocrx_word' id='word_1_260' title='bbox 552 2798 954 2845; x_wconf 89' lang='lat' dir='ltr'>mortificationes</span> <span class='ocrx_word' id='word_1_261' title='bbox 978 2798 1157 2845; x_wconf 79' lang='lat' dir='ltr'>ferant.</span> 
     </span>
    </p>

    <p class='ocr_par' dir='ltr' id='par_1_6' title="bbox 301 2873 1915 3169">
     <span class='ocr_line' id='line_1_34' title="bbox 360 2873 1915 2933; baseline 0.004 -14"><span class='ocrx_word' id='word_1_262' title='bbox 360 2874 401 2919; x_wconf 71' lang='grc' dir='ltr'>ζ).</span> <span class='ocrx_word' id='word_1_263' title='bbox 470 2873 568 2920; x_wconf 81' lang='lat' dir='ltr'>Sed</span> <span class='ocrx_word' id='word_1_264' title='bbox 593 2877 694 2921; x_wconf 91' lang='lat' dir='ltr'>uult</span> <span class='ocrx_word' id='word_1_265' title='bbox 718 2877 810 2922; x_wconf 95' lang='lat' dir='ltr'>hoc</span> <span class='ocrx_word' id='word_1_266' title='bbox 843 2876 994 2932; x_wconf 88' lang='lat' dir='ltr'>Deus,</span> <span class='ocrx_word' id='word_1_267' title='bbox 1021 2876 1187 2933; x_wconf 85' lang='lat' dir='ltr'>credo,</span> <span class='ocrx_word' id='word_1_268' title='bbox 1223 2876 1499 2922; x_wconf 88' lang='lat' dir='ltr'>ostendere:</span> <span class='ocrx_word' id='word_1_269' title='bbox 1537 2877 1582 2922; x_wconf 94' lang='lat' dir='ltr'>in</span> <span class='ocrx_word' id='word_1_270' title='bbox 1616 2887 1790 2924; x_wconf 89' lang='lat' dir='ltr'>sancta</span> <span class='ocrx_word' id='word_1_271' title='bbox 1822 2880 1915 2925; x_wconf 91' lang='lat' dir='ltr'>hac</span> 
     </span>
     <span class='ocr_line' id='line_1_35' title="bbox 301 2950 1914 3009; baseline 0.004 -15"><span class='ocrx_word' id='word_1_272' title='bbox 301 2950 516 3003; x_wconf 84' lang='lat' dir='ltr'>ciuitate,</span> <span class='ocrx_word' id='word_1_273' title='bbox 546 2967 670 3007; x_wconf 91' lang='lat' dir='ltr'>quae</span> <span class='ocrx_word' id='word_1_274' title='bbox 704 2969 797 2997; x_wconf 92' lang='lat' dir='ltr'>non</span> <span class='ocrx_word' id='word_1_275' title='bbox 834 2953 1076 2998; x_wconf 88' lang='lat' dir='ltr'>immerito</span> <span class='ocrx_word' id='word_1_276' title='bbox 1112 2953 1394 3009; x_wconf 90' lang='lat' dir='ltr'>metropolis</span> <span class='ocrx_word' id='word_1_277' title='bbox 1429 2953 1577 2998; x_wconf 89' lang='lat' dir='ltr'>totius</span> <span class='ocrx_word' id='word_1_278' title='bbox 1611 2952 1914 3002; x_wconf 88' lang='lat' dir='ltr'>Germaniae</span> 
     </span>
     <span class='ocr_line' id='line_1_36' title="bbox 301 3027 1914 3087; baseline 0.004 -17"><span class='ocrx_word' id='word_1_279' title='bbox 301 3036 348 3071; x_wconf 91' lang='lat' dir='ltr'>et</span> <span class='ocrx_word' id='word_1_280' title='bbox 382 3027 588 3071; x_wconf 88' lang='lat' dir='ltr'>medium</span> <span class='ocrx_word' id='word_1_281' title='bbox 624 3028 818 3083; x_wconf 86' lang='lat' dir='ltr'>dicitur,</span> <span class='ocrx_word' id='word_1_282' title='bbox 846 3030 940 3074; x_wconf 91' lang='lat' dir='ltr'>duo</span> <span class='ocrx_word' id='word_1_283' title='bbox 974 3043 1158 3085; x_wconf 89' lang='lat' dir='ltr'>magna</span> <span class='ocrx_word' id='word_1_284' title='bbox 1192 3029 1430 3085; x_wconf 88' lang='lat' dir='ltr'>erigenda</span> <span class='ocrx_word' id='word_1_285' title='bbox 1465 3044 1573 3074; x_wconf 88' lang='lat' dir='ltr'>esse</span> <span class='ocrx_word' id='word_1_286' title='bbox 1609 3030 1820 3087; x_wconf 88' lang='lat' dir='ltr'>collegia</span> <span class='ocrx_word' id='word_1_287' title='bbox 1853 3047 1914 3077; x_wconf 81' lang='lat' dir='ltr'>ex</span> 
     </span>
     <span class='ocr_line' id='line_1_37' title="bbox 301 3103 1911 3169; baseline 0.004 -22"><span class='ocrx_word' id='word_1_288' title='bbox 301 3103 473 3160; x_wconf 89' lang='lat' dir='ltr'>quibus</span> <span class='ocrx_word' id='word_1_289' title='bbox 498 3112 603 3160; x_wconf 57' lang='lat' dir='ltr'>tota</span> <span class='ocrx_word' id='word_1_290' title='bbox 628 3104 820 3150; x_wconf 88' lang='lat' dir='ltr'>iuuetur</span> <span class='ocrx_word' id='word_1_291' title='bbox 839 3104 1124 3161; x_wconf 67' lang='lat' dir='ltr'>Germania,</span> <span class='ocrx_word' id='word_1_292' title='bbox 1148 3120 1355 3161; x_wconf 85' lang='lat' dir='ltr'>quorum</span> <span class='ocrx_word' id='word_1_293' title='bbox 1376 3120 1521 3151; x_wconf 89' lang='lat' dir='ltr'>unum</span> <span class='ocrx_word' id='word_1_294' title='bbox 1544 3104 1605 3151; x_wconf 90' lang='lat' dir='ltr'>sit</span> <span class='ocrx_word' id='word_1_295' title='bbox 1630 3105 1911 3169; x_wconf 79' lang='lat' dir='ltr'>Societatis,</span> 
     </span>
    </p>
   </div>
  </div>
 </body>
</html>
