2051 3516
555 368 850 405 170.-—PRAGA
877 367 923 405 27
950 368 1060 415 MAJI
1089 368 1178 404 1558
1564 368 1634 405 679

44 464 312 519 maiestas,
339 468 392 509 vt
414 464 526 510 suis
544 465 790 520 expensis
808 464 1176 509 absolueretur.
1205 464 1377 509 Sinntl
1399 469 1446 509 et
1462 470 1675 521 repara-

44 546 189 587 retur
220 541 614 597 monasterimn,
641 540 779 598 quoa'
809 540 1058 586 Patribus
1090 540 1567 599 (lominicanisfuit
1588 542 1678 586 da—

43 622 153 663 tum
182 622 280 674 pro
320 617 740 674 compensatione
773 618 931 663 lnu'us
963 618 1073 670 loci,
1101 631 1251 674 quem
1287 617 1431 662 nobis
1466 618 1675 676 relique-

43 699 179 741 rant.
218 694 440 739 Camera
472 699 630 750 porro
665 709 721 739 eo
755 699 984 751 tempore
1014 694 1328 751 pecuniaria
1363 695 1676 753 difficultate

43 771 350 830 angebatur.
375 771 519 829 ¹Quid
539 772 746 817 autezn?
782 771 955 817 Visum
966 771 1097 830 fnit,
1125 785 1187 816 ne
1212 771 1511 817 inchoatum
1537 773 1676 817 aedi-

29 849 218 906 ficium
254 849 504 907 infectum
539 854 783 901 maneret,
821 854 874 894 vt
904 849 1162 906 zittauini,
1189 849 1280 906 qui
1311 849 1511 894 ratione
1545 850 1675 895 loca-

41 926 197 972 tionis
220 926 469 972 bonorum
495 927 802 972 monasterii
818 927 1098 972 oibinensis
1117 939 1321 971 cziinuos
1340 926 1539 971 reditus
1557 928 1676 973 lnn'c

41 1008 214 1049 nostro
254 1004 466 1061 collegio
504 1004 730 1060 pendere
769 1007 1022 1059 tenentur,
1060 1008 1114 1048 >vt
1148 1004 1308 1049 simul
1346 1004 1475 1048 anni
1492 1004 1679 1062 futuri

39 1085 328 1138 prouentus
346 1081 721 1137 persoluerent.
745 1081 900 1139 Quod
921 1084 970 1125 et
990 1080 1064 1125 ita
1073 1080 1288 1138 factum
1313 1085 1402 1138 est‚
1426 1094 1524 1138 quo
1544 1094 1673 1126 com-

39 1158 244 1204 modius
267 1162 315 1203 et
336 1157 547 1203 breuius
581 1158 960 1204 acceleraretur
992 1158 1304 1214 aedificium.
1333 1157 1417 1203 Ex
1451 1172 1548 1215 ouo
1574 1173 1672 1204 non

33 1239 230 1291 parum
255 1235 694 1281 incommoditatis
712 1239 760 1280 et
776 1235 1068 1280 detrimenti
1078 1239 1265 1291 postea
1279 1236 1513 1292 percepit
1533 1236 1674 1281 colle-

33 1312 202 1370 gium,
239 1313 496 1370 siquidem
532 1328 736 1359 necesse
755 1313 873 1371 *fuit
905 1312 1236 1370 vnctiquaque
1275 1313 1554 1369 pecuniam
1592 1328 1674 1359 su-

38 1404 178 1436 mere
212 1394 449 1436 mutuam
485 1391 557 1435 aa'
588 1391 794 1448 collegii
822 1391 1267 1443 sustentationem,
1306 1391 1466 1435 donec
1500 1405 1675 1436 caesa-

37 1482 129 1513 rea
153 1469 404 1514 maiestas
429 1468 786 1526 munificentia
809 1468 1056 1525 superius
1080 1467 1216 1513 dicta
1246 1469 1501 1523 pecuniae
1534 1482 1670 1514 sum-

38 1560 125 1591 ma
149 1550 358 1591 nostrae
383 1545 645 1592 laboranti
666 1546 876 1602 inopiae
898 1545 1214 1590 subueniret.

94 1624 137 1669 3.
205 1623 486 1669 Mirabitur
507 1624 665 1669 lun‘us
689 1624 886 1681 negotii
905 1624 1323 1681 progressionem
1344 1624 1492 1681 forte
1525 1624 1573 1669 T.
1604 1625 1667 1669 R.

35 1700 125 1757 P.,·
148 1715 241 1747 nos
265 1703 316 1747 in
341 1701 510 1747 medio
545 1701 722 1747 omnia
756 1701 1115 1758 relinquimus.
1142 1701 1223 1746 Ita
1248 1710 1279 1746 a
1300 1702 1562 1758 principio
1599 1707 1673 1747 est

22 1779 252 1837 factum,
291 1783 339 1824 et
356 1779 555 1837 forsan
590 1783 711 1824 tunc
747 1778 900 1824 aliter
915 1778 1046 1836 fleri
1076 1779 1167 1823 *vix
1194 1778 1381 1835 potuit.
1410 1779 1547 1823 Ηίιιι·
1582 1779 1672 1824 illa

35 1855 220 1913 debita,
247 1856 366 1901 lu'nc
390 1857 478 1901 isti
499 1856 766 1901 innumeri
797 1856 1013 1913 labores,
1040 1870 1362 1914 quocumque
1392 1857 1671 1912 prouiden—

33 1933 138 1979 tiae
162 1933 373 1979 consilio
409 1934 554 1985 illati,
594 1933 952 1979 beatissimam
974 1933 1086 1978 Xri.
1115 1947 1320 1979 crucem
1343 1934 1676 1979 veliementer

35 2011 482 2068 commendarunt,
511 2015 558 2056 et
592 2025 693 2056 non
728 2011 965 2068 infimam
1003 2015 1219 2056 sanctae
1254 2012 1544 2068 patientiae
1584 2013 1671 2058 ali-

33 2103 191 2146 quam
214 2089 539 2134 occasionem
572 2089 921 2134 ostenderzmt.
951 2088 1091 2146 Quin
1125 2089 1307 2134 eadem
1332 2104 1414 2134 res
1438 2090 1672 2135 commis—

31 2167 191 2212 sariis
209 2180 408 2224 quoque
426 2170 631 2211 tantum
650 2166 915 2212 molestiae
924 2166 1170 2224 facessit,
1197 2168 1287 2224 qui
1304 2171 1424 2223 post
1447 2167 1673 2213 Patrum

32 2243 247 2299 labores,
273 2247 327 2288 vt
349 2245 401 2289 in
426 2243 605 2289 eodem
640 2244 902 2289 elaborent
923 2244 1129 2302 negotio
1155 2245 1206 2290 in
1235 2244 1383 2290 Ol'bin
1408 2248 1531 2289 sunt
1552 2250 1673 2301 pro-

20 2321 180 2379 fectis
202 2335 300 2379 quo
334 2321 494 2366 semel
523 2321 736 2367 tana'em
770 2322 1046 2378 explicatis
1078 2322 1315 2368 omnibus
1349 2322 1672 2380 difficultati-

33 2398 143 2455 bus,
171 2398 356 2456 (Juibus
378 2399 631 2444 liactenus
656 2399 893 2444 nonnihil
914 2399 1146 2444 intricati
1162 2399 1447 2455 haesimus,
1474 2414 1671 2451 secure,

33 2475 330 2532 tranquille,
359 2475 526 2533 qin'ete
551 2475 855 2521 animarum
878 2463 1042 2521 saluti
1063 2476 1402 2521 inserniatur.

93 2553 137 2597 4.
205 2552 269 2598 Et
291 2568 429 2608 sane,
458 2552 567 2597 Deo
592 2552 775 2609 optimo
801 2553 941 2608 duce,
968 2552 1078 2598 fore
1103 2568 1365 2609 speramus
1391 2562 1443 2598 vt
1468 2564 1672 2610 praeter

32 2629 167 2674 illam
203 2629 535 2686 occasionem,
564 2645 711 2686 quam
746 2630 823 2675 hic
857 2630 982 2675 Xro.
1011 2630 1204 2675 animas
1240 2630 1580 2676 lucrifaciendi
1605 2640 1672 2676 te-

32 2722 222 2765 nemus,
252 2707 519 2764 puzotiana
556 2706 620 2765 [P]
656 2707 805 2753 etiam
841 2717 987 2764 porta
1021 2724 1113 2754 sua
1147 2717 1324 2765 sponte
1364 2708 1503 2754 nobis
1538 2720 1670 2765 pate-

32 2792 142 2829 scat
163 2789 199 2829 a·
229 2783 302 2829 Vt
326 2784 420 2829 hac
455 2784 693 2841 paulatim
724 2785 880 2831 nostri
907 2785 1118 2831 Patr'es
1107 2785 1336 2841 1n0·1essi,
1364 2786 1426 2830 ad
1457 2801 1674 2832 saxones

31 2861 179 2907 etiam
204 2877 358 2918 vsque
383 2861 630 2908 foeliciter
660 2863 969 2919 perueniant
994 2863 1113 2920 Qua
1138 2863 1199 2907 a'e
1224 2877 1277 2907 re
1296 2863 1488 2921 plura
1486 2864 1672 2910 fortas-

30 2952 86 2983 se
107 2940 358 2996 scripturi
379 2953 566 2986 surnus
585 2941 847 2997 proximis
870 2941 987 2987 liter
989 2942 1049 2986 is

89 3016 134 3063 5.
201 3015 416 3074 Collegii
442 3018 651 3074 penuria
684 3019 753 3065 ita
787 3018 1003 3076 quadam
1040 3018 1150 3063 vice
1187 3017 1277 3064 fuit
1312 3029 1593 3077 contracta,
1622 3032 1673 3065 vt

79 3190 97 3211 ὃ
147 3184 283 3222 Prius
311 3184 613 3232 puzotianam...
634 3191 835 3233 portam...
858 3191 1082 3233 patescere.
