2051 3516
529 291 589 327 30.
621 291 896 327 «Yixnowxa
931 292 972 326 17
1000 290 1173 326 Amris
1206 291 1292 327 1357
1605 293 1671 329 165

157 387 224 432 18.
293 386 606 443 Quotidianis
631 387 789 433 sacris
814 386 943 444 apud
967 402 1055 432 nos
1080 386 1320 432 intersunt
1340 396 1486 444 atque
1510 404 1599 433 sua
1625 389 1716 444 pie-

94 476 195 509 tate
217 471 233 491 ³
257 464 382 509 alios
406 463 686 515 aedificant,
715 476 761 510 et
786 465 895 510 licet
915 480 1041 509 nune
1067 480 1159 509 non
1192 464 1521 509 confiteantur
1556 465 1599 509 in
1636 481 1714 510 no-

95 550 200 585 stro
219 541 418 597 templo,
443 541 569 597 quod
590 543 748 586 nullus
768 550 1048 586 nostrorum
1070 541 1195 585 illius
1215 541 1414 598 linguae
1434 543 1667 587 nolz'licml
1702 542 1720 568 '¹³

96 618 293 675 habeat,
320 626 489 663 tamen
525 619 652 674 apud
689 634 777 664 nos
811 611 1187 664 sacrosanctam
1221 619 1448 675 synaxim
1483 635 1718 676 saepenu-

96 712 234 740 mero
258 695 545 752 suscipiunt.

159 773 225 818 19.
295 773 472 818 Patres
498 775 652 819 nostri
688 785 899 832 pergunt
930 775 1273 832 promulgare
1309 774 1519 820 uerbzmz
1548 775 1651 819 Dea·
1678 779 1725 819 et

98 866 263 896 semen
287 857 303 877 ⁰
338 851 706 909 euangelicum,
733 867 795 897 ex
825 868 920 908 quo
954 862 1037 896 tua
1071 852 1198 897 Rda.
1226 852 1278 897 P.
1307 851 1499 897 fruetus
1532 853 1723 909 amplos

98 943 423 983 promanasse
462 927 608 973 facile
650 928 904 974 intellexit.
948 929 1197 975 Numerus
1236 929 1519 975 auditorum
1560 941 1724 975 manet

98 1005 202 1050 fere
236 1015 287 1050 ut
323 1015 488 1050 antea.
529 1006 654 1051 Nam
690 1022 809 1051 oues
845 1005 1025 1051 Christi
1063 1016 1388 1063 perseuerant
1423 1007 1722 1064 audiuntque

99 1097 276 1127 uocem
301 1082 531 1139 pastoris.

157 1159 226 1205 20.
298 1159 480 1205 Nouitii
516 1161 669 1205 nostri
706 1172 752 1206 et
787 1161 831 1206 in
868 1161 1021 1206 literis
1055 1172 1101 1206 et
1136 1161 1183 1206 in
1216 1162 1388 1217 spiritu
1424 1163 1547 1207 bene
1582 1161 1724 1218 profi-

99 1236 247 1282 ciunt.
276 1237 570 1283 Praeteritis
596 1238 764 1284 diebus
799 1238 895 1283 duo
927 1239 1269 1284 adolescentes
1294 1230 1478 1295 recepti
1502 1248 1631 1288 sunt,
1660 1240 1724 1284 al-

99 1326 175 1360 ter
199 1315 361 1360 bonae
383 1316 499 1372 Spei
521 1320 568 1360 et
591 1316 716 1361 bene
752 1317 924 1362 doetus
949 1317 1117 1373 Praga
1143 1317 1203 1362 acl
1229 1333 1317 1362 nos
1342 1318 1519 1362 missus
1543 1326 1631 1362 est:
1660 1317 1725 1361 al-

99 1401 175 1437 ter
200 1408 381 1449 expers
405 1393 681 1438 studiorum
706 1393 768 1438 ad
794 1393 958 1439 officia
982 1395 1199 1439 serm'lia
1234 1409 1293 1439 ac
1326 1394 1597 1440 domestica
1622 1394 1725 1439 des-

99 1469 245 1514 tinari
280 1479 455 1526 potest.
509 1470 721 1528 Vterque
755 1470 1040 1516 membrum
1075 1471 1348 1517 Socz'etatl's
1371 1486 1481 1517 esse
1501 1476 1726 1528 paratus

100 1550 186 1591 est.

190 1623 370 1682 [Optat
393 1623 711 1671 Germaniae
735 1626 955 1671 reditum
981 1626 1053 1671 ad
1075 1626 1337 1672 Clzm'stmn
1367 1631 1415 1671 et
1440 1626 1729 1672 Ecclesiam

99 1707 379 1759 precesque
399 1702 564 1759 petit]

181 1779 412 1824 Viennae
438 1779 695 1834 Austriae,
723 1780 800 1826 die
824 1780 1083 1826 paschatis
1107 1797 1236 1826 anno
1265 1781 1391 1826 1557.

190 1856 268 1901 Ex
303 1856 538 1902 mandato
572 1857 682 1902 Rdi.
712 1857 835 1903 Pris.
864 1858 1033 1915 nostri,
1061 1858 1201 1904 Tuae
1236 1858 1393 1904 Rdae.
1424 1859 1473 1904 P.
1502 1858 1730 1915 indignus

103 1933 243 1986 filius,

978 1995 1264 2041 Dommcus
1300 1996 1541 2042 MENGHIN
1578 1998 1607 2041 ¹.

195 2070 342 2116 Lrae.
369 2071 397 2115 4
421 2071 677 2116 mensium.

150 2257 167 2277 a
210 2263 281 2287 suo
301 2250 462 2298 pietatis
481 2251 680 2298 exemplo.
739 2251 805 2278 —b
836 2251 1035 2298 peritiam.
1091 2259 1151 2278 —C
1196 2264 1335 2288 semen
1355 2252 1501 2288 iacere.

152 2408 161 2426 ¹
213 2406 475 2443 Rhetoricam
497 2412 565 2442 aut
580 2406 763 2453 linguam
779 2419 984 2453 graecam,
1002 2407 1177 2443 nondum
1193 2406 1392 2451 sacerdos,
1411 2405 1591 2449 docebat,
1614 2405 1733 2451 paulo

104 2471 191 2514 post
210 2467 260 2503 ad
284 2466 554 2503 sacerdotium
579 2471 798 2514 promotus.
831 2465 894 2503 Cf.
921 2466 1076 2503 Laim'z'
1101 2467 1310 2512 Monum.‚
1342 2467 1414 2502 loc.
1445 2466 1509 2501 eit.
1538 2465 1619 2507 371,
1649 2464 1731 2507 419,

104 2526 186 2568 549,
207 2526 288 2563 580.
