2051 3516
504 328 858 367 ‘ja—Fmiffix'rffl
892 329 934 364 13
961 317 1198 364 Fssssizuffisszn
1230 330 1316 364 1337
1615 333 1680 367 115,

93 439 151 468 eo
175 424 383 479 discunt,
411 426 539 471 domi
564 426 767 483 fratres,
793 441 994 471 sorores
1013 435 1062 470 et
1081 425 1288 470 ancillas
1307 426 1501 471 docent.
1527 427 1730 484 Aliquffi]

91 500 241 545 etiam
266 501 451 559 dialogi
477 503 522 547 in
548 518 659 548 eam
686 503 843 559 ipsam
868 501 1143 563 doctrinam
1176 501 1494 546 christianam
1534 518 1733 559 compo—

91 577 169 621 siti
194 577 239 621 in
263 592 456 624 summo
479 580 664 635 templo
690 594 719 624 a
743 577 924 623 nostris
949 577 1199 634 discipulis
1225 577 1364 623 fuere
1390 578 1603 635 recitati,
1631 581 1732 636 qui-

93 653 181 698 bus
205 654 536 701 interfuerunt
560 656 622 700 ad
648 656 744 700 tria
769 664 853 700 aut
878 664 1093 711 quatuor
1123 655 1273 699 millia
1299 655 1602 712 homin[um]‚
1631 658 1729 712 qui,

89 739 138 774 et
176 731 326 775 rebus
365 732 480 788 ipsis
520 748 643 788 quas
678 732 743 777 illi
781 732 1114 788 continebant,
1157 741 1206 777 et
1245 731 1559 777 recitantium
1600 733 1727 778 mira

88 807 303 864 quadam
327 809 540 863 actione,
581 810 728 855 ualde
762 809 990 854 delectati
1017 819 1130 854 sunt
1164 819 1212 854 et
1236 809 1485 859 admirati,
1514 809 1730 856 fructum

92 885 352 940 plurimum
379 886 488 932 inde
512 887 851 945 haurient[es];
879 886 1095 931 nonnulli
1121 896 1169 931 et
1193 902 1283 931 nos
1308 887 1732 933 benedictionibus

88 972 462 1020 prosequentes,
490 964 620 1021 quod
645 974 750 1009 tarn
775 963 853 1020 pie
878 963 1180 1008 iuuentutem
1208 963 1634 1021 instituer[e]mus

153 1039 218 1083 11.
288 1039 367 1083 Ad
394 1039 517 1085 haec
542 1040 659 1086 illud
684 1050 949 1097 praeterea
975 1040 1253 1085 addendum
1285 1041 1418 1095 duxi,
1455 1042 1730 1097 quodcum

85 1115 287 1172 quidam
312 1132 375 1162 ex
400 1118 584 1163 nostris
609 1118 875 1174 quemdam
900 1117 1216 1174 bibliopolam
1242 1118 1496 1172 adiissent,
1519 1135 1580 1164 ac
1600 1119 1732 1165 forte

88 1192 133 1236 in
159 1193 416 1239 cuiusdam
442 1195 639 1251 pessimi
661 1194 898 1240 haeretici
919 1194 1073 1240 libros
1093 1188 1391 1252 incidissent,
1415 1211 1498 1241 eos
1520 1197 1730 1253 primum

89 1270 218 1315 bona
253 1270 404 1327 ipsius
437 1256 736 1328 bibliopolae
772 1272 916 1317 uenia
952 1287 1118 1317 secum
1162 1272 1361 1318 domum
1396 1274 1730 1331 abstulerunt,

89 1347 262 1392 deinde
286 1348 516 1394 heresum
543 1349 861 1407 inquisitores
885 1365 944 1394 ea
970 1350 1028 1394 de
1064 1365 1117 1394 re
1152 1350 1445 1406 docuerunt,
1483 1352 1561 1408 qui
1598 1352 1728 1398 dixe-

89 1434 205 1469 runt
229 1435 280 1469 ut
305 1425 364 1469 de
389 1425 481 1471 illis
505 1413 755 1482 libris-pro
791 1426 1000 1471 arbitrio
1025 1437 1252 1488 agerent,
1282 1443 1342 1472 ac
1367 1427 1515 1475 etiam
1540 1430 1729 1484 petiere

89 1510 141 1545 ut
168 1501 383 1558 reliquas
407 1501 699 1548 bibliotecas
726 1503 1010 1555 inuiserent,
1049 1519 1232 1560 easque
1269 1505 1332 1550 ab
1367 1500 1641 1551 huiusmodi
1668 1500 1730 1551 'li-

91 1578 193 1622 bris
217 1589 576 1635 expurgarent,
603 1580 641 1624 si
667 1595 788 1636 quos
813 1590 979 1625 tamen
1005 1580 1322 1626 inuenissent.

151 1655 218 1700 12.
287 1655 362 1701 De
388 1665 561 1702 nostra
586 1656 849 1713 temporali
884 1657 1029 1702 domo
1064 1658 1188 1715 haec
1225 1673 1387 1714 pauca
1423 1659 1600 1714 dicam,
1639 1676 1727 1705 nos

88 1731 320 1777 benefitio
345 1732 529 1778 Illmae.
558 1733 732 1778 vxoris
757 1733 893 1779 ducis
938 1734 1079 1779 huius
1106 1734 1394 1780 Florentiae
1431 1738 1441 1760 ¹
1480 1737 1729 1782 comodio-

89 1824 193 1854 rem
218 1824 278 1854 ac
303 1810 593 1866 ampliorem
619 1810 805 1856 habere
840 1811 1163 1869 mansionem,
1201 1828 1315 1858 nam
1351 1814 1562 1870 quinque
1596 1831 1728 1860 noua

85 1887 313 1932 cubicula
337 1886 603 1933 aedificata
627 1888 766 1933 nobis
792 1889 1008 1945 fuerunt,
1042 1900 1426 1954 superextructo
1461 1892 1610 1937 etiam
1645 1908 1725 1949 po-

85 1962 182 2020 dio,
210 1964 483 2009 meridiano
509 1964 599 2009 soli
625 1965 869 2022 exposito,
897 1981 992 2021 quo
1028 1966 1089 2011 ad
1125 1967 1358 2013 tuendam
1394 1970 1725 2015 ualetudinem

85 2040 300 2085 maxime
325 2041 614 2097 egebamus,
647 2041 812 2098 Atque
837 2042 960 2087 haec
986 2053 1098 2088 sunt
1123 2059 1250 2100 quae
1274 2045 1538 2092 scribenda
1558 2047 1725 2092 habui·

86 2132 209 2161 mus.
238 2117 501 2173 Reliquum
527 2130 616 2173 est,
645 2128 696 2163 ut
721 2118 778 2163 T.
804 2119 855 2164 P.
880 2135 969 2176 pro
991 2120 1128 2165 nobis
1148 2120 1413 2167 Dominum
1435 2122 1594 2169 Deum
1617 2140 1724 2181 pre—

84 2206 241 2243 cetur.
270 2211 365 2252 quo
390 2195 670 2252 diligentius
692 2197 734 2242 ei
755 2196 799 2242 in
820 2206 1070 2253 posterum
1092 2199 1386 2245 seruiamus.
1409 2200 1592 2247 Datum
1614 2202 1724 2246 Flo-

85 2271 276 2316 rentiae
301 2271 458 2317 idibus
483 2272 774 2319 Februariis
801 2274 928 2320 1557.

174 2349 231 2394 T.
262 2349 314 2394 P.
342 2365 518 2395 seruus
544 2351 774 2396 minimus
798 2351 841 2396 in
868 2351 976 2402 Xf),

1243 2431 1351 2475 Lao
1386 2433 1562 2478 LiLirs
1598 2438 1629 2478 ².

173 2508 465 2566 Inscriptio.
503 2514 530 2562 †
565 2510 693 2556 Rdo.
722 2512 767 2556 in
793 2512 885 2557 X.0
912 2512 1010 2559 Pri.
1038 2514 1091 2560 Ρ.
1119 2515 1312 2573 Jacobo
1343 2517 1563 2573 Laynez,
1595 2517 1724 2563 vica-

84 2585 159 2630 rio
183 2587 405 2641 generali
431 2586 694 2634 Societatis
719 2589 853 2648 Jesu.
883 2576 1106 2637 Romae..

132 2728 142 2747 ¹
196 2728 364 2766 cosmas
385 2731 399 2767 I
419 2733 466 2768 de
487 2733 669 2771 Medicis.
694 2734 792 2783 Ejus
813 2749 912 2772 uxor
931 2744 1019 2774 erat
1043 2738 1243 2775 Eleonora
1264 2740 1311 2775 de
1333 2740 1500 2776 'l'oled0.

131 2788 143 2806 ²
197 2788 259 2825 De
279 2791 477 2836 epistolae
498 2799 663 2830 auctore
684 2795 732 2831 cf.
757 2796 894 2841 Episf.
917 2797 1055 2837 Mixa,
1080 2798 1130 2836 Υ.
1153 2799 1234 2834 mu.
