2051 3516
505 300 795 338 22l.—PRAGA
821 302 864 338 31
895 302 1138 340 DECEMBRIS
1166 304 1256 341 1558
1579 303 1649 340 919

74 405 259 452 ratore,
286 405 339 442 ut
363 412 415 442 se
440 405 773 454 praepararet
799 397 863 442 ad
886 390 1161 451 'contionem
1186 399 1563 457 postridianam,
1594 415 1703 457 pro-

73 483 244 530 pterea
263 473 392 531 quod
412 489 682 520 caesareus
702 473 1031 520 concionator
1051 484 1290 521 uenturus
1312 492 1407 522 non
1429 486 1555 523 erat.
1579 476 1705 523 Con-

71 551 294 597 cionatus
320 561 393 596 est
417 566 542 608 ergo
568 551 629 596 D.
654 550 902 597 Henricus
926 560 1030 597 toto
1067 568 1124 597 eo
1160 562 1385 611 tempore
1422 570 1518 611 quo
1555 553 1606 599 S.
1646 553 1703 600 C.

75 628 137 674 M.
165 629 246 673 ln'c
268 628 520 685 praesens
541 635 559 656 ³
588 628 693 683 fuit,
721 628 865 684 idque
900 643 1011 673 cum
1048 645 1232 687 magna
1267 630 1480 676 omnium
1513 631 1707 677 satisfa-

72 705 249 751 ctione.
280 705 470 750 Eodem
494 721 617 751 uero
642 705 718 750 die
743 720 839 761 quo
866 705 1084 762 Pragam
1110 707 1383 764 imperator
1417 707 1707 766 ingredere-

72 792 168 838 tur,
205 781 562 828 transeundum
595 782 660 827 illi
696 782 786 828 fuit
811 781 829 808 ¹⁰
864 791 1064 827 nostras
1098 783 1262 840 aedes3
1300 784 1377 830 hic
1413 794 1535 830 tunc
1565 794 1708 831 erant

72 858 301 904 destinati
325 858 513 915 aliquot
536 859 674 916 pueri
698 868 902 905 nostrae
926 859 1127 905 scholae
1158 860 1383 917 apposite
1420 861 1601 918 ornati,
1629 861 1707 918 qui

73 952 161 993 pro
185 936 523 993 gratulatione
547 936 729 993 aliquid
760 935 1067 982 exhiberent.
1096 939 1215 984 Erat
1238 939 1450 994 primum
1475 939 1704 995 angelus,

74 1013 152 1070 qui
178 1014 264 1070 ipsi
289 1014 335 1059 in
359 1029 547 1071 genere
571 1013 943 1071 gratulabatur;
971 1013 1145 1059 deinde
1165 1031 1264 1071 pax
1282 1025 1329 1061 et
1347 1015 1554 1073 justitia,
1580 1031 1707 1073 quae

74 1101 284 1137 martem
309 1092 510 1136 tenebat
532 1090 759 1148 ligatum3
787 1100 1040 1147 postremo
1072 1092 1249 1137 domus
1282 1093 1554 1148 austriaca,
1583 1108 1709 1150 quae

74 1169 366 1214 recensebat
390 1169 662 1214 stemmatis
685 1168 759 1214 sui
784 1168 1111 1214 nobilitatem.
1143 1169 1301 1215 Erant
1327 1179 1598 1227 praeterea
1628 1186 1707 1227 ap-

73 1261 226 1303 pensa
252 1261 392 1291 muro
417 1246 628 1302 insignia
652 1256 700 1291 et
722 1245 946 1291 carmina
976 1245 1035 1291 de
1073 1246 1249 1302 aquilis
1279 1256 1328 1292 et
1360 1247 1471 1292 aliis
1496 1262 1623 1304 quae
1648 1247 1710 1292 ad

73 1323 441 1370 serenissimum
468 1323 737 1380 principem
761 1331 810 1368 et
834 1322 1092 1368 Bo'emiam
1127 1323 1461 1379 pertinebant,
1499 1339 1709 1380 quorum

74 1401 319 1458 quaedam
338 1401 489 1459 etiam
509 1410 653 1446 erant
670 1415 861 1458 graeca
883 1407 915 1446 Ε.
937 1400 1136 1446 Verum
1156 1416 1268 1447 cum
1288 1417 1375 1458 per
1397 1402 1570 1447 vrbem
1596 1401 1708 1446 mul-

75 1480 135 1525 tis
158 1478 578 1536 gratulationibus
604 1478 862 1535 impeditus
886 1477 1062 1524 fuisset
1090 1478 1379 1536 imperator,
1413 1495 1473 1525 ac
1506 1479 1596 1524 sub
1630 1479 1710 1524 ob-

76 1573 275 1603 scuram
299 1557 406 1603 fere
430 1566 627 1602 noctem
653 1556 715 1602 ad
739 1572 830 1602 nos
848 1556 1044 1602 demum
1068 1557 1397 1615 peruenisset,
1431 1556 1714 1602 arbitratus

77 1635 309 1693 aliquam
349 1635 419 1681 ibi
453 1635 668 1693 longam
709 1635 1029 1682 comoediam
1063 1649 1174 1680 esse
1209 1634 1573 1690 exhibendam,
1610 1633 1713 1679 fieri

77 1722 193 1758 tunc
223 1723 426 1770 praeter
456 1721 643 1758 mutarn
677 1712 1047 1768 exhibitionem,
1086 1712 1203 1758 nihil
1238 1712 1410 1769 potuit.
1445 1711 1713 1758 Caeterum

77 1806 219 1836 suum
244 1806 441 1847 equum,
470 1790 550 1847 qui
575 1790 796 1836 clamore
821 1789 840 1817 ‘¹
862 1799 910 1836 et
933 1790 1144 1848 strepitu
1165 1790 1330 1847 angeli
1350 1789 1601 1846 inopinato
1620 1800 1714 1834 ter-

81 1869 302 1923 rebatur,
330 1867 413 1913 uix
438 1867 709 1925 aliquoties
727 1875 742 1896 e
764 1868 1170 1926 circumagendo,
1196 1867 1264 1913 ita
1289 1882 1610 1925 compescere
1632 1882 1712 1924 po-

79 1946 186 2001 tuit,
214 1955 267 1991 ut
291 1945 420 2002 quod
445 1954 702 2003 ageretur,
731 1946 995 2003 aspiceret,
1034 1961 1130 2003 quo
1166 1946 1272 2003 ipsa
1307 1945 1317 1972 f
1352 1943 1404 1990 S.
1441 1945 1505 1990 M.
1535 1944 1713 2002 signifi-

78 2024 228 2069 cabat
253 2022 521 2068 maximum
545 2038 688 2069 suum
712 2038 837 2080 erga
856 2039 946 2069 nos
965 2024 1209 2080 fauorem,
1234 2032 1284 2069 et
1304 2031 1420 2068 tunc
1441 2021 1713 2068 clementis-

79 2101 200 2147 sime
224 2102 355 2147 laeto
379 2101 517 2146 uultu
541 2101 724 2147 nostris
749 2101 920 2147 ordine
944 2101 1117 2158 positis
1148 2101 1415 2156 annuebat,
1454 2100 1715 2146 declarans

42 2235 53 2240 η
79 2194 226 2237 quam
266 2178 476 2224 libenter
515 2194 699 2236 pueros
738 2179 974 2235 audisset,
1011 2179 1050 2224 si
1090 2194 1178 2235 per
1216 2179 1532 2235 ingruentem
1567 2177 1715 2222 immo

82 2266 398 2313 praesentem
418 2265 614 2302 noctem
637 2257 684 2302 id
708 2256 940 2303 licuisset.

142 2334 211 2379 12.
277 2334 432 2379 Hunc
451 2334 636 2379 deinde
654 2334 935 2380 transitum
954 2334 1168 2392 quidam
1188 2332 1412 2389 Colinus,
1435 2332 1607 2377 malus
1623 2331 1714 2377 Ec-

80 2412 267 2457 clesiae
291 2412 515 2469 colonus,
543 2425 665 2457 rrcox
686 2413 920 2458 carmine
943 2411 1168 2469 quodam
1193 2410 1379 2467 aedito,
1406 2423 1504 2467 quo
1538 2409 1715 2454 trium-

77 2490 245 2545 plnnn
269 2489 598 2546 describebat,
637 2490 689 2535 in
722 2490 995 2536 sinistram
1026 2492 1232 2546 partein
1268 2487 1536 2543 conuertit,
1574 2486 1715 2532 collo·

80 2581 207 2612 cans
240 2580 334 2612 nos
356 2566 535 2612 eodem
558 2567 740 2612 ordine
763 2581 861 2625 quo
875 2567 1122 2625 judaeos,
1149 2578 1275 2623 qnos
1301 2568 1543 2621 utrosque
1578 2564 1714 2608 insa-

80 2644 271 2689 lutatos
293 2642 346 2688 S.
373 2643 422 2689 C.
446 2643 515 2688 M.
532 2644 887 2700 pertransisse
900 2642 1129 2701 gloriari
1146 2641 1436 2687 uidebatur.
1459 2639 1567 2685 Sed
1582 2640 1718 2685 lianc

82 2721 279 2767 malam
288 2721 510 2779 famam
533 2720 587 2766 S.
616 2721 667 2767 C.
695 2721 764 2768 M.
803 2721 1015 2767 clariori
1031 2719 1253 2778 fauoris
1287 2717 1514 2774 insignis
1548 2731 1715 2762 exem-

82 2799 166 2855 plo
191 2799 407 2857 auferre
432 2798 624 2856 uolens,
653 2799 726 2844 ad
746 2798 1019 2856 collegium
1039 2800 1272 2841 nostrum
1291 2809 1356 2840 ex
1374 2808 1492 2840 arce
1511 2793 1714 2840 descen-

85 2876 244 2922 disset
264 2875 553 2932 (sumrnam
576 2876 714 2922 enirn
748 2875 894 2922 nobis
926 2880 1073 2932 spem
1107 2873 1214 2919 iam
1249 2873 1376 2918 uiua
1411 2885 1534 2918 uoce
1570 2871 1715 2917 dede-

130 3043 149 3062 a
187 3042 362 3089 Pragae.
404 3042 471 3070 —b
490 3054 575 3089 per.
619 3049 682 3070 —0
705 3042 796 3089 Seq.
813 3053 881 3079 vv.
899 3053 1003 3088 quae
1018 3043 1300 3086 composuerat
1314 3038 1448 3076 oblitt.
1494 3037 1560 3065 —d
1581 3037 1719 3075 Prius

89 3108 217 3140 metu.
277 3109 343 3130 —e
358 3102 536 3140 tandem.
590 3101 648 3131 ...f
676 3108 716 3139 vt
735 3106 894 3149 poterat
912 3106 1061 3138 tamen.
