2051 3516
470 303 740 341 2O.—MONTE
766 314 925 340 REGALI
949 303 992 339 31
1017 303 1220 350 JANUARII
1249 303 1339 339 1557
1630 303 1678 340 85

863 591 936 642 20

408 729 462 775 Ρ.
500 727 772 775 PETRUS
807 726 1392 774 SANCTACRUCIUS

496 851 635 878 MONTE
662 851 821 877 REGALI
845 840 888 876 31
917 850 1115 888 JANUARH
1144 840 1235 876 1557
1263 841 1287 877 ¹.

164 945 195 980 1.
219 943 445 980 Numerus
464 945 504 979 et
520 942 667 988 officia
687 941 1054 979 sompnum-25.
1076 941 1244 978 Eorum
1264 942 1512 978 ministeria
1533 952 1634 987 erga

285 1003 614 1049 proximos—4.
638 1002 1009 1039 Scholaslz'cormn
1025 1000 1249 1047 profectus
1268 1003 1314 1038 in
1333 1001 1505 1038 scholis.

138 1117 176 1162 1.
243 1117 398 1162 Molto
422 1116 550 1161 Rdo.
575 1116 621 1160 in
641 1115 733 1161 X.⁰
754 1115 933 1161 Padre.
956 1115 1065 1160 Pax
1084 1114 1242 1172 Chri.‚
1265 1124 1361 1161 etc.
1385 1115 1578 1172 Questa
1596 1118 1716 1161 sara

66 1210 163 1252 ‘per
186 1193 402 1239 sodisfar
426 1192 792 1238 all’obedientia
816 1193 876 1238 de
898 1192 1091 1237 scriuer
1120 1191 1238 1249 ogni
1273 1207 1407 1237 mese
1441 1191 1519 1238 del
1554 1192 1713 1238 frutto

74 1272 163 1317 che
195 1271 235 1316 si
268 1270 336 1327 fa,
373 1281 421 1316 et
454 1270 499 1315 in
535 1279 710 1327 questa
744 1269 854 1315 diro
889 1270 934 1315 di
969 1270 1130 1325 quello
1164 1269 1254 1314 che
1288 1269 1360 1314 s'a
1382 1268 1712 1326 fatto-questo

73 1364 208 1394 mese
232 1348 279 1393 di
303 1346 542 1394 Gienaro.
572 1347 637 1393 Et
659 1347 1006 1393 cominciando
1031 1346 1109 1392 del
1140 1362 1348 1392 numero
1380 1347 1508 1393 delle
1543 1362 1712 1404 perso-

72 1442 146 1479 ne,
176 1441 314 1471 semo
344 1425 431 1482 sei,
458 1425 571 1470 duoi
595 1424 864 1479 sacerdoti,
891 1424 1000 1469 cioe
1024 1424 1055 1469 il
1078 1423 1158 1469 P.e
1182 1423 1311 1483 Joan
1336 1423 1543 1480 Rubies,
1572 1425 1662 1470 che
1686 1427 1713 1470 e

72 1505 119 1549 lo
143 1513 335 1550 rettore
358 1513 407 1548 et
431 1502 766 1560 predicatore,
793 1502 823 1546 il
849 1503 993 1559 quale
1018 1501 1241 1547 anchora
1271 1501 1334 1547 ha
1368 1501 1556 1548 hauuto
1590 1517 1714 1548 cura

71 1582 199 1627 della
232 1591 372 1627 terza
405 1580 590 1637 schola,
629 1589 677 1626 et
711 1577 869 1625 Santa
905 1579 1070 1625 Croce
1104 1580 1137 1641 23
1174 1579 1242 1635 gli
1272 1579 1386 1624 altri
1417 1595 1572 1625 sonno
1597 1580 1713 1626 duoi

70 1659 245 1705 mastri
268 1658 328 1704 de
353 1659 539 1714 schola,
566 1658 673 1703 6106
697 1657 763 1703 Μ.
791 1656 993 1702 Simone
1018 1657 1033 1681 3
1065 1666 1113 1702 et
1143 1657 1206 1701 M.
1240 1656 1458 1702 Battista
1492 1658 1524 1713 4,
1563 1667 1610 1702 et
1644 1657 1713 1713 gli

57 1737 184 1782 *duoi
209 1736 365 1782 ultimi
389 1747 607 1793 tengono
631 1750 753 1780 cura
773 1735 886 1780 delli
910 1734 1100 1780 seruitii
1120 1734 1251 1779 della
1275 1749 1412 1790 casa,
1435 1734 1542 1780 6106
1567 1734 1712 1780 Ν160-

116 1911 126 1929 ¹
177 1909 241 1946 Ex
271 1908 526 1956 autographo
557 1908 597 1944 in
629 1907 766 1944 codice
788 1907 889 1945 Ital.
924 1906 1018 1952 107,
1051 1906 1074 1943 2
1105 1906 1163 1951 ff..
1184 1919 1251 1944 nn.
1276 1907 1355 1952 158,
1387 1907 1466 1953 159;
1497 1908 1608 1955 prius
1626 1907 1709 1953 272,

54 1970 163 2006 olim
181 1968 263 2006 232.

113 2029 126 2048 ²
176 2029 257 2066 PP.
279 2028 436 2065 Rubies
455 2033 495 2065 et
514 2027 666 2065 Sancta
686 2026 799 2064 Crux
818 2027 1090 2064 versabantur
1106 2028 1189 2075 jam
1208 2027 1247 2063 in
1263 2027 1338 2063 hoc
1353 2027 1530 2074 collegio
1546 2040 1709 2074 praece—

67 2089 176 2126 denti
201 2101 323 2125 anno.
353 2087 416 2125 Cf.
450 2087 697 2131 POLANCUM,
724 2087 892 2131 Clzron„
917 2086 988 2133 VI,
1008 2086 1091 2123 293.
1126 2086 1191 2123 De
1223 2087 1296 2123 hoc
1324 2086 1369 2123 P.
1400 2086 1529 2124 Santa
1562 2086 1707 2131 Croce,

66 2148 255 2195 quoniam
271 2148 409 2184 nullus
423 2147 528 2184 alius
544 2147 664 2195 hujus
679 2146 852 2183 nominis
868 2146 1076 2182 invenitur
1090 2146 1131 2182 in
1146 2146 1323 2193 antiquis
1339 2146 1539 2193 catalogis
1554 2147 1706 2192 siculis,

65 2208 254 2245 videntur
278 2207 548 2254 intelligenda
578 2219 683 2254 quae
711 2207 913 2243 habentur
940 2207 979 2242 in
1007 2207 1181 2253 quodam
1209 2207 1398 2253 catalogo
1425 2206 1708 2243 defunctorum

48 2268 228 2315 collegii
248 2267 532 2315 panormitani,
554 2267 758 2314 aliquibus
777 2267 894 2303 annis
909 2272 997 2313 post
1012 2267 1174 2314 scripto:
1199 2266 1253 2303 «Il
1268 2266 1336 2304 Ρ.Θ
1357 2266 1495 2304 Pietro
1511 2266 1591 2304 §sta
1609 2266 1707 2304 Cro-

67 2340 127 2372 66,
148 2328 388 2375 spagnuolo,
409 2327 530 2374 quale
552 2340 623 2363 era
642 2332 746 2363 stato
774 2327 964 2363 mandato
993 2327 1031 2363 al
1059 2326 1154 2372 sego
1181 2339 1254 2373 per
1280 2325 1499 2363 confessar‘
1525 2327 1553 2363 11
1581 2327 1707 2363 nostri

66 2386 219 2424 fratelli
238 2388 311 2424 che
331 2387 359 2423 li
378 2393 566 2432 stauano;
589 2393 629 2424 et
648 2388 777 2434 prima
797 2399 867 2423 era
886 2392 991 2423 stato
1019 2386 1203 2423 ministro
1228 2386 1268 2422 in
1295 2392 1438 2433 questo
1465 2386 1641 2433 collegio
1668 2387 1707 2424 di

65 2447 269 2491 Palermo;
290 2447 407 2494 dopoi
438 2447 477 2483 in
509 2447 725 2483 Monreale
758 2446 798 2483 fu
830 2452 993 2483 rettore.
1035 2446 1143 2483 Mori
1173 2446 1214 2483 in
1245 2446 1464 2483 Marsala.»
1492 2446 1538 2482 In
1568 2446 1705 2484 codice

29 2498 31 2501 Α
66 2507 147 2544 Sic.
169 2507 238 2551 59,
259 2520 297 2544 n.
323 2507 389 2543 126
407 2519 460 2553 V.;
483 2507 594 2554 prius
615 2507 694 2548 137,
717 2508 812 2543 olim
831 2506 913 2543 207.
935 2506 997 2542 Ex
1016 2506 1191 2553 quadam
1218 2505 1502 2542 informatione
1530 2506 1705 2543 Romam

64 2566 185 2603 missa
204 2580 227 2603 a
251 2566 375 2603 Patre
403 2572 562 2603 rectore
590 2566 755 2613 collegii
785 2566 1053 2613 panormitani
1082 2578 1221 2602 mense
1245 2565 1354 2612 Julio
1384 2565 1488 2606 1558,
1518 2565 1705 2603 novimus

63 2624 107 2662 P.
130 2625 281 2663 Sancta
301 2625 415 2663 Crux
434 2638 524 2662 esse
545 2632 640 2663 tunc
658 2631 860 2662 rectorem
880 2626 1046 2672 collegii
1065 2624 1388 2670 Montisregalis.
1411 2624 1525 2666 Ibid„
1558 2638 1597 2662 n.
1622 2626 1701 2670 140,

63 2685 173 2731 prius
194 2685 273 2722 163,

110 2745 123 2764 ⁸
174 2744 401 2790 Quemdam
415 2744 583 2782 fratrem
599 2744 807 2782 Simonem
823 2745 978 2789 italum,
997 2745 1224 2781 invenimus
1245 2757 1349 2780 anno
1367 2744 1458 2780 1558
1471 2744 1512 2780 in
1527 2745 1703 2791 collegio

66 2805 346 2850 panormitano
391 2805 520 2851 prima
555 2805 844 2852 grammatices
879 2805 1108 2841 rudimenta
1143 2805 1368 2841 docentem.
1413 2804 1529 2849 Ibid.,
1566 2817 1604 2841 n.
1642 2804 1700 2848 79,

63 2864 173 2910 prius
190 2864 247 2902 67.
270 2865 336 2901 De
354 2878 433 2912 quo
452 2865 597 2902 dicitur
617 2878 708 2901 eum
729 2866 856 2902 multo
876 2865 1021 2901 abhinc
1048 2871 1229 2910 tempore
1258 2864 1298 2900 in
1326 2863 1507 2901 Siciliam
1535 2865 1701 2901 missum

63 2922 199 2960 fuisse.
221 2924 341 2961 Unde
361 2937 574 2971 possumus
593 2925 790 2971 colligere
819 2937 908 2961 esse
936 2925 1052 2960 illum
1080 2923 1288 2960 Simonem
1316 2937 1421 2960 anno
1451 2924 1542 2960 1554
1568 2925 1701 2961 Roma

64 2982 242 3027 missum,
263 2983 313 3020 de
332 2996 410 3030 quo
430 2984 522 3020 vide
543 2984 742 3020 Monam.
771 2983 931 3029 Ignat„
953 2996 1018 3019 ser
1040 2983 1109 3025 1³,
1132 2982 1224 3025 VH,
1245 2982 1316 3019 619
1333 2996 1419 3030 sqq.

108 3043 122 3061 ⁴
170 3042 208 3079 Is
226 3041 350 3080 fuisse
370 3043 530 3080 videtnr
544 3043 724 3089 Joannes
742 3043 927 3090 Baptista
947 3042 1154 3089 Rogerius
1182 3043 1337 3090 aliquot
1363 3043 1479 3080 annis
1506 3049 1594 3090 post
1621 3046 1699 3080 601-

61 3101 160 3148 legii
176 3107 326 3139 rector.
391 3143 396 3148 ¹
