2051 3516
835 296 1054 332 LITTERAE
1081 294 1433 340 QUADRlMEs'rREs
1854 294 1896 331 16

375 395 416 439 7.
474 393 768 449 Peristylum
787 393 833 438 in
852 407 946 449 quo
965 391 1236 437 huiusmodi
1255 400 1369 436 acta
1388 390 1593 446 singulis
1616 391 1755 436 annis
1770 390 1942 435 haberi

327 471 500 523 solent,
528 479 823 516 exornatum
845 478 955 515 erat
978 468 1240 525 tapetibuS,
1263 467 1381 512 aliis
1398 468 1716 512 ornamentis
1739 467 1941 524 magni-

311 548 438 605 ficis
459 547 677 604 parietes
702 545 1068 601 uestiebcmtur,
1095 544 1257 590 multis
1282 547 1558 600 praeterea
1587 543 1886 588 carminibus
1906 549 1952 595 ³..

327 629 434 669 tam
467 624 911 680 parietes,.qumn
950 622 1181 666 collmme
1210 621 1228 647 b
1261 620 1645 665 decorabantur.
1675 618 1942 675 Enigmata

327 715 518 757 quoque
556 699 700 744 uaria
732 698 978 754 tapetibus
1013 702 1162 742 erant
1193 697 1366 754 defixa
1398 695 1740 752 pulcherrimis
1770 694 1944 751 figuris

326 777 519 833 depicta
545 783 576 833 ⁰,
611 776 672 820 ad
696 790 822 831 quae
849 775 1092 819 maximus
1115 773 1266 819 fiebat
1288 773 1535 818 hominum
1570 787 1792 827 acceSUS,
1830 788 1942 817 cum

326 853 520 900 uid-endi
543 852 748 910 figuras,
775 861 877 897 tum
902 851 1147 896 diuinandi
1171 851 1351 907 gratia,
1379 859 1431 895 ut
1449 849 1693 894 diuinatas
1711 849 1801 894 sibi
1825 864 1943 905 opes

327 931 624 987 acciperent;
652 929 714 974 ad
748 928 877 984 quod
911 943 1006 972 non
1040 943 1215 984 parum
1249 927 1470 983 picturae
1504 926 1861 982 pulchritudine
1895 934 1943 971 et

327 1006 487 1052 forma
522 1005 885 1051 excitabantur.
923 1003 1186 1060 Quaedam
1222 1012 1484 1059 praeterea
1518 1018 1578 1047 ex
1612 1002 1685 1047 his
1719 1011 1889 1058 postea
1915 1017 1943 1047 a

326 1082 477 1128 Patre
501 1082 563 1127 ad
587 1096 758 1137 regem
783 1083 794 1105 ¹
823 1081 954 1137 (nam
979 1080 1024 1125 id
1049 1080 1408 1136 postulauerat)
1433 1079 1598 1124 delata
1621 1088 1748 1124 sunt.

383 1158 426 1203 S.
493 1156 727 1214 Sequenti
775 1172 896 1202 uero
942 1156 1018 1201 die
1061 1156 1290 1213 aggressi
1334 1164 1446 1201 sunt
1488 1164 1841 1211 praeceptores
1885 1154 1944 1199 de

326 1250 462 1280 more
481 1233 850 1290 praelectiones
875 1232 1125 1288 explicare
1149 1232 1471 1287 compossz'tis
1490 1231 1753 1285 classibus,
1768 1231 1943 1288 facta-

327 1325 422 1369 que
446 1310 819 1366 ciz'scz'pztlormn
843 1310 1178 1366 megmcl'one,
1208 1322 1508 1365 unoquoque
1532 1309 1582 1353 in
1606 1321 1699 1352 sno
1724 1308 1827 1352 loco
1852 1307 1942 1352 col-

326 1388 487 1433 locato
511 1386 687 1432 habita
711 1386 1040 1442 z'tzgent'ormn
1064 1385 1263 1429 ratione
1284 1385 1317 1429 d.

385 1464 426 1508 Q.
492 1463 630 1509 Multi
674 1463 735 1507 de
777 1476 910 1507 nollo
949 1472 1063 1507 tunc
1102 1462 1336 1517 temporis
1365 1468 1384 1489 θ
1417 1471 1673 1517 uenerunt,
1715 1471 1767 1506 ut
1804 1462 1943 1506 nobis

328 1541 504 1586 darent
543 1555 762 1596 operam,
805 1538 1115 1594 quotidieque
1155 1553 1323 1582 eorum
1367 1553 1601 1582 numerus
1644 1539 1940 1594 augebatur.

328 1617 618 1662 Praefectus
642 1615 902 1672 gymnasii,
931 1624 981 1659 ut
1001 1614 1220 1670 discipuli
1244 1614 1305 1658 ad
1325 1614 1485 1659 studia
1506 1614 1758 1659 literarum
1777 1614 1943 1659 incita-

328 1703 515 1748 rentur,
544 1692 794 1738 constituit
817 1702 868 1737 ut
892 1691 1095 1748 singulis
1125 1691 1372 1736 mensibus
1400 1691 1472 1736 bis
1507 1700 1592 1735 aut
1625 1700 1700 1736 ter
1733 1691 1859 1736 inter
1892 1706 1944 1735 se

327 1770 557 1826 priuatim
573 1769 630 1814 de
648 1769 858 1825 primatu
876 1768 967 1813 loci
985 1767 1353 1823 contenderent3
1377 1768 1505 1822 quod
1522 1767 1709 1812 faciunt
1728 1768 1943 1812 maximo

328 1847 475 1892 animi
501 1847 696 1891 ardore:
734 1846 1078 1900 dictanturque
1113 1860 1141 1889 a
1177 1844 1581 1901 praeceptoribus
1611 1845 1751 1889 statis
1775 1844 1944 1889 diebus

329 1924 469 1969 huius
503 1924 572 1968 rei
606 1923 771 1979 gratia
805 1922 1040 1974 themata,
1078 1930 1124 1966 et
1158 1921 1196 1965 si
1221 1920 1484 1978 aliquando
1508 1920 1637 1966 forte
1658 1930 1942 1977 praecepto-

329 2016 409 2045 res
433 2001 801 2053 obliuiscuntur,
830 1999 917 2054 ipsi
942 1998 1218 2054 efflagitant
1241 1994 1329 2043 sibi
1354 1998 1573 2043 themata
1608 1989 1940 2054 proponenda,

329 2086 381 2122 ut
404 2076 677 2122 certamina
700 2075 832 2129 fiant,
861 2084 908 2119 et
930 2075 968 2119 si
993 2075 1252 2129 aliquando
1279 2074 1453 2130 aliquis
1477 2075 1539 2118 ab
1564 2074 1658 2118 alio
1683 2084 1943 2129 superatus

330 2162 557 2198 mouetur
589 2168 676 2197 suo
711 2152 836 2203 loco,
874 2160 1012 2196 tanto
1047 2150 1235 2206 pudore
1266 2149 1580 2205 suffunditur,
1610 2159 1659 2195 ut
1683 2150 1943 2205 aliquando

329 2230 743 2283 collachrimetur,
781 2227 1132 2284 confugiatque
1167 2227 1227 2271 ad
1263 2226 1587 2283 praefectum,
1628 2227 1858 2283 pollicens
1891 2242 1943 2271 se

329 2305 758 2362 praeparatiorem
782 2314 955 2359 postea
979 2304 1196 2348 futurum
1222 2305 1283 2348 ad
1307 2304 1430 2348 haec
1454 2304 1743 2359 certamina,
1770 2303 1943 2347 aduer-

330 2383 610 2438 sariumque
634 2397 789 2434 suum,
823 2382 860 2425 si
896 2391 1074 2436 posset,
1112 2382 1444 2436 superandum
1479 2390 1784 2434 curaturum,
1822 2396 1968 2436 quos«

330 2458 614 2515 praefectus
648 2458 947 2508 consolatur,
986 2458 1151 2513 eisque
1177 2458 1392 2502 animum
1417 2458 1549 2502 addit
1574 2467 1624 2502 ut
1648 2457 1747 2501 suis
1770 2457 1942 2502 aduer-

330 2535 473 2580 sariis
508 2540 693 2590 parem
726 2534 961 2590 gratiam
1002 2534 1224 2579 referant
1250 2533 1274 2578 f.
1319 2534 1556 2579 Decreuit
1590 2542 1853 2589 praeterea
1892 2543 1944 2579 ut

379 2702 396 2721 a
428 2694 603 2740 parietes
622 2706 718 2729 uero
739 2699 777 2729 et
792 2694 1001 2729 columnae
1018 2694 1153 2729 multis
1169 2694 1296 2730 affixis
1311 2694 1566 2729 carminibus.
1621 2693 1686 2719 -b
1702 2693 1942 2738 Perpemm

331 2753 611 2790 emendatum
633 2764 681 2788 ex
696 2753 917 2788 columnae.
978 2760 1033 2779 >⁷—C
1062 2753 1155 2799 ipsis
1171 2753 1371 2799 tapetibus
1386 2752 1664 2799 pulcherrimis
1680 2751 1818 2797 figuris
1838 2752 1943 2798 depi-

329 2818 393 2848 cta
412 2812 744 2857 appenderamus.
799 2811 862 2837 —d
884 2824 976 2847 suas
996 2813 1188 2848 lectiones
1216 2812 1430 2858 explicare,
1464 2811 1668 2847 collocatis
1696 2811 1803 2856 prius
1831 2812 1942 2848 disci-

331 2871 435 2916 pulis
462 2876 504 2906 ut
525 2870 686 2916 ingenia
709 2870 873 2918 [ingenii
894 2872 987 2915 ms]
1018 2871 1055 2906 id
1081 2873 1283 2917 postulare
1309 2871 1564 2907 uidebantur.
1623 2877 1684 2896 -e
1711 2870 1830 2906 Multi
1850 2877 1942 2908 tunc

331 2931 502 2976 primum
522 2930 723 2974 temporis.
790 2929 845 2954 —f
878 2936 919 2965 ut
939 2931 986 2966 de
1007 2931 1087 2965 suis
1115 2931 1355 2966 aduersariis
1383 2930 1484 2966 alias
1511 2929 1717 2966 uictoriam
1750 2929 1940 2966 referant.

382 3077 388 3093 ¹
437 3074 613 3119 Joannes
631 3073 697 3109 HI.
