<?xml version="1.0" encoding="UTF-8"?>
<!DOCTYPE html PUBLIC "-//W3C//DTD XHTML 1.0 Transitional//EN"
    "http://www.w3.org/TR/xhtml1/DTD/xhtml1-transitional.dtd">
<html xmlns="http://www.w3.org/1999/xhtml" xml:lang="en" lang="en">
 <head>
  <title>
</title>
<meta http-equiv="Content-Type" content="text/html;charset=utf-8" />
  <meta name='ocr-system' content='tesseract 3.04.00' />
  <meta name='ocr-capabilities' content='ocr_page ocr_carea ocr_par ocr_line ocrx_word'/>
</head>
<body>
  <div class='ocr_page' id='page_1' title='image "./litteraequadrime17lain_0128.png"; bbox 0 0 2051 3516; ppageno 0'>
   <div class='ocr_carea' id='block_1_1' title="bbox 368 324 1431 371">
    <p class='ocr_par' dir='ltr' id='par_1_1' title="bbox 368 324 1431 371">
     <span class='ocr_line' id='line_1_1' title="bbox 368 324 1431 371; baseline 0.002 -10"><span class='ocrx_word' id='word_1_1' title='bbox 368 324 415 361; x_wconf 81' lang='lat'>96</span> <span class='ocrx_word' id='word_1_2' title='bbox 831 325 1050 362; x_wconf 78' lang='lat' dir='ltr'><strong>LITTERAE</strong></span> <span class='ocrx_word' id='word_1_3' title='bbox 1076 325 1431 371; x_wconf 83' lang='lat' dir='ltr'><strong>QUADRIMESTRES</strong></span> 
     </span>
    </p>
   </div>
   <div class='ocr_carea' id='block_1_2' title="bbox 321 416 1945 549">
    <p class='ocr_par' dir='ltr' id='par_1_2' title="bbox 321 416 1945 549">
     <span class='ocr_line' id='line_1_2' title="bbox 322 416 1945 476; baseline 0.002 -15"><span class='ocrx_word' id='word_1_4' title='bbox 322 431 377 462; x_wconf 84' lang='lat' dir='ltr'>re</span> <span class='ocrx_word' id='word_1_5' title='bbox 401 425 524 462; x_wconf 87' lang='lat' dir='ltr'>tutte</span> <span class='ocrx_word' id='word_1_6' title='bbox 549 416 592 462; x_wconf 99' lang='grc'>16</span> <span class='ocrx_word' id='word_1_7' title='bbox 616 416 776 462; x_wconf 91' lang='lat' dir='ltr'>donne</span> <span class='ocrx_word' id='word_1_8' title='bbox 800 418 1069 474; x_wconf 78' lang='lat' dir='ltr'>peccatrici</span> <span class='ocrx_word' id='word_1_9' title='bbox 1094 418 1220 464; x_wconf 92' lang='lat' dir='ltr'>della</span> <span class='ocrx_word' id='word_1_10' title='bbox 1246 418 1364 464; x_wconf 76' lang='lat' dir='ltr'>citta</span> <span class='ocrx_word' id='word_1_11' title='bbox 1383 420 1511 464; x_wconf 87' lang='lat' dir='ltr'>nella</span> <span class='ocrx_word' id='word_1_12' title='bbox 1545 429 1716 465; x_wconf 86' lang='lat' dir='ltr'>nostra</span> <span class='ocrx_word' id='word_1_13' title='bbox 1750 420 1945 476; x_wconf 72' lang='lat' dir='ltr'>chiesa„</span> 
     </span>
     <span class='ocr_line' id='line_1_3' title="bbox 321 492 1938 549; baseline 0.002 -12"><span class='ocrx_word' id='word_1_14' title='bbox 321 493 461 538; x_wconf 80' lang='lat' dir='ltr'>accio</span> <span class='ocrx_word' id='word_1_15' title='bbox 485 507 597 538; x_wconf 87' lang='lat' dir='ltr'>esso</span> <span class='ocrx_word' id='word_1_16' title='bbox 622 492 785 539; x_wconf 87' lang='lat' dir='ltr'>Padre</span> <span class='ocrx_word' id='word_1_17' title='bbox 809 493 840 538; x_wconf 91' lang='lat' dir='ltr'>li</span> <span class='ocrx_word' id='word_1_18' title='bbox 862 493 1056 540; x_wconf 80' lang='lat' dir='ltr'>facesse</span> <span class='ocrx_word' id='word_1_19' title='bbox 1095 511 1193 540; x_wconf 89' lang='lat' dir='ltr'>una</span> <span class='ocrx_word' id='word_1_20' title='bbox 1216 495 1382 540; x_wconf 91' lang='lat' dir='ltr'>buona</span> <span class='ocrx_word' id='word_1_21' title='bbox 1415 496 1760 549; x_wconf 86' lang='lat' dir='ltr'>essortatione,</span> <span class='ocrx_word' id='word_1_22' title='bbox 1798 511 1938 541; x_wconf 89' lang='lat' dir='ltr'>come</span> 
     </span>
    </p>
   </div>
   <div class='ocr_carea' id='block_1_3' title="bbox 320 569 1953 628">
    <p class='ocr_par' dir='ltr' id='par_1_3' title="bbox 320 569 1953 628">
     <span class='ocr_line' id='line_1_4' title="bbox 320 569 1953 628; baseline 0.002 -15"><span class='ocrx_word' id='word_1_23' title='bbox 320 569 415 614; x_wconf 90' lang='lat' dir='ltr'>ella</span> <span class='ocrx_word' id='word_1_24' title='bbox 438 570 659 615; x_wconf 83' lang='lat' dir='ltr'>anchora</span> <span class='ocrx_word' id='word_1_25' title='bbox 682 569 734 616; x_wconf 81' lang='lat' dir='ltr'>fa</span> <span class='ocrx_word' id='word_1_26' title='bbox 757 571 985 617; x_wconf 91' lang='lat' dir='ltr'>tuttauia.</span> <span class='ocrx_word' id='word_1_27' title='bbox 1012 570 1160 617; x_wconf 87' lang='lat' dir='ltr'>Siane</span> <span class='ocrx_word' id='word_1_28' title='bbox 1184 587 1376 628; x_wconf 85' lang='lat' dir='ltr'>sempre</span> <span class='ocrx_word' id='word_1_29' title='bbox 1400 572 1661 618; x_wconf 86' lang='lat' dir='ltr'>benedetto</span> <span class='ocrx_word' id='word_1_30' title='bbox 1692 572 1723 616; x_wconf 90' lang='lat' dir='ltr'>il</span> <span class='ocrx_word' id='word_1_31' title='bbox 1755 571 1953 627; x_wconf 80' lang='lat' dir='ltr'>Signor·</span> 
     </span>
    </p>
   </div>
   <div class='ocr_carea' id='block_1_4' title="bbox 320 654 1939 781">
    <p class='ocr_par' dir='ltr' id='par_1_4' title="bbox 320 654 1939 781">
     <span class='ocr_line' id='line_1_5' title="bbox 320 654 513 691; baseline 0.005 -1"><span class='ocrx_word' id='word_1_32' title='bbox 320 654 513 691; x_wconf 79' lang='lat' dir='ltr'>nostro,</span> 
     </span>
     <span class='ocr_line' id='line_1_6' title="bbox 381 722 1939 781; baseline 0.001 -13"><span class='ocrx_word' id='word_1_33' title='bbox 381 723 449 767; x_wconf 93' lang='grc'>11.</span> <span class='ocrx_word' id='word_1_34' title='bbox 516 722 634 768; x_wconf 87' lang='lat' dir='ltr'>Vno</span> <span class='ocrx_word' id='word_1_35' title='bbox 658 723 894 769; x_wconf 88' lang='lat' dir='ltr'>cittadino</span> <span class='ocrx_word' id='word_1_36' title='bbox 918 723 1030 769; x_wconf 91' lang='lat' dir='ltr'>delli</span> <span class='ocrx_word' id='word_1_37' title='bbox 1054 723 1312 780; x_wconf 85' lang='lat' dir='ltr'>principali</span> <span class='ocrx_word' id='word_1_38' title='bbox 1347 723 1393 769; x_wconf 90' lang='lat' dir='ltr'>di</span> <span class='ocrx_word' id='word_1_39' title='bbox 1417 733 1591 781; x_wconf 88' lang='lat' dir='ltr'>questa</span> <span class='ocrx_word' id='word_1_40' title='bbox 1624 724 1744 770; x_wconf 76' lang='lat' dir='ltr'>citta</span> <span class='ocrx_word' id='word_1_41' title='bbox 1778 725 1939 770; x_wconf 88' lang='lat' dir='ltr'>hauea</span> 
     </span>
    </p>
   </div>
   <div class='ocr_carea' id='block_1_5' title="bbox 314 799 1938 1239">
    <p class='ocr_par' dir='ltr' id='par_1_5' title="bbox 314 799 1938 1239">
     <span class='ocr_line' id='line_1_7' title="bbox 320 799 1938 857; baseline 0.002 -13"><span class='ocrx_word' id='word_1_42' title='bbox 320 799 682 856; x_wconf 88' lang='lat' dir='ltr'>publicamente</span> <span class='ocrx_word' id='word_1_43' title='bbox 716 809 887 846; x_wconf 88' lang='lat' dir='ltr'>tenuta</span> <span class='ocrx_word' id='word_1_44' title='bbox 911 815 1010 845; x_wconf 88' lang='lat' dir='ltr'>una</span> <span class='ocrx_word' id='word_1_45' title='bbox 1043 800 1317 845; x_wconf 88' lang='lat' dir='ltr'>concubina</span> <span class='ocrx_word' id='word_1_46' title='bbox 1340 801 1368 846; x_wconf 80' lang='lat'>9</span> <span class='ocrx_word' id='word_1_47' title='bbox 1390 801 1504 846; x_wconf 91' lang='lat' dir='ltr'>anni</span> <span class='ocrx_word' id='word_1_48' title='bbox 1542 800 1588 845; x_wconf 91' lang='lat' dir='ltr'>in</span> <span class='ocrx_word' id='word_1_49' title='bbox 1613 816 1703 846; x_wconf 88' lang='lat' dir='ltr'>sua</span> <span class='ocrx_word' id='word_1_50' title='bbox 1727 816 1862 857; x_wconf 83' lang='lat' dir='ltr'>casa,</span> <span class='ocrx_word' id='word_1_51' title='bbox 1891 811 1938 847; x_wconf 89' lang='lat' dir='ltr'>et</span> 
     </span>
     <span class='ocr_line' id='line_1_8' title="bbox 320 875 1938 933; baseline 0.002 -13"><span class='ocrx_word' id='word_1_52' title='bbox 320 875 359 921; x_wconf 89' lang='lat' dir='ltr'>si</span> <span class='ocrx_word' id='word_1_53' title='bbox 393 876 517 921; x_wconf 90' lang='lat' dir='ltr'>bene</span> <span class='ocrx_word' id='word_1_54' title='bbox 551 885 765 921; x_wconf 85' lang='lat' dir='ltr'>trouaua</span> <span class='ocrx_word' id='word_1_55' title='bbox 799 877 964 921; x_wconf 88' lang='lat' dir='ltr'>buona</span> <span class='ocrx_word' id='word_1_56' title='bbox 1004 875 1134 933; x_wconf 88' lang='lat' dir='ltr'>dote,</span> <span class='ocrx_word' id='word_1_57' title='bbox 1161 886 1209 922; x_wconf 92' lang='lat' dir='ltr'>et</span> <span class='ocrx_word' id='word_1_58' title='bbox 1242 876 1424 933; x_wconf 87' lang='lat' dir='ltr'>moglie</span> <span class='ocrx_word' id='word_1_59' title='bbox 1458 877 1620 923; x_wconf 91' lang='lat' dir='ltr'>nobile</span> <span class='ocrx_word' id='word_1_60' title='bbox 1654 877 1871 922; x_wconf 89' lang='lat' dir='ltr'>secondo</span> <span class='ocrx_word' id='word_1_61' title='bbox 1907 878 1938 923; x_wconf 87' lang='lat' dir='ltr'>il</span> 
     </span>
     <span class='ocr_line' id='line_1_9' title="bbox 318 951 1936 1008; baseline 0.002 -12"><span class='ocrx_word' id='word_1_62' title='bbox 318 951 478 1008; x_wconf 87' lang='lat' dir='ltr'>grado</span> <span class='ocrx_word' id='word_1_63' title='bbox 502 967 607 1006; x_wconf 86' lang='lat' dir='ltr'>suo,</span> <span class='ocrx_word' id='word_1_64' title='bbox 635 952 927 997; x_wconf 87' lang='lat' dir='ltr'>nondimeno</span> <span class='ocrx_word' id='word_1_65' title='bbox 951 968 1039 1008; x_wconf 91' lang='lat' dir='ltr'>per</span> <span class='ocrx_word' id='word_1_66' title='bbox 1073 953 1402 998; x_wconf 86' lang='lat' dir='ltr'>essortatione</span> <span class='ocrx_word' id='word_1_67' title='bbox 1426 953 1470 998; x_wconf 93' lang='lat' dir='ltr'>di</span> <span class='ocrx_word' id='word_1_68' title='bbox 1506 969 1602 998; x_wconf 89' lang='lat' dir='ltr'>uno</span> <span class='ocrx_word' id='word_1_69' title='bbox 1637 954 1748 999; x_wconf 86' lang='lat' dir='ltr'>delli</span> <span class='ocrx_word' id='word_1_70' title='bbox 1782 955 1936 1000; x_wconf 81' lang='lat' dir='ltr'>nostri</span> 
     </span>
     <span class='ocr_line' id='line_1_10' title="bbox 317 1028 1936 1086; baseline 0.001 -13"><span class='ocrx_word' id='word_1_71' title='bbox 317 1028 466 1074; x_wconf 87' lang='lat' dir='ltr'>Padri</span> <span class='ocrx_word' id='word_1_72' title='bbox 506 1028 599 1073; x_wconf 83' lang='lat' dir='ltr'>l’ha</span> <span class='ocrx_word' id='word_1_73' title='bbox 639 1037 855 1085; x_wconf 89' lang='lat' dir='ltr'>sposata,</span> <span class='ocrx_word' id='word_1_74' title='bbox 884 1029 915 1073; x_wconf 91' lang='lat' dir='ltr'>il</span> <span class='ocrx_word' id='word_1_75' title='bbox 955 1029 1045 1074; x_wconf 91' lang='lat' dir='ltr'>che</span> <span class='ocrx_word' id='word_1_76' title='bbox 1079 1030 1299 1086; x_wconf 90' lang='lat' dir='ltr'>risaputo</span> <span class='ocrx_word' id='word_1_77' title='bbox 1333 1030 1448 1075; x_wconf 90' lang='lat' dir='ltr'>dalli</span> <span class='ocrx_word' id='word_1_78' title='bbox 1473 1029 1594 1086; x_wconf 77' lang='lat' dir='ltr'>suoi,</span> <span class='ocrx_word' id='word_1_79' title='bbox 1627 1030 1667 1075; x_wconf 92' lang='lat' dir='ltr'>si</span> <span class='ocrx_word' id='word_1_80' title='bbox 1691 1045 1812 1076; x_wconf 91' lang='lat' dir='ltr'>sono</span> <span class='ocrx_word' id='word_1_81' title='bbox 1837 1047 1936 1075; x_wconf 88' lang='lat' dir='ltr'>rno-</span> 
     </span>
     <span class='ocr_line' id='line_1_11' title="bbox 316 1105 1934 1162; baseline 0.002 -13"><span class='ocrx_word' id='word_1_82' title='bbox 316 1105 461 1150; x_wconf 61' lang='grc'>511311</span> <span class='ocrx_word' id='word_1_83' title='bbox 486 1115 532 1150; x_wconf 89' lang='grc'>61</span> <span class='ocrx_word' id='word_1_84' title='bbox 556 1105 595 1149; x_wconf 90' lang='grc'>51</span> <span class='ocrx_word' id='word_1_85' title='bbox 618 1114 873 1150; x_wconf 86' lang='lat' dir='ltr'>mostrano</span> <span class='ocrx_word' id='word_1_86' title='bbox 892 1121 1018 1161; x_wconf 93' lang='lat' dir='ltr'>poco</span> <span class='ocrx_word' id='word_1_87' title='bbox 1043 1106 1329 1161; x_wconf 74' lang='lat' dir='ltr'>amoreuoli3</span> <span class='ocrx_word' id='word_1_88' title='bbox 1357 1106 1453 1162; x_wconf 87' lang='lat' dir='ltr'>egli</span> <span class='ocrx_word' id='word_1_89' title='bbox 1472 1106 1766 1151; x_wconf 86' lang='lat' dir='ltr'>nondimeno</span> <span class='ocrx_word' id='word_1_90' title='bbox 1787 1116 1934 1152; x_wconf 87' lang='lat' dir='ltr'>tutta-</span> 
     </span>
     <span class='ocr_line' id='line_1_12' title="bbox 314 1181 1935 1239; baseline 0.002 -14"><span class='ocrx_word' id='word_1_91' title='bbox 314 1181 396 1226; x_wconf 90' lang='lat' dir='ltr'>uia</span> <span class='ocrx_word' id='word_1_92' title='bbox 419 1181 458 1226; x_wconf 92' lang='lat' dir='ltr'>si</span> <span class='ocrx_word' id='word_1_93' title='bbox 494 1190 627 1226; x_wconf 86' lang='lat' dir='ltr'>resta</span> <span class='ocrx_word' id='word_1_94' title='bbox 652 1181 731 1236; x_wconf 62' lang='lat' dir='ltr'>pisi</span> <span class='ocrx_word' id='word_1_95' title='bbox 765 1190 1011 1239; x_wconf 80' lang='lat' dir='ltr'>contento,</span> <span class='ocrx_word' id='word_1_96' title='bbox 1039 1191 1086 1227; x_wconf 88' lang='lat' dir='ltr'>et</span> <span class='ocrx_word' id='word_1_97' title='bbox 1119 1182 1235 1239; x_wconf 85' lang='lat' dir='ltr'>ogni</span> <span class='ocrx_word' id='word_1_98' title='bbox 1260 1182 1520 1227; x_wconf 91' lang='lat' dir='ltr'>domenica</span> <span class='ocrx_word' id='word_1_99' title='bbox 1556 1182 1594 1226; x_wconf 89' lang='lat' dir='ltr'>si</span> <span class='ocrx_word' id='word_1_100' title='bbox 1621 1183 1935 1228; x_wconf 89' lang='lat' dir='ltr'>communica</span> 
     </span>
    </p>
   </div>
   <div class='ocr_carea' id='block_1_6' title="bbox 315 1257 766 1302">
    <p class='ocr_par' dir='ltr' id='par_1_6' title="bbox 315 1257 766 1302">
     <span class='ocr_line' id='line_1_13' title="bbox 315 1257 766 1302; baseline 0 0"><span class='ocrx_word' id='word_1_101' title='bbox 315 1257 362 1302; x_wconf 91' lang='lat' dir='ltr'>in</span> <span class='ocrx_word' id='word_1_102' title='bbox 387 1267 559 1302; x_wconf 88' lang='lat' dir='ltr'>nostra</span> <span class='ocrx_word' id='word_1_103' title='bbox 583 1258 766 1302; x_wconf 83' lang='lat' dir='ltr'>chiesa.</span> 
     </span>
    </p>
   </div>
   <div class='ocr_carea' id='block_1_7' title="bbox 374 1333 2005 1391">
    <p class='ocr_par' dir='ltr' id='par_1_7' title="bbox 374 1333 2005 1391">
     <span class='ocr_line' id='line_1_14' title="bbox 374 1333 2005 1391; baseline 0.001 -12"><span class='ocrx_word' id='word_1_104' title='bbox 374 1333 441 1379; x_wconf 80' lang='lat'>12.</span> <span class='ocrx_word' id='word_1_105' title='bbox 511 1333 612 1379; x_wconf 86' lang='lat' dir='ltr'>Era</span> <span class='ocrx_word' id='word_1_106' title='bbox 636 1345 766 1379; x_wconf 86' lang='lat' dir='ltr'>stata</span> <span class='ocrx_word' id='word_1_107' title='bbox 791 1349 1049 1391; x_wconf 88' lang='lat' dir='ltr'>promessa</span> <span class='ocrx_word' id='word_1_108' title='bbox 1073 1350 1160 1391; x_wconf 88' lang='lat' dir='ltr'>per</span> <span class='ocrx_word' id='word_1_109' title='bbox 1184 1350 1331 1391; x_wconf 89' lang='lat' dir='ltr'>sposa</span> <span class='ocrx_word' id='word_1_110' title='bbox 1357 1350 1453 1379; x_wconf 91' lang='lat' dir='ltr'>una</span> <span class='ocrx_word' id='word_1_111' title='bbox 1477 1335 1602 1380; x_wconf 88' lang='lat' dir='ltr'>delle</span> <span class='ocrx_word' id='word_1_112' title='bbox 1637 1335 1783 1380; x_wconf 86' lang='lat' dir='ltr'>nobili</span> <span class='ocrx_word' id='word_1_113' title='bbox 1819 1351 1935 1380; x_wconf 85' lang='lat' dir='ltr'>case</span> <span class='ocrx_word' id='word_1_114' title='bbox 2002 1353 2005 1357; x_wconf 89' lang='lat'>·</span> 
     </span>
    </p>
   </div>
   <div class='ocr_carea' id='block_1_8' title="bbox 308 1411 1934 2156">
    <p class='ocr_par' dir='ltr' id='par_1_8' title="bbox 308 1411 1934 2080">
     <span class='ocr_line' id='line_1_15' title="bbox 313 1411 1934 1468; baseline 0.001 -13"><span class='ocrx_word' id='word_1_115' title='bbox 313 1411 358 1455; x_wconf 91' lang='lat' dir='ltr'>di</span> <span class='ocrx_word' id='word_1_116' title='bbox 383 1420 556 1467; x_wconf 87' lang='lat' dir='ltr'>questa</span> <span class='ocrx_word' id='word_1_117' title='bbox 581 1411 697 1456; x_wconf 76' lang='lat' dir='ltr'>citta</span> <span class='ocrx_word' id='word_1_118' title='bbox 723 1427 751 1456; x_wconf 87' lang='lat' dir='ltr'>a</span> <span class='ocrx_word' id='word_1_119' title='bbox 775 1426 870 1455; x_wconf 89' lang='lat' dir='ltr'>uno</span> <span class='ocrx_word' id='word_1_120' title='bbox 895 1411 940 1455; x_wconf 90' lang='lat' dir='ltr'>di</span> <span class='ocrx_word' id='word_1_121' title='bbox 963 1427 1058 1455; x_wconf 93' lang='lat' dir='ltr'>non</span> <span class='ocrx_word' id='word_1_122' title='bbox 1083 1411 1242 1456; x_wconf 89' lang='lat' dir='ltr'>minor</span> <span class='ocrx_word' id='word_1_123' title='bbox 1265 1411 1442 1468; x_wconf 81' lang='lat' dir='ltr'>grado,</span> <span class='ocrx_word' id='word_1_124' title='bbox 1469 1420 1517 1456; x_wconf 93' lang='lat' dir='ltr'>et</span> <span class='ocrx_word' id='word_1_125' title='bbox 1536 1412 1715 1467; x_wconf 79' lang='lat' dir='ltr'>perche</span> <span class='ocrx_word' id='word_1_126' title='bbox 1734 1427 1821 1456; x_wconf 88' lang='lat' dir='ltr'>era</span> <span class='ocrx_word' id='word_1_127' title='bbox 1840 1422 1934 1457; x_wconf 90' lang='lat' dir='ltr'>sta-</span> 
     </span>
     <span class='ocr_line' id='line_1_16' title="bbox 312 1486 1933 1544; baseline 0.001 -13"><span class='ocrx_word' id='word_1_128' title='bbox 312 1498 360 1531; x_wconf 89' lang='lat' dir='ltr'>to</span> <span class='ocrx_word' id='word_1_129' title='bbox 385 1486 510 1532; x_wconf 79' lang='lat' dir='ltr'>fatto</span> <span class='ocrx_word' id='word_1_130' title='bbox 535 1503 683 1532; x_wconf 83' lang='lat' dir='ltr'>senza</span> <span class='ocrx_word' id='word_1_131' title='bbox 707 1498 883 1544; x_wconf 88' lang='lat' dir='ltr'>saputa</span> <span class='ocrx_word' id='word_1_132' title='bbox 909 1487 952 1532; x_wconf 88' lang='lat' dir='ltr'>di</span> <span class='ocrx_word' id='word_1_133' title='bbox 977 1503 1039 1532; x_wconf 89' lang='lat' dir='ltr'>un</span> <span class='ocrx_word' id='word_1_134' title='bbox 1060 1497 1223 1532; x_wconf 84' lang='lat' dir='ltr'>tutore</span> <span class='ocrx_word' id='word_1_135' title='bbox 1243 1487 1288 1532; x_wconf 93' lang='lat' dir='ltr'>di</span> <span class='ocrx_word' id='word_1_136' title='bbox 1308 1503 1436 1544; x_wconf 81' lang='lat' dir='ltr'>essa,</span> <span class='ocrx_word' id='word_1_137' title='bbox 1458 1498 1662 1544; x_wconf 81' lang='lat' dir='ltr'>parente</span> <span class='ocrx_word' id='word_1_138' title='bbox 1683 1503 1770 1532; x_wconf 90' lang='lat' dir='ltr'>suo</span> <span class='ocrx_word' id='word_1_139' title='bbox 1791 1498 1933 1533; x_wconf 85' lang='lat' dir='ltr'>stret-</span> 
     </span>
     <span class='ocr_line' id='line_1_17' title="bbox 311 1562 1932 1619; baseline 0.001 -12"><span class='ocrx_word' id='word_1_140' title='bbox 311 1562 513 1618; x_wconf 79' lang='lat' dir='ltr'>tissimo,</span> <span class='ocrx_word' id='word_1_141' title='bbox 540 1563 782 1619; x_wconf 82' lang='lat' dir='ltr'>sdegnato</span> <span class='ocrx_word' id='word_1_142' title='bbox 807 1579 903 1608; x_wconf 92' lang='lat' dir='ltr'>non</span> <span class='ocrx_word' id='word_1_143' title='bbox 929 1564 1106 1608; x_wconf 82' lang='lat' dir='ltr'>uoleua</span> <span class='ocrx_word' id='word_1_144' title='bbox 1136 1564 1227 1608; x_wconf 90' lang='lat' dir='ltr'>che</span> <span class='ocrx_word' id='word_1_145' title='bbox 1247 1563 1291 1608; x_wconf 89' lang='lat' dir='ltr'>in</span> <span class='ocrx_word' id='word_1_146' title='bbox 1311 1564 1456 1608; x_wconf 90' lang='lat' dir='ltr'>modo</span> <span class='ocrx_word' id='word_1_147' title='bbox 1482 1565 1659 1609; x_wconf 88' lang='lat' dir='ltr'>alcuno</span> <span class='ocrx_word' id='word_1_148' title='bbox 1680 1565 1747 1609; x_wconf 83' lang='lat' dir='ltr'>tal</span> <span class='ocrx_word' id='word_1_149' title='bbox 1768 1565 1932 1610; x_wconf 86' lang='lat' dir='ltr'>matri-</span> 
     </span>
     <span class='ocr_line' id='line_1_18' title="bbox 310 1640 1928 1697; baseline 0.001 -13"><span class='ocrx_word' id='word_1_150' title='bbox 310 1640 473 1685; x_wconf 90' lang='lat' dir='ltr'>monio</span> <span class='ocrx_word' id='word_1_151' title='bbox 498 1640 708 1685; x_wconf 82' lang='lat' dir='ltr'>andasse</span> <span class='ocrx_word' id='word_1_152' title='bbox 728 1641 912 1697; x_wconf 71' lang='lat' dir='ltr'>atlanti,</span> <span class='ocrx_word' id='word_1_153' title='bbox 935 1644 994 1685; x_wconf 78' lang='lat' dir='ltr'>ne</span> <span class='ocrx_word' id='word_1_154' title='bbox 1013 1641 1265 1697; x_wconf 88' lang='lat' dir='ltr'>potendosi</span> <span class='ocrx_word' id='word_1_155' title='bbox 1286 1656 1491 1696; x_wconf 83' lang='lat' dir='ltr'>sperare</span> <span class='ocrx_word' id='word_1_156' title='bbox 1510 1642 1637 1686; x_wconf 88' lang='lat' dir='ltr'>altro</span> <span class='ocrx_word' id='word_1_157' title='bbox 1657 1642 1746 1685; x_wconf 89' lang='lat' dir='ltr'>che</span> <span class='ocrx_word' id='word_1_158' title='bbox 1766 1640 1928 1686; x_wconf 87' lang='lat' dir='ltr'>incon-</span> 
     </span>
     <span class='ocr_line' id='line_1_19' title="bbox 312 1716 1927 1775; baseline 0.001 -14"><span class='ocrx_word' id='word_1_159' title='bbox 312 1717 535 1762; x_wconf 88' lang='lat' dir='ltr'>ueniente</span> <span class='ocrx_word' id='word_1_160' title='bbox 560 1718 790 1775; x_wconf 79' lang='lat' dir='ltr'>notabile3</span> <span class='ocrx_word' id='word_1_161' title='bbox 819 1717 1099 1763; x_wconf 83' lang='lat' dir='ltr'>finalmente</span> <span class='ocrx_word' id='word_1_162' title='bbox 1124 1718 1329 1774; x_wconf 80' lang='lat' dir='ltr'>piaeque</span> <span class='ocrx_word' id='word_1_163' title='bbox 1353 1733 1382 1763; x_wconf 88' lang='lat' dir='ltr'>a</span> <span class='ocrx_word' id='word_1_164' title='bbox 1406 1729 1576 1763; x_wconf 90' lang='lat' dir='ltr'>nostro</span> <span class='ocrx_word' id='word_1_165' title='bbox 1602 1716 1814 1774; x_wconf 83' lang='lat' dir='ltr'>Signore</span> <span class='ocrx_word' id='word_1_166' title='bbox 1839 1719 1927 1763; x_wconf 85' lang='lat' dir='ltr'>che</span> 
     </span>
     <span class='ocr_line' id='line_1_20' title="bbox 308 1793 1923 1851; baseline 0.001 -13"><span class='ocrx_word' id='word_1_167' title='bbox 308 1809 406 1838; x_wconf 93' lang='lat' dir='ltr'>uno</span> <span class='ocrx_word' id='word_1_168' title='bbox 431 1793 542 1839; x_wconf 89' lang='lat' dir='ltr'>delli</span> <span class='ocrx_word' id='word_1_169' title='bbox 568 1793 702 1839; x_wconf 84' lang='lat' dir='ltr'>Patri</span> <span class='ocrx_word' id='word_1_170' title='bbox 727 1794 755 1838; x_wconf 89' lang='lat' dir='ltr'>li</span> <span class='ocrx_word' id='word_1_171' title='bbox 782 1795 1020 1851; x_wconf 79' lang='lat' dir='ltr'>parlasse,</span> <span class='ocrx_word' id='word_1_172' title='bbox 1048 1799 1108 1839; x_wconf 79' lang='lat' dir='ltr'>ne</span> <span class='ocrx_word' id='word_1_173' title='bbox 1133 1795 1171 1839; x_wconf 92' lang='lat' dir='ltr'>si</span> <span class='ocrx_word' id='word_1_174' title='bbox 1192 1797 1319 1851; x_wconf 80' lang='lat' dir='ltr'>parti</span> <span class='ocrx_word' id='word_1_175' title='bbox 1344 1795 1405 1839; x_wconf 87' lang='lat' dir='ltr'>da</span> <span class='ocrx_word' id='word_1_176' title='bbox 1425 1794 1505 1849; x_wconf 78' lang='lat' dir='ltr'>lui,</span> <span class='ocrx_word' id='word_1_177' title='bbox 1528 1794 1616 1839; x_wconf 89' lang='lat' dir='ltr'>che</span> <span class='ocrx_word' id='word_1_178' title='bbox 1636 1795 1768 1840; x_wconf 83' lang='lat' dir='ltr'>dette</span> <span class='ocrx_word' id='word_1_179' title='bbox 1786 1795 1817 1840; x_wconf 93' lang='lat' dir='ltr'>il</span> <span class='ocrx_word' id='word_1_180' title='bbox 1836 1811 1923 1841; x_wconf 79' lang='lat' dir='ltr'>suo</span> 
     </span>
     <span class='ocr_line' id='line_1_21' title="bbox 310 1871 1926 1927; baseline 0.001 -12"><span class='ocrx_word' id='word_1_181' title='bbox 310 1885 570 1926; x_wconf 84' lang='lat' dir='ltr'>consenso,</span> <span class='ocrx_word' id='word_1_182' title='bbox 593 1886 644 1915; x_wconf 85' lang='lat' dir='ltr'>se</span> <span class='ocrx_word' id='word_1_183' title='bbox 662 1872 787 1915; x_wconf 83' lang='lat' dir='ltr'>bene</span> <span class='ocrx_word' id='word_1_184' title='bbox 808 1872 869 1915; x_wconf 86' lang='lat' dir='ltr'>da</span> <span class='ocrx_word' id='word_1_185' title='bbox 888 1871 1125 1927; x_wconf 84' lang='lat' dir='ltr'>principio</span> <span class='ocrx_word' id='word_1_186' title='bbox 1160 1887 1220 1916; x_wconf 83' lang='lat' dir='ltr'>ne</span> <span class='ocrx_word' id='word_1_187' title='bbox 1256 1887 1344 1915; x_wconf 83' lang='lat' dir='ltr'>era</span> <span class='ocrx_word' id='word_1_188' title='bbox 1378 1871 1692 1926; x_wconf 49' lang='lat' dir='ltr'>alienissima</span> <span class='ocrx_word' id='word_1_189' title='bbox 1731 1883 1777 1916; x_wconf 86' lang='lat' dir='ltr'>et</span> <span class='ocrx_word' id='word_1_190' title='bbox 1811 1872 1926 1917; x_wconf 86' lang='lat' dir='ltr'>dato</span> 
     </span>
     <span class='ocr_line' id='line_1_22' title="bbox 310 1947 1925 2003; baseline 0.001 -12"><span class='ocrx_word' id='word_1_191' title='bbox 310 1947 341 1991; x_wconf 91' lang='lat' dir='ltr'>il</span> <span class='ocrx_word' id='word_1_192' title='bbox 365 1963 454 1992; x_wconf 86' lang='lat' dir='ltr'>suo</span> <span class='ocrx_word' id='word_1_193' title='bbox 479 1962 736 2000; x_wconf 74' lang='lat' dir='ltr'>consenso,</span> <span class='ocrx_word' id='word_1_194' title='bbox 764 1963 823 1992; x_wconf 92' lang='lat' dir='ltr'>ne</span> <span class='ocrx_word' id='word_1_195' title='bbox 848 1952 873 1993; x_wconf 78' lang='grc'>6</span> <span class='ocrx_word' id='word_1_196' title='bbox 897 1963 1130 1992; x_wconf 84' lang='lat' dir='ltr'>successa</span> <span class='ocrx_word' id='word_1_197' title='bbox 1154 1949 1305 1992; x_wconf 84' lang='lat' dir='ltr'>molta</span> <span class='ocrx_word' id='word_1_198' title='bbox 1325 1963 1446 2003; x_wconf 84' lang='lat' dir='ltr'>pace</span> <span class='ocrx_word' id='word_1_199' title='bbox 1468 1960 1513 1992; x_wconf 91' lang='grc'>61</span> <span class='ocrx_word' id='word_1_200' title='bbox 1534 1949 1685 1992; x_wconf 88' lang='lat' dir='ltr'>molta</span> <span class='ocrx_word' id='word_1_201' title='bbox 1705 1963 1792 1993; x_wconf 89' lang='lat' dir='ltr'>sua</span> <span class='ocrx_word' id='word_1_202' title='bbox 1819 1964 1925 1993; x_wconf 89' lang='lat' dir='ltr'>son-</span> 
     </span>
     <span class='ocr_line' id='line_1_23' title="bbox 308 2023 1923 2080; baseline 0.001 -12"><span class='ocrx_word' id='word_1_203' title='bbox 308 2023 569 2079; x_wconf 79' lang='lat' dir='ltr'>solatione‚</span> <span class='ocrx_word' id='word_1_204' title='bbox 592 2039 731 2068; x_wconf 87' lang='lat' dir='ltr'>come</span> <span class='ocrx_word' id='word_1_205' title='bbox 751 2039 861 2068; x_wconf 86' lang='lat' dir='ltr'>esso</span> <span class='ocrx_word' id='word_1_206' title='bbox 882 2023 1042 2068; x_wconf 80' lang='lat' dir='ltr'>Padre</span> <span class='ocrx_word' id='word_1_207' title='bbox 1062 2024 1090 2068; x_wconf 87' lang='lat' dir='ltr'>li</span> <span class='ocrx_word' id='word_1_208' title='bbox 1111 2024 1271 2068; x_wconf 84' lang='lat' dir='ltr'>hauea</span> <span class='ocrx_word' id='word_1_209' title='bbox 1290 2024 1532 2080; x_wconf 82' lang='lat' dir='ltr'>predetto‚</span> <span class='ocrx_word' id='word_1_210' title='bbox 1555 2039 1607 2068; x_wconf 88' lang='lat' dir='ltr'>se</span> <span class='ocrx_word' id='word_1_211' title='bbox 1633 2025 1709 2069; x_wconf 80' lang='lat' dir='ltr'>cio</span> <span class='ocrx_word' id='word_1_212' title='bbox 1730 2025 1923 2069; x_wconf 75' lang='lat' dir='ltr'>faceua.</span> 
     </span>
    </p>

    <p class='ocr_par' dir='ltr' id='par_1_9' title="bbox 369 2099 1931 2156">
     <span class='ocr_line' id='line_1_24' title="bbox 369 2099 1931 2156; baseline 0.001 -12"><span class='ocrx_word' id='word_1_213' title='bbox 369 2099 435 2144; x_wconf 75' lang='lat'>13.</span> <span class='ocrx_word' id='word_1_214' title='bbox 503 2099 621 2144; x_wconf 83' lang='lat' dir='ltr'>Vna</span> <span class='ocrx_word' id='word_1_215' title='bbox 656 2100 818 2144; x_wconf 88' lang='lat' dir='ltr'>donna</span> <span class='ocrx_word' id='word_1_216' title='bbox 852 2115 939 2144; x_wconf 90' lang='lat' dir='ltr'>era</span> <span class='ocrx_word' id='word_1_217' title='bbox 973 2109 1104 2145; x_wconf 86' lang='lat' dir='ltr'>stata</span> <span class='ocrx_word' id='word_1_218' title='bbox 1141 2100 1276 2145; x_wconf 86' lang='lat' dir='ltr'>molti</span> <span class='ocrx_word' id='word_1_219' title='bbox 1310 2100 1428 2145; x_wconf 89' lang='lat' dir='ltr'>mesi</span> <span class='ocrx_word' id='word_1_220' title='bbox 1464 2112 1510 2145; x_wconf 92' lang='lat' dir='ltr'>et</span> <span class='ocrx_word' id='word_1_221' title='bbox 1546 2101 1659 2145; x_wconf 88' lang='lat' dir='ltr'>anni</span> <span class='ocrx_word' id='word_1_222' title='bbox 1694 2101 1799 2156; x_wconf 86' lang='lat' dir='ltr'>che,</span> <span class='ocrx_word' id='word_1_223' title='bbox 1843 2117 1931 2156; x_wconf 85' lang='lat' dir='ltr'>per</span> 
     </span>
    </p>
   </div>
   <div class='ocr_carea' id='block_1_9' title="bbox 306 2176 1939 2233">
    <p class='ocr_par' dir='ltr' id='par_1_10' title="bbox 306 2176 1939 2233">
     <span class='ocr_line' id='line_1_25' title="bbox 306 2176 1939 2233; baseline 0.001 -13"><span class='ocrx_word' id='word_1_224' title='bbox 306 2192 401 2221; x_wconf 90' lang='lat' dir='ltr'>non</span> <span class='ocrx_word' id='word_1_225' title='bbox 428 2177 597 2221; x_wconf 81' lang='lat' dir='ltr'>uolere</span> <span class='ocrx_word' id='word_1_226' title='bbox 621 2185 756 2221; x_wconf 82' lang='lat' dir='ltr'>stare</span> <span class='ocrx_word' id='word_1_227' title='bbox 781 2177 856 2221; x_wconf 91' lang='lat' dir='ltr'>col</span> <span class='ocrx_word' id='word_1_228' title='bbox 881 2192 969 2221; x_wconf 83' lang='lat' dir='ltr'>suo</span> <span class='ocrx_word' id='word_1_229' title='bbox 994 2176 1187 2230; x_wconf 80' lang='lat' dir='ltr'>marito,</span> <span class='ocrx_word' id='word_1_230' title='bbox 1214 2192 1310 2220; x_wconf 92' lang='lat' dir='ltr'>non</span> <span class='ocrx_word' id='word_1_231' title='bbox 1335 2176 1372 2220; x_wconf 92' lang='lat' dir='ltr'>si</span> <span class='ocrx_word' id='word_1_232' title='bbox 1398 2192 1485 2221; x_wconf 89' lang='lat' dir='ltr'>era</span> <span class='ocrx_word' id='word_1_233' title='bbox 1510 2176 1808 2233; x_wconf 76' lang='lat' dir='ltr'>confessata3</span> <span class='ocrx_word' id='word_1_234' title='bbox 1832 2193 1939 2222; x_wconf 90' lang='lat' dir='ltr'>uno</span> 
     </span>
    </p>
   </div>
   <div class='ocr_carea' id='block_1_10' title="bbox 304 2253 1927 2615">
    <p class='ocr_par' dir='ltr' id='par_1_11' title="bbox 304 2253 1927 2528">
     <span class='ocr_line' id='line_1_26' title="bbox 307 2253 1927 2309; baseline 0.001 -12"><span class='ocrx_word' id='word_1_235' title='bbox 307 2253 417 2297; x_wconf 88' lang='lat' dir='ltr'>delli</span> <span class='ocrx_word' id='word_1_236' title='bbox 442 2253 596 2298; x_wconf 89' lang='lat' dir='ltr'>nostri</span> <span class='ocrx_word' id='word_1_237' title='bbox 621 2253 759 2309; x_wconf 87' lang='lat' dir='ltr'>padri</span> <span class='ocrx_word' id='word_1_238' title='bbox 780 2253 809 2297; x_wconf 86' lang='grc'>11</span> <span class='ocrx_word' id='word_1_239' title='bbox 835 2256 1020 2297; x_wconf 66' lang='grc'>11105110</span> <span class='ocrx_word' id='word_1_240' title='bbox 1046 2253 1091 2297; x_wconf 91' lang='lat' dir='ltr'>in</span> <span class='ocrx_word' id='word_1_241' title='bbox 1110 2263 1293 2309; x_wconf 86' lang='lat' dir='ltr'>quanto</span> <span class='ocrx_word' id='word_1_242' title='bbox 1313 2253 1529 2309; x_wconf 84' lang='lat' dir='ltr'>pericolo</span> <span class='ocrx_word' id='word_1_243' title='bbox 1548 2265 1704 2298; x_wconf 82' lang='lat' dir='ltr'>stesse</span> <span class='ocrx_word' id='word_1_244' title='bbox 1724 2264 1771 2298; x_wconf 90' lang='lat' dir='ltr'>et</span> <span class='ocrx_word' id='word_1_245' title='bbox 1793 2254 1927 2299; x_wconf 80' lang='lat' dir='ltr'>fosse</span> 
     </span>
     <span class='ocr_line' id='line_1_27' title="bbox 305 2328 1925 2387; baseline 0.001 -13"><span class='ocrx_word' id='word_1_246' title='bbox 305 2338 450 2374; x_wconf 85' lang='lat' dir='ltr'>stata.</span> <span class='ocrx_word' id='word_1_247' title='bbox 479 2328 584 2374; x_wconf 88' lang='lat' dir='ltr'>Con</span> <span class='ocrx_word' id='word_1_248' title='bbox 613 2330 762 2374; x_wconf 86' lang='lat' dir='ltr'>molto</span> <span class='ocrx_word' id='word_1_249' title='bbox 786 2329 950 2385; x_wconf 90' lang='lat' dir='ltr'>pianto</span> <span class='ocrx_word' id='word_1_250' title='bbox 974 2329 1012 2374; x_wconf 90' lang='lat' dir='ltr'>si</span> <span class='ocrx_word' id='word_1_251' title='bbox 1038 2333 1279 2386; x_wconf 83' lang='lat' dir='ltr'>rassegno</span> <span class='ocrx_word' id='word_1_252' title='bbox 1300 2330 1424 2375; x_wconf 86' lang='lat' dir='ltr'>nelle</span> <span class='ocrx_word' id='word_1_253' title='bbox 1450 2330 1578 2374; x_wconf 87' lang='lat' dir='ltr'>mani</span> <span class='ocrx_word' id='word_1_254' title='bbox 1599 2330 1675 2375; x_wconf 91' lang='lat' dir='ltr'>del</span> <span class='ocrx_word' id='word_1_255' title='bbox 1695 2329 1925 2387; x_wconf 75' lang='lat' dir='ltr'>Signore,</span> 
     </span>
     <span class='ocr_line' id='line_1_28' title="bbox 305 2406 1927 2462; baseline 0.001 -12"><span class='ocrx_word' id='word_1_256' title='bbox 305 2417 351 2451; x_wconf 88' lang='lat' dir='ltr'>et</span> <span class='ocrx_word' id='word_1_257' title='bbox 375 2406 588 2462; x_wconf 88' lang='lat' dir='ltr'>promise</span> <span class='ocrx_word' id='word_1_258' title='bbox 611 2406 719 2451; x_wconf 74' lang='lat' dir='ltr'>fare</span> <span class='ocrx_word' id='word_1_259' title='bbox 743 2415 867 2450; x_wconf 82' lang='lat' dir='ltr'>tutto</span> <span class='ocrx_word' id='word_1_260' title='bbox 892 2406 1050 2462; x_wconf 87' lang='lat' dir='ltr'>quello</span> <span class='ocrx_word' id='word_1_261' title='bbox 1075 2407 1163 2450; x_wconf 88' lang='lat' dir='ltr'>che</span> <span class='ocrx_word' id='word_1_262' title='bbox 1194 2406 1327 2451; x_wconf 86' lang='lat' dir='ltr'>detto</span> <span class='ocrx_word' id='word_1_263' title='bbox 1359 2406 1519 2451; x_wconf 80' lang='lat' dir='ltr'>Padre</span> <span class='ocrx_word' id='word_1_264' title='bbox 1554 2406 1847 2462; x_wconf 82' lang='lat' dir='ltr'>l&#39;imponeua</span> <span class='ocrx_word' id='word_1_265' title='bbox 1881 2418 1927 2451; x_wconf 85' lang='lat' dir='ltr'>et</span> 
     </span>
     <span class='ocr_line' id='line_1_29' title="bbox 304 2482 1922 2528; baseline 0.001 -2"><span class='ocrx_word' id='word_1_266' title='bbox 304 2483 348 2527; x_wconf 89' lang='lat' dir='ltr'>di</span> <span class='ocrx_word' id='word_1_267' title='bbox 374 2483 674 2528; x_wconf 80' lang='lat' dir='ltr'>confessarsi</span> <span class='ocrx_word' id='word_1_268' title='bbox 700 2494 745 2527; x_wconf 90' lang='grc'>61</span> <span class='ocrx_word' id='word_1_269' title='bbox 770 2482 1149 2527; x_wconf 85' lang='lat' dir='ltr'>communicarsi</span> <span class='ocrx_word' id='word_1_270' title='bbox 1184 2483 1376 2527; x_wconf 85' lang='lat' dir='ltr'>almeno</span> <span class='ocrx_word' id='word_1_271' title='bbox 1412 2499 1507 2527; x_wconf 87' lang='lat' dir='ltr'>una</span> <span class='ocrx_word' id='word_1_272' title='bbox 1540 2484 1676 2528; x_wconf 93' lang='lat' dir='ltr'>uolta</span> <span class='ocrx_word' id='word_1_273' title='bbox 1709 2483 1740 2527; x_wconf 90' lang='grc'>11</span> <span class='ocrx_word' id='word_1_274' title='bbox 1774 2499 1922 2528; x_wconf 85' lang='grc'>111656.</span> 
     </span>
    </p>

    <p class='ocr_par' dir='ltr' id='par_1_12' title="bbox 366 2559 1921 2615">
     <span class='ocr_line' id='line_1_30' title="bbox 366 2559 1921 2615; baseline 0 -12"><span class='ocrx_word' id='word_1_275' title='bbox 366 2560 433 2604; x_wconf 69' lang='lat'>14.</span> <span class='ocrx_word' id='word_1_276' title='bbox 500 2559 552 2604; x_wconf 86' lang='lat' dir='ltr'>In</span> <span class='ocrx_word' id='word_1_277' title='bbox 577 2559 757 2604; x_wconf 86' lang='lat' dir='ltr'>diuersi</span> <span class='ocrx_word' id='word_1_278' title='bbox 783 2559 1065 2604; x_wconf 85' lang='lat' dir='ltr'>monasterii</span> <span class='ocrx_word' id='word_1_279' title='bbox 1090 2574 1277 2603; x_wconf 87' lang='lat' dir='ltr'>ancora</span> <span class='ocrx_word' id='word_1_280' title='bbox 1301 2559 1567 2615; x_wconf 85' lang='lat' dir='ltr'>predicano</span> <span class='ocrx_word' id='word_1_281' title='bbox 1593 2574 1764 2615; x_wconf 86' lang='lat' dir='ltr'>spesso</span> <span class='ocrx_word' id='word_1_282' title='bbox 1785 2559 1813 2603; x_wconf 91' lang='grc'>11</span> <span class='ocrx_word' id='word_1_283' title='bbox 1834 2559 1921 2604; x_wconf 89' lang='lat' dir='ltr'>Pa-</span> 
     </span>
    </p>
   </div>
   <div class='ocr_carea' id='block_1_11' title="bbox 303 2635 1932 2692">
    <p class='ocr_par' dir='ltr' id='par_1_13' title="bbox 303 2635 1932 2692">
     <span class='ocr_line' id='line_1_31' title="bbox 303 2635 1932 2692; baseline -0.001 -12"><span class='ocrx_word' id='word_1_284' title='bbox 303 2635 375 2680; x_wconf 80' lang='lat' dir='ltr'>dri</span> <span class='ocrx_word' id='word_1_285' title='bbox 400 2636 571 2691; x_wconf 76' lang='lat' dir='ltr'>nostri,</span> <span class='ocrx_word' id='word_1_286' title='bbox 600 2637 673 2680; x_wconf 84' lang='lat' dir='ltr'>del</span> <span class='ocrx_word' id='word_1_287' title='bbox 700 2636 789 2680; x_wconf 90' lang='lat' dir='ltr'>che</span> <span class='ocrx_word' id='word_1_288' title='bbox 814 2651 934 2691; x_wconf 88' lang='lat' dir='ltr'>pare</span> <span class='ocrx_word' id='word_1_289' title='bbox 965 2636 1053 2680; x_wconf 91' lang='lat' dir='ltr'>che</span> <span class='ocrx_word' id='word_1_290' title='bbox 1086 2650 1138 2680; x_wconf 90' lang='lat' dir='ltr'>se</span> <span class='ocrx_word' id='word_1_291' title='bbox 1172 2651 1232 2680; x_wconf 93' lang='lat' dir='ltr'>ne</span> <span class='ocrx_word' id='word_1_292' title='bbox 1268 2635 1377 2680; x_wconf 86' lang='lat' dir='ltr'>caui</span> <span class='ocrx_word' id='word_1_293' title='bbox 1412 2651 1539 2692; x_wconf 85' lang='lat' dir='ltr'>gran</span> <span class='ocrx_word' id='word_1_294' title='bbox 1573 2635 1744 2690; x_wconf 75' lang='lat' dir='ltr'>frutto,</span> <span class='ocrx_word' id='word_1_295' title='bbox 1783 2651 1932 2680; x_wconf 88' lang='lat' dir='ltr'>come</span> 
     </span>
    </p>
   </div>
   <div class='ocr_carea' id='block_1_12' title="bbox 301 2711 1922 2920">
    <p class='ocr_par' dir='ltr' id='par_1_14' title="bbox 301 2711 1922 2920">
     <span class='ocr_line' id='line_1_32' title="bbox 303 2711 1922 2769; baseline 0.001 -13"><span class='ocrx_word' id='word_1_296' title='bbox 303 2727 429 2757; x_wconf 90' lang='lat' dir='ltr'>anco</span> <span class='ocrx_word' id='word_1_297' title='bbox 453 2728 547 2757; x_wconf 91' lang='lat' dir='ltr'>non</span> <span class='ocrx_word' id='word_1_298' title='bbox 572 2717 597 2758; x_wconf 82' lang='grc'>6</span> <span class='ocrx_word' id='word_1_299' title='bbox 622 2713 812 2769; x_wconf 89' lang='lat' dir='ltr'>piccola</span> <span class='ocrx_word' id='word_1_300' title='bbox 837 2714 883 2757; x_wconf 86' lang='lat' dir='ltr'>la</span> <span class='ocrx_word' id='word_1_301' title='bbox 906 2712 1058 2757; x_wconf 71' lang='lat' dir='ltr'>fatica</span> <span class='ocrx_word' id='word_1_302' title='bbox 1084 2713 1171 2757; x_wconf 92' lang='lat' dir='ltr'>che</span> <span class='ocrx_word' id='word_1_303' title='bbox 1197 2713 1242 2756; x_wconf 87' lang='lat' dir='ltr'>ui</span> <span class='ocrx_word' id='word_1_304' title='bbox 1267 2712 1412 2757; x_wconf 88' lang='lat' dir='ltr'>s‘usa.</span> <span class='ocrx_word' id='word_1_305' title='bbox 1441 2711 1581 2757; x_wconf 89' lang='lat' dir='ltr'>Onde</span> <span class='ocrx_word' id='word_1_306' title='bbox 1610 2712 1818 2757; x_wconf 88' lang='lat' dir='ltr'>essendo</span> <span class='ocrx_word' id='word_1_307' title='bbox 1844 2713 1922 2768; x_wconf 86' lang='lat' dir='ltr'>qui</span> 
     </span>
     <span class='ocr_line' id='line_1_33' title="bbox 302 2787 1922 2844; baseline 0 -12"><span class='ocrx_word' id='word_1_308' title='bbox 302 2803 364 2833; x_wconf 90' lang='lat' dir='ltr'>un</span> <span class='ocrx_word' id='word_1_309' title='bbox 390 2789 689 2834; x_wconf 85' lang='lat' dir='ltr'>monasterio</span> <span class='ocrx_word' id='word_1_310' title='bbox 714 2789 802 2833; x_wconf 92' lang='lat' dir='ltr'>che</span> <span class='ocrx_word' id='word_1_311' title='bbox 827 2788 1046 2833; x_wconf 90' lang='lat' dir='ltr'>anchora</span> <span class='ocrx_word' id='word_1_312' title='bbox 1071 2787 1242 2832; x_wconf 88' lang='lat' dir='ltr'>ritiene</span> <span class='ocrx_word' id='word_1_313' title='bbox 1268 2789 1310 2833; x_wconf 90' lang='lat' dir='ltr'>le</span> <span class='ocrx_word' id='word_1_314' title='bbox 1336 2788 1544 2844; x_wconf 84' lang='lat' dir='ltr'>uestigia</span> <span class='ocrx_word' id='word_1_315' title='bbox 1568 2788 1696 2832; x_wconf 88' lang='lat' dir='ltr'>della</span> <span class='ocrx_word' id='word_1_316' title='bbox 1715 2788 1922 2844; x_wconf 89' lang='lat' dir='ltr'>discipli—</span> 
     </span>
     <span class='ocr_line' id='line_1_34' title="bbox 301 2863 1922 2920; baseline 0 -12"><span class='ocrx_word' id='word_1_317' title='bbox 301 2880 364 2909; x_wconf 93' lang='lat' dir='ltr'>na</span> <span class='ocrx_word' id='word_1_318' title='bbox 388 2865 463 2909; x_wconf 83' lang='lat' dir='ltr'>del</span> <span class='ocrx_word' id='word_1_319' title='bbox 488 2864 565 2909; x_wconf 68' lang='lat' dir='ltr'>Re</span> <span class='ocrx_word' id='word_1_320' title='bbox 588 2864 856 2910; x_wconf 81' lang='lat' dir='ltr'>Paschasio</span> <span class='ocrx_word' id='word_1_321' title='bbox 897 2866 927 2920; x_wconf 85' lang='lat'>¹,</span> <span class='ocrx_word' id='word_1_322' title='bbox 955 2864 1082 2920; x_wconf 92' lang='lat' dir='ltr'>dopo</span> <span class='ocrx_word' id='word_1_323' title='bbox 1107 2864 1258 2909; x_wconf 87' lang='lat' dir='ltr'>molta</span> <span class='ocrx_word' id='word_1_324' title='bbox 1282 2864 1506 2909; x_wconf 86' lang='lat' dir='ltr'>instanza</span> <span class='ocrx_word' id='word_1_325' title='bbox 1533 2863 1657 2908; x_wconf 71' lang='lat' dir='ltr'>satta</span> <span class='ocrx_word' id='word_1_326' title='bbox 1690 2863 1799 2908; x_wconf 80' lang='lat' dir='ltr'>fare</span> <span class='ocrx_word' id='word_1_327' title='bbox 1834 2879 1922 2919; x_wconf 84' lang='lat' dir='ltr'>per</span> 
     </span>
    </p>
   </div>
   <div class='ocr_carea' id='block_1_13' title="bbox 300 2992 1921 3099">
    <p class='ocr_par' dir='ltr' id='par_1_15' title="bbox 300 2992 1921 3099">
     <span class='ocr_line' id='line_1_35' title="bbox 349 2992 1921 3031; baseline -0.001 -2"><span class='ocrx_word' id='word_1_328' title='bbox 349 2995 357 3013; x_wconf 94' lang='lat'>¹</span> <span class='ocrx_word' id='word_1_329' title='bbox 410 2993 533 3029; x_wconf 77' lang='lat' dir='ltr'>Anno</span> <span class='ocrx_word' id='word_1_330' title='bbox 556 2994 644 3029; x_wconf 65' lang='lat'>1339</span> <span class='ocrx_word' id='word_1_331' title='bbox 676 2994 805 3031; x_wconf 86' lang='lat' dir='ltr'>Senas</span> <span class='ocrx_word' id='word_1_332' title='bbox 824 2994 967 3030; x_wconf 88' lang='lat' dir='ltr'>missus</span> <span class='ocrx_word' id='word_1_333' title='bbox 988 2998 1047 3029; x_wconf 89' lang='lat' dir='ltr'>est</span> <span class='ocrx_word' id='word_1_334' title='bbox 1066 2993 1109 3029; x_wconf 85' lang='lat' dir='ltr'>P.</span> <span class='ocrx_word' id='word_1_335' title='bbox 1132 2993 1371 3029; x_wconf 79' lang='lat' dir='ltr'>Paschasius</span> <span class='ocrx_word' id='word_1_336' title='bbox 1396 2993 1520 3029; x_wconf 77' lang='lat' dir='ltr'>Broet</span> <span class='ocrx_word' id='word_1_337' title='bbox 1547 2993 1596 3028; x_wconf 86' lang='lat' dir='ltr'>ad</span> <span class='ocrx_word' id='word_1_338' title='bbox 1621 2992 1921 3029; x_wconf 83' lang='lat' dir='ltr'>reformandum</span> 
     </span>
     <span class='ocr_line' id='line_1_36' title="bbox 300 3051 1921 3099; baseline 0 -11"><span class='ocrx_word' id='word_1_339' title='bbox 300 3053 586 3097; x_wconf 81' lang='lat' dir='ltr'>monasterium</span> <span class='ocrx_word' id='word_1_340' title='bbox 606 3052 681 3089; x_wconf 86' lang='lat' dir='ltr'>SS.</span> <span class='ocrx_word' id='word_1_341' title='bbox 704 3053 891 3099; x_wconf 81' lang='lat' dir='ltr'>Prosperi</span> <span class='ocrx_word' id='word_1_342' title='bbox 911 3059 950 3089; x_wconf 91' lang='lat' dir='ltr'>et</span> <span class='ocrx_word' id='word_1_343' title='bbox 971 3052 1160 3099; x_wconf 85' lang='lat' dir='ltr'>Agnetis.</span> <span class='ocrx_word' id='word_1_344' title='bbox 1183 3051 1245 3088; x_wconf 79' lang='lat' dir='ltr'>Cf.</span> <span class='ocrx_word' id='word_1_345' title='bbox 1270 3052 1406 3097; x_wconf 80' lang='lat' dir='ltr'>Epist.</span> <span class='ocrx_word' id='word_1_346' title='bbox 1429 3051 1521 3088; x_wconf 80' lang='lat' dir='ltr'>PF.</span> <span class='ocrx_word' id='word_1_347' title='bbox 1550 3051 1757 3095; x_wconf 69' lang='lat' dir='ltr'>Bro&#39;e&#39;ti...,</span> <span class='ocrx_word' id='word_1_348' title='bbox 1777 3051 1859 3097; x_wconf 80' lang='lat'>201;</span> <span class='ocrx_word' id='word_1_349' title='bbox 1882 3057 1921 3088; x_wconf 86' lang='lat' dir='ltr'>et</span> 
     </span>
    </p>
   </div>
   <div class='ocr_carea' id='block_1_14' title="bbox 298 3111 871 3156">
    <p class='ocr_par' dir='ltr' id='par_1_16' title="bbox 298 3111 871 3156">
     <span class='ocr_line' id='line_1_37' title="bbox 298 3111 871 3156; baseline -0.002 -8"><span class='ocrx_word' id='word_1_350' title='bbox 298 3111 542 3156; x_wconf 80' lang='lat' dir='ltr'>POLANCUM,</span> <span class='ocrx_word' id='word_1_351' title='bbox 564 3113 638 3149; x_wconf 78' lang='lat' dir='ltr'>loe.</span> <span class='ocrx_word' id='word_1_352' title='bbox 661 3113 742 3155; x_wconf 64' lang='lat' dir='ltr'>eit..</span> <span class='ocrx_word' id='word_1_353' title='bbox 764 3112 792 3156; x_wconf 83' lang='grc' dir='ltr'>Ι,</span> <span class='ocrx_word' id='word_1_354' title='bbox 814 3113 871 3148; x_wconf 75' lang='lat' dir='ltr'>SO.</span> 
     </span>
    </p>
   </div>
  </div>
 </body>
</html>
