2051 3516
427 251 649 288 APPENDIX
677 250 1024 288 HL—Omswoxss
1049 253 1096 289 3⁰
1117 253 1227 300 ern
1258 255 1347 290 15:35*
1373 255 1417 299 (ἒ)
1620 254 1690 291 965

107 346 247 392 Multi
272 355 540 403 praeterea
564 346 645 391 alii
666 362 729 391 ex
752 347 936 392 nostris
959 348 1267 393 scholasticis
1286 358 1459 405 aperte
1483 350 1733 405 sigillatim

106 423 524 481 repraehendunt,
552 424 683 480 quod
706 423 787 469 alii
822 424 966 480 aequi
1002 425 1212 481 bonique
1250 427 1527 482 consulunt,
1567 427 1735 483 pueris

103 500 302 556 gratias
326 510 535 556 agentes
561 500 690 556 quod
714 515 768 545 se
793 512 1019 546 errantes
1043 503 1317 559 emendent;
1345 503 1426 548 alii
1452 519 1591 561 vero,
1618 520 1733 560 pau-

103 577 265 623 ciores
290 587 476 635 tamen,
502 577 666 634 iniquo
703 577 867 623 animo
902 578 948 623 id
971 578 1206 635 ferentes,
1232 582 1277 625 in
1304 582 1735 637 repraehensionis

104 655 383 700 mercedem
423 654 598 711 alapas
637 655 951 711 verberaque
986 655 1218 714 indicunt,
1254 658 1292 702 si
1326 657 1372 702 id
1406 658 1530 703 alias
1564 658 1734 704 facere

103 732 282 788 ausint;
309 746 401 777 nec
425 740 696 788 propterea
730 732 941 777 modesti
964 733 1202 791 probique
1239 735 1521 780 scholastici
1555 735 1618 780 ab
1652 735 1732 780 ho-

102 809 252 855 nestis
278 808 482 866 inceptis
506 808 765 854 desistunt.
794 808 868 854 Sit
893 810 1134 856 Dominus
1158 812 1463 869 benedictus,
1500 813 1579 869 qui
1603 822 1733 859 tene-

102 886 169 932 ris
193 902 463 943 puerorum
489 886 668 932 animis
693 902 814 932 suae
839 887 1034 933 diuinae
1058 888 1326 944 patientiae
1351 890 1565 946 vestigia
1589 906 1733 947 quae-

101 965 214 1010 dam
239 965 474 1021 dignatur
498 964 797 1021 imprimere,
834 980 958 1022 quae
993 966 1315 1022 prudentibus
1351 976 1399 1013 et
1433 967 1734 1024 sapientibus

101 1042 375 1097 occultans,
399 1042 622 1099 paruulis
646 1042 838 1088 reuelat
862 1044 894 1088 ¹.

158 1120 199 1165 7.
269 1119 344 1165 Eo
369 1120 519 1165 etiam
544 1120 738 1166 accedit
761 1120 890 1176 quod
915 1121 960 1165 in
989 1121 1055 1165 if*
1080 1121 1239 1166 classe
1259 1122 1540 1178 praeteritis
1564 1123 1733 1168 diebus

100 1197 294 1243 accidit.
325 1196 452 1242 Cum
477 1197 604 1242 enim
627 1207 925 1254 praeceptor
958 1213 1077 1243 casu
1110 1198 1360 1244 incidisset
1385 1200 1429 1244 in
1455 1214 1733 1245 sermonem

100 1274 159 1319 de
197 1273 422 1330 turpibus
455 1274 773 1332 carminibus,
816 1275 1048 1331 pryapeis
1081 1275 1293 1332 nomine,
1336 1291 1462 1332 quae
1500 1276 1731 1334 Vergilio

99 1351 434 1408 ascribuntur,
482 1350 687 1408 ejusque
738 1352 971 1408 operibus
1015 1352 1248 1398 adiuncta
1297 1352 1728 1410 circumferuntur,

99 1429 446 1485 discipulisque
470 1445 530 1474 ne
554 1429 637 1474 illa
661 1429 888 1486 legerent
912 1430 1118 1487 iuberet,
1141 1430 1377 1475 euoluens
1396 1430 1573 1476 librum
1591 1446 1733 1488 quem

99 1506 143 1552 in
182 1507 410 1552 manibus
434 1507 667 1564 habebat,
709 1506 827 1552 folia
867 1507 1042 1565 quibus
1067 1508 1289 1553 carmina
1313 1508 1394 1553 illa
1419 1509 1731 1555 contineban-

100 1594 196 1643 tur,
225 1585 459 1631 continuo
484 1585 758 1642 discerpsit;
801 1586 929 1643 quod
969 1585 1191 1643 discipuli
1232 1586 1468 1644 videntes,
1495 1596 1548 1632 vt
1571 1587 1731 1632 mode-

99 1663 222 1708 stiae
256 1678 377 1708 suae
411 1663 549 1720 quasi
569 1663 765 1719 signum
790 1664 983 1719 darent,
1017 1664 1358 1720 praeceptoris
1388 1664 1460 1709 sui
1485 1664 1729 1721 exemplo,

99 1740 396 1797 quicumque
434 1740 499 1786 ibi
538 1741 691 1786 libros
716 1740 984 1797 habebant,
1021 1741 1242 1786 similiter
1265 1742 1581 1797 praeceptori
1604 1741 1732 1787 fece-

100 1826 226 1870 runt,
267 1818 576 1874 collectaque
615 1817 661 1863 in
700 1833 939 1863 aceruum
978 1818 1097 1863 folia
1136 1818 1390 1863 decretum
1431 1828 1504 1864 est
1537 1819 1731 1875 ignibus

99 1896 440 1941 comburenda
459 1896 795 1941 traderentur.
819 1896 1050 1941 Protinus
1074 1896 1268 1952 quidam
1288 1896 1487 1941 festinat
1506 1906 1553 1941 et
1576 1897 1730 1941 lucer-

99 1988 212 2018 nam
235 1972 591 2018 inflammatam
616 1972 862 2025 adferens,
888 1973 1090 2018 admoto
1115 1973 1229 2030 igne
1254 1973 1381 2029 cepit
1406 1973 1522 2018 folia
1546 1973 1729 2018 iniiam·

99 2064 254 2106 mare,
281 2050 490 2106 denique
515 2049 656 2107 quasi
681 2049 880 2107 Pryapo
904 2049 1036 2107 justa
1069 2052 1334 2107 soluentes,
1363 2049 1469 2107 ejus
1493 2066 1731 2096 execran-

101 2128 214 2173 dum
238 2127 385 2173 funus
409 2128 503 2173 hoc
529 2127 735 2173 disthico
759 2128 1092 2174 celebrarunt:

248 2204 419 2250 Foeda
444 2204 768 2262 profanorum
792 2205 1104 2262 conflagrent
1128 2205 1348 2250 carmina
1372 2215 1558 2259 vatum;

365 2283 628 2327 Accensae
652 2282 830 2328 dentur
854 2283 1075 2328 carmina
1099 2282 1246 2327 foeda
1270 2297 1440 2338 pyrae.

188 2360 344 2405 Multa
383 2360 482 2405 alia
520 2369 785 2416 praeterea
824 2361 871 2406 in
910 2361 979 2405 eis
1018 2360 1160 2415 signa
1184 2358 1444 2415 probitatis
1469 2369 1725 2415 apparent,

100 2454 226 2495 quae
249 2438 445 2494 singula
469 2436 671 2482 difficile
694 2447 826 2483 esset
849 2453 1077 2482 narrare.

156 2515 200 2561 8.
266 2515 371 2560 Nec
396 2530 520 2560 vero
546 2515 592 2560 in
616 2515 770 2560 literis
794 2515 954 2560 minus
977 2513 1252 2570 proficiuut.
1296 2513 1364 2557 ita
1398 2521 1451 2557 vt
1484 2512 1727 2568 aliquibus

100 2592 320 2638 habenas
359 2591 594 2637 cohibere
633 2591 694 2636 sit
733 2607 951 2637 necesse.
981 2590 1221 2635 Dominus
1260 2589 1388 2634 enim
1422 2589 1668 2635 Antonius
1692 2590 1723 2646 2,

100 2668 241 2726 cujus
280 2668 617 2725 superioribus
656 2668 808 2714 literis
848 2667 1125 2713 meminisse
1160 2682 1236 2711 me
1260 2666 1506 2722 existimo,
1548 2666 1728 2722 elapsis

100 2745 272 2791 diebus
311 2746 373 2790 ad
412 2754 634 2790 nostrum
656 2746 889 2802 templum
928 2758 1118 2789 summo
1158 2758 1302 2788 mane
1340 2742 1557 2799 veniens,
1584 2743 1727 2789 simul

101 2838 211 2868 cum
230 2822 323 2867 illis
341 2825 410 2868 rei
431 2822 626 2868 diuinae
649 2822 820 2868 adfuit:
850 2838 947 2878 qua
966 2821 1100 2866 finita
1125 2830 1322 2864 nostros
1345 2820 1515 2864 hortos
1539 2820 1724 2877 ingres-

149 3004 157 3022 ¹
212 3002 275 3039 Cf.
300 3001 487 3046 MATTH.,
508 3002 581 3046 XI,
601 3002 659 3048 25;
683 3003 798 3044 LUc.,
822 3002 873 3046 X,
894 3002 951 3038 21.

150 3063 163 3082 ‘²
215 3061 322 3099 Vide
342 3062 541 3110 superius,
562 3075 655 3110 pag.
675 3062 761 3100 278.
