2051 3516
403 325 471 362 706
885 325 1101 362 LITTERAE
1127 324 1481 370 QUADRIMESTRES

357 436 464 465 mur
489 420 545 476 (si
570 429 734 465 tamen
758 419 834 465 fas
859 431 931 466 est
957 421 1000 464 in
1028 436 1086 465 ea
1111 435 1164 465 re
1190 420 1340 465 ullum
1366 419 1662 476 admittere).
1700 419 1826 464 Nam
1862 435 1972 465 curn

356 497 517 541 securi
540 496 584 540 in
611 496 702 541 hoc
723 497 857 542 orbis
881 497 1067 553 angulo
1093 497 1155 541 ab
1175 496 1305 541 omni
1326 496 1586 541 lutherana
1606 495 1810 552 perfidia
1831 497 1974 553 (quae

357 583 456 617 tam
481 573 809 618 miserabilem
835 573 1113 618 animarum
1137 582 1360 628 stragem
1385 588 1481 616 non
1506 581 1670 618 cessat
1705 571 1870 629 edere)
1908 573 1973 617 vi-

359 649 604 705 deremur,
641 659 843 705 repente
876 649 1041 694 nescio
1075 649 1250 705 quibus
1274 649 1575 705 intemperiis
1599 658 1684 693 aut
1709 649 1874 693 uerius
1899 665 1973 694 sa-

357 726 538 770 thanae
563 725 767 782 impulsu
793 726 1038 782 exagitati
1060 725 1214 783 multi,
1238 725 1283 769 in
1308 725 1482 782 quibus
1506 725 1693 781 aliquot
1716 726 1903 771 nobiles
1928 735 1976 770 et

357 817 578 847 summae
603 803 893 848 conditionis
919 803 1025 858 uiri,
1048 802 1234 859 aliquot
1254 802 1497 852 monachi,
1520 802 1705 858 aliquot
1725 802 1972 858 doctores,

357 894 446 924 nec
465 888 628 924 tamen
649 879 902 936 quisquam
928 895 987 924 ex
1012 879 1086 923 his
1115 879 1392 929 illiteratus,
1421 879 1507 923 sed
1532 879 1610 935 qui
1635 879 1900 924 sanctitate
1924 889 1971 924 et

357 948 587 1001 doctrina
606 956 847 1012 quaedam
883 956 1140 1001 Ecclesiae
1171 957 1430 1001 columnae
1454 955 1475 976 a
1499 955 1802 1012 uiderentur,
1830 956 1876 1000 in
1902 971 1975 1000 re-

359 1034 564 1089 probum
590 1049 786 1079 sensum
810 1042 922 1079 sunt
946 1033 1129 1090 traditi,
1157 1045 1203 1078 et
1227 1032 1411 1078 idcirco
1436 1047 1465 1078 a
1499 1032 1788 1077 censoribus
1822 1033 1976 1077 eccle-

357 1111 569 1156 siasticis
593 1111 638 1156 in
662 1112 861 1156 uincula
885 1110 1110 1167 coniecti,
1137 1126 1228 1155 nec
1251 1120 1448 1155 cessant
1472 1110 1686 1167 quotidie
1725 1111 1891 1166 plures
1929 1109 1972 1154 in

357 1188 566 1233 eundem
604 1203 861 1233 carcerem
902 1188 1097 1232 ducere:
1141 1197 1281 1232 tanta
1311 1187 1460 1243 pestis
1495 1188 1757 1232 multorum
1788 1187 1978 1231 animos

358 1275 693 1322 peruasserat;
717 1266 947 1321 quoniam
971 1273 1136 1310 autem
1161 1264 1374 1309 nondum
1399 1264 1444 1308 in
1470 1265 1648 1320 uulgus
1667 1273 1740 1309 est
1764 1264 1977 1309 aeditum

357 1342 533 1387 horum
573 1342 815 1387 malorum
856 1357 982 1398 quae
1021 1342 1084 1386 sit
1123 1357 1291 1395 causa,
1333 1342 1419 1387 sed
1453 1350 1641 1386 tantum
1681 1340 1978 1386 coniecturis

360 1418 579 1475 plerique
603 1419 755 1463 multa
786 1420 1068 1474 loquantur,
1108 1418 1293 1463 idcirco
1327 1418 1385 1463 de
1418 1418 1512 1463 hac
1548 1433 1600 1463 re
1634 1417 1895 1463 tacendum
1931 1417 1976 1462 in

357 1495 752 1550 praesentiarum
772 1495 904 1552 duxi,
928 1495 1091 1551 quoad
1111 1504 1303 1551 tempus
1328 1495 1494 1540 omnia
1512 1495 1708 1540 occulta
1733 1495 1923 1540 reuelet
1951 1494 1976 1538 ¹.

415 1571 455 1615 7.
519 1570 784 1617 Societatis
808 1582 972 1617 autem
996 1572 1041 1617 in
1077 1571 1239 1617 Deum
1273 1572 1429 1628 pietas
1464 1582 1512 1617 et
1546 1587 1738 1617 morum
1773 1571 1976 1626 candor,

357 1657 405 1692 et
430 1648 475 1692 in
501 1647 593 1693 fide
616 1649 863 1694 seruanda
888 1648 1152 1705 integritas
1178 1659 1225 1694 et
1259 1649 1537 1694 constantia
1572 1648 1642 1694 his
1677 1644 1991 1694 calamitosis

357 1725 662 1781 temporibus
686 1725 900 1770 maxime
926 1726 1149 1770 omnibus
1174 1725 1398 1781 innotuit,
1427 1725 1485 1771 de
1517 1741 1612 1782 qua
1646 1741 1741 1771 non
1775 1734 1978 1781 possunt

358 1816 451 1845 non
477 1800 738 1858 magnifice
763 1801 962 1858 sentire,
991 1812 1038 1846 et
1065 1817 1173 1847 eam
1197 1818 1293 1847 non
1318 1803 1461 1858 pleno
1485 1818 1573 1847 ore
1608 1802 1829 1855 laudare,
1869 1817 1977 1847 cum

359 1877 572 1922 viderint
594 1894 689 1922 non
715 1893 899 1934 paucos
923 1878 1122 1935 generis
1145 1879 1405 1935 splendore
1430 1880 1610 1937 claros,
1637 1879 1790 1924 literis
1824 1889 1872 1925 et
1906 1895 1978 1924 re-

358 1954 538 2010 ligione
562 1955 794 2012 illustres,
822 1972 849 2001 a
875 1955 984 2000 fidei
1017 1956 1228 2002 ueritate
1262 1956 1325 2001 ad
1360 1957 1621 2002 lutherana
1656 1956 1979 2002 deliramenta

358 2032 639 2078 desciuisse:
668 2042 845 2078 contra
880 2049 1019 2091 vero,
1046 2034 1278 2079 miniman
1312 2033 1421 2080 Iesu
1457 2033 1759 2080 Societatem
1796 2033 1980 2079 Christi

357 2109 494 2164 leges
519 2119 566 2154 et
591 2120 795 2155 sanctae
820 2126 1059 2155 romanae
1095 2109 1352 2156 Ecclesiae
1386 2120 1658 2168 praecepta
1689 2111 1978 2167 incorrupta

358 2185 642 2242 illibataque
676 2201 900 2243 seruare;
934 2196 1220 2232 sanctorum
1255 2196 1468 2245 patrum,
1506 2188 1585 2244 qui
1618 2187 1875 2233 Ecclesiae
1899 2202 1978 2232 co-

360 2263 553 2307 lumnae
589 2262 896 2308 firmissimae
919 2272 1045 2318 sunt,
1074 2263 1330 2310 doctrinae
1355 2265 1702 2321 adherescere,
1731 2266 1793 2309 ab
1822 2264 1894 2308 his
1918 2280 1977 2308 ne

362 2341 511 2384 latum
536 2339 729 2395 quidem
753 2341 965 2385 culmum
992 2341 1262 2399 discedere,
1286 2342 1521 2387 vniuersa
1544 2351 1592 2387 et
1617 2342 1773 2386 verba
1798 2350 1845 2386 et
1860 2334 1978 2397 'ope—

361 2431 415 2461 ra
438 2416 532 2462 hac
556 2417 714 2462 amusi
740 2417 913 2474 metiri,
942 2433 1031 2463 nec
1055 2418 1317 2474 quicquam
1353 2428 1438 2463 aut
1472 2419 1638 2464 dicere
1674 2427 1758 2463 aut
1791 2417 1975 2469 facere,

359 2494 487 2549 quod
526 2494 827 2538 christianae
868 2494 1066 2539 veritati
1110 2510 1205 2540 non
1245 2495 1538 2540 consentiat.
1584 2494 1637 2540 In
1676 2503 1815 2540 tanta
1855 2509 1978 2550 ergo

358 2585 586 2614 errorum
621 2571 850 2627 caligine,
888 2571 934 2615 in
969 2581 1052 2616 tan
1084 2571 1246 2616 densis
1269 2571 1599 2628 ignorationis
1623 2571 1856 2626 tenebris,
1884 2586 1978 2615 non

358 2646 503 2691 aliter
538 2647 719 2692 inuicta
752 2646 1017 2693 Societatis
1058 2647 1231 2705 uirtus,
1280 2659 1456 2695 cuncta
1496 2650 1641 2705 longe
1676 2649 1872 2704 lateque
1912 2648 1978 2692 lu-

359 2724 566 2768 therana
590 2724 842 2780 impletate
877 2734 1139 2781 ocupante,
1178 2726 1393 2782 emicuit,
1431 2735 1579 2782 atque
1613 2725 1740 2770 inter
1774 2722 1979 2770 nebulas

405 2903 424 2922 ὃ
473 2903 675 2940 columnia
694 2913 775 2941 ms.

406 3061 415 3078 ¹
467 3057 610 3095 Exitus
630 3060 747 3106 hujus
766 3059 823 3094 rei
847 3058 972 3094 videri
992 3063 1121 3104 potest
1140 3058 1245 3103 apud
1265 3058 1419 3094 Laim's
1442 3058 1653 3100 Elsounm„
1680 3058 1754 3101 IV,
1782 3058 1865 3100 361;
1893 3058 1978 3094 ME-

359 3127 520 3154 NENDEZ
536 3128 562 3153 Y
580 3117 769 3163 panim,
792 3118 988 3154 Hz'sforia
1009 3117 1063 3154 de
1082 3118 1142 3153 los
1161 3116 1456 3154 Heterodoxos
1476 3118 1713 3164 espafzoles,
1734 3117 1782 3162 II,
1804 3118 1873 3154 314
1891 3130 1977 3165 sqq.
