2051 3516
587 279 881 317 23.-PERUSIO
907 280 929 316 7
955 278 1197 315 FEBRUARII
1226 278 1316 314 1557
1660 277 1725 313 103

132 376 448 433 ι(1111116106116
473 386 647 432 questa
682 375 1010 420 admiratione
1034 377 1060 419 6
1094 373 1178 430 gia
1211 373 1469 428 remessa)‚
1507 381 1690 429 quanto
1715 373 1774 418 de

140 451 191 497 la
215 452 443 509 materia,
477 452 637 496 ardua
671 463 718 497 et
742 450 960 503 difficile,
1002 465 1082 495 ma
1122 451 1161 494 si
1197 450 1320 494 bene
1355 447 1648 502 dichiarata‚
1685 448 1774 494 che

131 529 307 575 :niente
331 530 460 574 altro
485 544 606 586 pare
626 529 715 574 che
740 526 1066 584 agiungersili
1090 541 1254 582 possa.
1283 524 1363 570 Ha
1388 525 1469 581 piu
1492 524 1704 570 auditori
1730 525 1775 570 di

133 607 291 663 -quelli
317 606 408 652 che
431 621 748 663 sperauamo,
775 605 883 650 tutti
909 604 955 649 di
980 606 1060 649 eta
1079 602 1272 660 grande
1292 613 1338 647 et
1357 601 1534 647 studio.
1562 601 1621 646 Li
1644 601 1776 657 quali

148 684 335 729 benche
358 683 453 728 neli
478 683 627 728 altrui
651 683 819 728 schole
844 681 1072 738 sogliano
1092 680 1201 725 fare
1227 694 1430 724 rumore
1450 679 1651 736 (perche
1671 681 1776 723 cusi

145 764 170 806 e
194 760 550 805 consuetudine
576 759 653 804 fra
678 759 820 816 loro),
843 758 1204 803 nientedimeno
1229 767 1372 802 stano
1396 757 1507 801 nela
1525 771 1617 801 sua
1641 755 1775 801 letio-

136 852 206 881 .ne
226 852 317 881 con
342 836 534 892 grande
559 836 744 893 rispeto
762 848 809 881 et
833 835 1092 880 modestia.

203 913 245 958 6.
312 914 350 959 Il
374 913 528 958 frutto
554 913 644 958 che
668 913 883 965 faciano,
912 927 964 957 se
988 927 1084 957 non
1109 915 1135 957 e
1158 926 1248 968 per
1282 909 1554 963 conietura,
1598 924 1778 966 sapere

137 1005 241 1035 non
265 990 532 1046 possiamo;
562 1006 642 1035 ma
667 989 813 1047 quelli
837 989 900 1034 dil
925 989 1136 1045 collegio
1161 999 1332 1033 nostro
1358 987 1389 1032 il
1412 986 1529 1032 fano
1553 986 1781 1044 grandis-

146 1067 284 1112 simo.
312 1067 452 1112 Fano
488 1067 509 1088 a
532 1068 664 1113 uersi
698 1068 744 1113 in
770 1067 887 1124 ogni
910 1082 1114 1124 genero,
1144 1066 1173 1110 il
1196 1066 1285 1111 che
1310 1065 1355 1110 in
1387 1076 1561 1121 questa
1601 1064 1718 1109 citta
1753 1068 1779 1110 e

146 1160 290 1201 nouo,
340 1160 687 1201 compongano
733 1154 781 1190 et
822 1144 1045 1189 recitano
1092 1141 1305 1187 orationi
1347 1151 1395 1187 et
1439 1141 1656 1198 ogniuno
1700 1142 1779 1186 nel

135 1223 305 1279 ‚grado
329 1237 419 1267 suo
439 1222 794 1279 grandemente
820 1225 845 1267 e
870 1221 1181 1266 essercitato.

206 1299 247 1344 7.
313 1299 395 1344 Dil
419 1299 575 1344 frutto
595 1299 817 1344 anchora
841 1298 931 1343 che
955 1297 1068 1343 nela
1102 1296 1234 1342 uirtu
1261 1295 1478 1351 facianO,
1515 1310 1604 1352 per
1638 1294 1667 1339 li
1701 1310 1780 1340 60-

146 1376 292 1421 stumi
317 1375 529 1421 scorreti
564 1377 622 1420 de
657 1376 687 1421 li
719 1375 832 1420 altri
856 1374 1139 1420 facilmente
1163 1372 1536 1430 cognosciamo.
1564 1370 1779 1428 Impero-

136 1454 237 1498 >che
262 1456 288 1498 e
312 1452 445 1498 assai
469 1452 671 1498 difficile
705 1453 751 1497 lo
785 1451 1008 1497 sfrenato
1039 1449 1238 1507 ingenio
1272 1449 1318 1494 di
1358 1448 1503 1506 quelli
1538 1448 1629 1493 che
1653 1448 1712 1493 de
1737 1449 1781 1494 le

147 1529 295 1575 altrui
319 1530 489 1575 schole
514 1545 543 1575 a
570 1531 611 1574 le
630 1540 797 1574 nostre
821 1543 1068 1585 uengono,
1096 1543 1124 1572 0
1149 1542 1240 1572 6011
1265 1525 1485 1582 consegli
1511 1540 1539 1570 0
1565 1526 1780 1571 batiture

148 1621 440 1662 corregere.
467 1605 505 1650 Il
530 1606 619 1651 che
645 1605 1025 1657 considerando,
1053 1619 1206 1661 penso
1231 1618 1327 1648 non
1362 1602 1472 1647 fare
1498 1604 1545 1647 la
1572 1602 1778 1658 Compa-

147 1683 265 1740 gnia
288 1683 500 1728 mancho
520 1683 675 1728 frutto
695 1682 741 1727 in
760 1693 935 1739 questa
958 1681 1072 1736 cita,
1097 1681 1187 1726 che
1206 1680 1252 1725 in
1272 1688 1396 1725 tutte
1417 1680 1460 1725 16
1484 1679 1612 1724 altre
1632 1678 1777 1735 parti.

148 1760 283 1805 Tutti
307 1760 346 1805 si
370 1759 668 1805 confessario
693 1759 956 1805 almancho
981 1774 1080 1803 vna
1099 1759 1236 1803 uolta
1260 1758 1308 1802 al
1332 1772 1481 1811 mese,
1504 1756 1779 1801 assaissimi

149 1836 266 1894 ogni
289 1838 549 1882 setimana.
577 1837 758 1882 Alcuni
776 1852 900 1881 sono
926 1852 955 1881 a
979 1836 1025 1881 la
1050 1846 1221 1880 nostra
1246 1833 1563 1891 Compagnia
1588 1833 1779 1878 affetio-

95 1977 97 1981 Α
142 1914 249 1959 ‚nati
273 1924 321 1959 et
345 1913 391 1958 in
416 1914 579 1971 quella
603 1913 898 1958 desiderano
923 1925 970 1958 et
995 1927 1210 1958 cercano
1245 1926 1339 1956 con
1374 1911 1491 1967 ogni
1526 1910 1782 1967 diligentia

149 2006 319 2037 essere
343 1991 572 2037 admessi.
611 1991 703 2037 Nel
726 1990 964 2048 principio
989 1990 1083 2036 deli
1107 1989 1251 2035 studii
1275 1988 1328 2034 fu
1362 1988 1574 2034 recitata
1598 1988 1659 2033 da
1683 2004 1780 2033 uno

150 2069 209 2114 de
235 2070 263 2114 li
289 2069 445 2115 nostri
468 2070 577 2114 nele
602 2069 795 2125 publice
820 2069 987 2113 schole
1011 2083 1109 2113 una
1136 2067 1361 2112 oratione
1392 2066 1469 2111 del
1503 2065 1700 2111 uinculo
1735 2076 1784 2110 et

152 2146 463 2191 coniuntione
488 2146 547 2191 de
571 2147 616 2191 le
635 2145 905 2203 discipline,
932 2160 1028 2190 non
1053 2159 1204 2190 senza
1223 2142 1553 2189 admiratione
1574 2144 1632 2188 de
1651 2143 1778 2199 tutti,

150 2223 379 2269 massime
404 2223 615 2269 d’alcuni
640 2223 729 2269 che
753 2223 913 2280 prima
937 2238 1031 2268 non
1056 2232 1201 2278 tropo
1235 2222 1279 2266 le
1305 2236 1420 2266 cose
1455 2231 1624 2265 nostre
1649 2219 1779 2264 loda-

143 2316 296 2346 -uano.
323 2300 387 2346 D1
410 2303 457 2345 la
482 2317 510 2345 a
534 2300 677 2357 pochi
701 2300 862 2357 giorni
887 2300 925 2345 si
951 2298 1106 2345 recito
1131 2314 1219 2355 per
1245 2298 1275 2342 li
1300 2297 1454 2343 nostri
1479 2296 1693 2342 scholari
1718 2310 1782 2340 un

150 2378 349 2435 dialogo
373 2394 465 2424 con
490 2388 629 2423 tanta
667 2377 962 2435 frequentia,
989 2389 1174 2435 quanto
1209 2377 1256 2422 la
1291 2376 1458 2421 chiesa
1488 2387 1659 2419 nostra
1693 2389 1782 2419 era

81 2516 83 2518 ³
150 2470 352 2513 capace,
380 2467 427 2501 et
460 2471 552 2502 con
587 2466 726 2501 tanto
759 2457 968 2512 aplauso
999 2455 1059 2501 de
1082 2454 1209 2511 tutti,
1247 2454 1336 2499 che
1360 2468 1482 2510 pare
1505 2452 1694 2497 hauere
1718 2451 1782 2496 ad

151 2533 368 2590 ogniuno
393 2533 672 2579 sodisfatto.

210 2610 252 2655 8.
320 2611 522 2667 Quanto
546 2610 800 2667 apertiene
825 2625 854 2655 a
879 2610 923 2655 le
957 2624 1073 2655 cose
1098 2608 1368 2665 spirituale,
1396 2607 1471 2651 dir
1503 2621 1599 2650 non
1623 2604 1661 2650 si
1685 2607 1782 2661 puo

154 2689 322 2744 quanti
347 2687 425 2733 del
444 2688 681 2744 conseglo
706 2697 754 2732 et
778 2687 997 2733 autorita
1017 2687 1076 2732 de
1105 2686 1173 2743 gli
1198 2683 1354 2730 nostri
1379 2683 1514 2728 Patri
1539 2697 1708 2737 useno,
1735 2690 1784 2727 et

153 2766 261 2810 nele
285 2765 605 2810 admonitioni
631 2765 675 2810 di
700 2765 847 2821 quelli
871 2764 950 2809 fra
968 2763 1149 2809 diuersi
1169 2760 1529 2819 perturbationi
1554 2760 1593 2805 si
1617 2760 1782 2817 aquie-

154 2852 282 2888 teno.

213 2920 256 2965 9.
323 2920 478 2965 Molto
504 2919 584 2976 piu
607 2919 698 2964 che
722 2919 880 2977 prima
905 2920 948 2964 le
973 2917 1200 2974 prediche
1230 2916 1319 2961 che
1359 2915 1474 2972 ogni
1513 2914 1784 2959 domeneca

202 3087 221 3106 a
265 3087 518 3124 Correctum
540 3097 589 3123 ex
608 3085 742 3122 fanno.
