2051 3516
430 296 718 333 219.—Mo›1m
745 296 883 331 REG10
910 294 956 330 28
982 294 1232 330 DECEMBms
1266 292 1354 330 1558
1586 292 1656 328 907

69 402 309 449 rogantes
337 402 388 436 vt
412 392 593 448 aliquid
618 391 766 435 diuini
792 390 987 446 elloquii
1023 390 1113 434 illis
1149 389 1485 446 impartiatur.
1512 388 1701 435 Diebus

70 469 326 515 dominicis
351 478 399 514 et
422 468 612 514 festinis
630 477 975 513 conuocantur
999 482 1028 512 a
1053 465 1268 511 finitimis
1288 465 1477 523 oppidis
1501 466 1562 511 ad
1589 481 1703 511 con-

70 547 261 592 cionem
299 545 594 595 habendam:
630 546 802 590 nolunt
835 544 1071 602 exequias
1106 544 1366 589 celebrare
1400 544 1587 601 absque
1621 559 1703 588 no-

69 633 287 668 strorum
322 622 622 678 praesentia.
652 622 831 667 Mirum
865 634 953 674 est,
981 620 1088 665 Rfle
1112 619 1187 677 P.‚
1214 630 1452 677 quantum
1483 621 1597 665 olim
1622 636 1703 665 ex-

69 701 344 745 horrebant
369 700 577 745 verbum
602 700 710 750 Dei,
734 715 830 744 nan
850 713 1009 755 neque
1034 707 1143 743 erat
1168 698 1260 743 illis
1280 707 1591 755 suggestum,
1613 713 1705 743 nec

69 777 392 823 concionator
415 792 506 821 nec
530 777 687 822 sacris
721 776 943 833 gratuito
978 775 1268 820 intererant.
1308 775 1411 820 Iam
1446 775 1703 820 libentissi-

70 871 147 899 me
172 870 291 905 sane
316 854 536 905 audiunt,
565 863 611 899 et
636 854 832 898 student
870 852 1044 898 audire
1079 853 1289 897 verbum
1313 851 1423 911 Dei,
1451 862 1499 897 et
1524 852 1705 908 vbique

34 935 42 941 '
71 941 182 977 sunt
215 940 506 977 constructa
541 940 800 987 suggesta;
828 945 890 975 ac
930 930 975 974 in
1015 930 1147 975 cultu
1183 929 1346 974 diuino
1386 945 1480 973 non
1523 929 1704 974 medio-

69 1009 168 1053 cris
202 1008 415 1053 deuotio.
452 1007 602 1053 Pater
637 1017 806 1052 rector
841 1022 938 1051 vna
973 1022 1083 1052 cum
1118 1007 1279 1051 altero
1317 1005 1483 1054 Patre,
1511 1007 1589 1051 cui
1621 1022 1702 1050 no-

70 1100 178 1130 men
207 1094 282 1130 est
306 1083 491 1129 Paulus
523 1085 548 1134 ¹,
576 1083 852 1140 praeterito
888 1099 1007 1128 vere
1042 1083 1265 1128 decrevit
1304 1084 1469 1128 omnia
1504 1083 1703 1139 oppidu-

70 1164 116 1208 la
155 1162 296 1208 huius
336 1162 601 1207 comitatus
641 1162 820 1216 visere,
863 1170 912 1205 et
956 1159 1161 1216 singulis
1201 1160 1458 1204 dominicis
1498 1161 1578 1205 vel
1624 1177 1702 1205 ne-

69 1240 212 1285 fastis
241 1239 443 1290 diebus
491 1239 778 1284 concionem
823 1237 1011 1282 habere
1055 1237 1101 1281 in
1146 1237 1311 1293 aliquo
1347 1237 1474 1292 vico3
1516 1237 1559 1281 in
1607 1253 1705 1293 qua

70 1334 141 1371 re,
184 1317 338 1362 Pater
377 1316 505 1369 ΗΡΘ,
548 1326 738 1361 tantum
781 1314 871 1360 fuit
916 1315 1227 1359 commodum
1268 1324 1320 1358 vt
1361 1314 1441 1370 qui
1487 1315 1703 1370 periera-

69 1397 205 1449 bant,
243 1394 338 1439 iam
375 1409 471 1439 non
506 1394 687 1443 iurant.
725 1392 810 1437 sed
846 1407 955 1437 cum
991 1391 1190 1436 Patrem
1225 1391 1550 1446 conspiciunt,
1577 1407 1703 1436 com-

71 1482 279 1529 pescunt
318 1472 555 1527 linguam.
598 1470 738 1515 Vitia
777 1470 932 1514 multa
967 1469 1180 1525 publica,
1222 1479 1270 1513 vt
1306 1468 1565 1518 adulteria„
1602 1469 1703 1514 fue-

70 1560 183 1594 runt
228 1549 501 1605 extirpata,
549 1546 927 1603 superstitiones
980 1546 1125 1601 (quae
1169 1545 1457 1590 innumerae
1502 1558 1613 1590 sunt
1658 1547 1703 1591 in

69 1627 142 1672 his
168 1626 473 1683 regionibus)
508 1638 555 1670 et
588 1625 768 1681 aguria
808 1635 920 1669 sunt
960 1639 1115 1680 prope
1151 1623 1388 1668 extincta.
1416 1623 1525 1667 Non
1563 1640 1702 1679 prae-

68 1717 229 1750 teram
273 1705 319 1749 in
364 1704 584 1749 terminis
628 1703 710 1748 vbi
755 1712 865 1748 erat
903 1701 1161 1747 multitudo
1200 1700 1580 1757 flagitiosorum,
1625 1702 1705 1757 qui

69 1782 385 1831 factionibus,
423 1781 688 1826 latrotiniis
710 1790 758 1825 et
782 1779 1017 1825 caedibus
1041 1779 1438 1829 delectabantur,
1466 1789 1704 1835 quantum

69 1860 383 1904 commodum
410 1857 675 1910 effluxerit,
702 1872 799 1902 nan
823 1857 891 1902 ita
916 1866 1027 1901 sunt
1055 1856 1355 1912 commotati,
1384 1866 1435 1900 vt
1460 1856 1558 1901 iam
1594 1871 1703 1901 san-

71 1936 135 1982 cti
160 1930 455 1993 appareant,
483 1946 531 1980 et
554 1935 648 1980 sint
683 1934 906 1979 omnibus
947 1932 1279 1985 admirationi3
1308 1933 1433 1977 adeo
1469 1942 1522 1977 vt
1556 1933 1704 1989 aliqui

71 2031 132 2060 ex
156 2014 247 2059 illis
272 2029 300 2058 a
326 2013 476 2058 Patre
500 2024 697 2058 rectore
715 2020 886 2068 petant
905 2011 1119 2067 aliquem
1138 2010 1346 2055 fratrem
1373 2020 1458 2055 aut
1481 2009 1700 2063 Patrem,

69 2092 148 2148 qui
172 2092 281 2136 illos
304 2091 517 2136 instruat
542 2099 589 2134 et
613 2089 690 2134 cui
715 2089 950 2144 detegant
976 2096 1199 2144 peccata.
1226 2086 1350 2132 Erat
1381 2102 1488 2132 mos
1512 2087 1558 2131 in
1583 2096 1702 2131 tem-

71 2168 159 2225 plis
197 2167 465 2219 sascinora,
504 2166 765 2219 adulteria,
808 2165 1037 2210 conuiuia
1070 2164 1242 2209 facere
1278 2174 1326 2209 et
1357 2164 1592 2208 calicibus
1627 2179 1702 2208 sa-

69 2247 235 2298 cratis,
262 2261 354 2302 pro
388 2243 606 2290 vasculis
641 2243 844 2288 vinariis
879 2243 963 2291 vti<
992 2243 1088 2287 iam
1122 2242 1371 2297 (laudetur
1395 2241 1524 2297 X.¹¹S)
1551 2241 1703 2286 maxi-

74 2338 153 2369 rna
177 2324 392 2369 habetur
416 2322 546 2367 ratio
571 2321 780 2378 templis.

128 2402 170 2447 5.
237 2401 289 2446 In
314 2399 708 2445 confessionibus
742 2398 928 2443 Vtilitas
958 2413 1054 2442 non
1090 2396 1396 2446 reticebitur;
1424 2411 1520 2440 nan
1555 2395 1703 2453 aliqui

70 2480 115 2523 in
139 2488 243 2524 toto
271 2478 402 2523 vitae
427 2477 652 2522 discursu
676 2491 924 2532 nunquam
957 2475 1254 2519 detexerunt
1277 2485 1502 2529 peccata,
1532 2485 1579 2518 et
1603 2473 1701 2518 iam

70 2567 148 2601 ter
172 2557 218 2601 in
243 2571 374 2601 anno
399 2555 461 2600 ad
487 2554 738 2599 minimum
760 2553 999 2598 fatentur:
1027 2551 1162 2608 atqui
1187 2551 1326 2595 huius
1352 2551 1542 2596 castelli
1567 2551 1703 2596 ciues

71 2634 432 2679 confessionem
468 2642 515 2677 et
549 2631 945 2676 communionem
979 2630 1345 2686 fraequentant.
1375 2626 1548 2673 Solent
1578 2628 1704 2674 dites

71 2728 133 2757 ex
158 2710 436 2768 longinquis
464 2709 601 2765 vicis,
627 2719 730 2754 tres
766 2710 846 2754 vel
879 2719 1094 2765 quatuor
1128 2721 1445 2762 parasangas
1479 2706 1702 2751 distanti-

69 2789 176 2845 bus,
198 2803 458 2833 ascersere
482 2786 659 2832 Patres
683 2786 730 2831 in
753 2785 1166 2843 aegritudinibus,
1189 2793 1236 2829 et
1260 2783 1353 2829 illis
1376 2792 1535 2829 totum
1560 2798 1702 2829 suum

69 2865 418 2922 patrimonium
452 2873 501 2909 et
535 2863 731 2909 diuitias
765 2878 1033 2921 exponere,
1071 2872 1124 2907 vt
1162 2861 1459 2907 distribuant
1489 2876 1580 2917 pro
1610 2875 1702 2906 suo

70 2943 337 2993 arbitratu,
379 2942 447 2986 ita
487 2954 539 2986 vt
583 2941 643 2986 sit
688 2942 786 2987 iam
821 2942 956 2986 velut
995 2938 1332 2996 proverbium,
1375 2954 1486 2984 cum
1524 2938 1703 2995 aliquis

119 3114 126 3131 ¹
179 3111 224 3147 P.
246 3110 399 3147 Paulus
418 3109 677 3145 Hernandez.
700 3109 808 3145 Vide
829 3120 920 3154 pag.
942 3106 1012 3143 535)
1030 3119 1114 3153 sqq.
