2051 3516
528 254 819 291 1960—BURGJS
844 255 890 290 ⁴24
917 254 1179 292 SEPTEMBRls
1210 255 1298 291 1558
1420 234 1426 244 ἱ
1609 253 1679 290 807

91 358 167 394 ret
191 349 285 406 (est
308 349 436 394 enim
462 350 568 395 fere
593 350 829 395 indomita
853 351 997 407 gens)
1022 350 1244 396 ecclesiis
1264 349 1590 406 prospiceret,
1611 364 1724 394 cun-

90 434 173 470 cta
197 425 404 481 denique
430 426 601 471 melius
626 442 865 482 praesens
889 443 1034 483 quam
1068 427 1247 472 absens
1281 421 1607 484 gubernaret3
1636 441 1726 470 nec

92 510 255 545 tamen
281 501 384 557 ipse
410 518 497 557 per
522 503 657 547 uicos
677 503 858 559 passim
880 503 1211 557 discurrebat,
1232 503 1457 560 singulas
1476 501 1725 547 hostiatim

91 578 332 623 ecclesias
357 578 579 632 uisitans,
607 595 765 635 neque
789 580 915 624 enim
943 590 1139 635 poterat
1163 580 1226 625 ob
1252 579 1471 636 regionis
1495 578 1726 624 sterilita-

91 666 188 699 tem
214 664 262 699 et
286 654 562 710 penuriam.
589 656 674 701 sed
710 672 821 701 cum
859 657 952 702 hoc
986 656 1254 702 uisitationi
1292 655 1565 712 praefectis
1598 655 1726 700 dele-

90 741 262 788 gasset
297 746 487 785 munus,
526 733 627 788 ipse
667 733 966 789 opulentiori
1007 734 1173 789 aliquo
1214 744 1260 778 et
1303 749 1471 778 rerum
1511 732 1727 778 omnium

90 808 414 853 foecundiore
440 809 549 854 loco
577 810 841 862 residebat,
869 811 1078 855 clericos
1103 811 1213 855 inde
1246 827 1274 855 a
1299 810 1503 867 singulis
1537 810 1727 855 dioece-

90 885 225 929 sibus
252 884 357 941 [δίε]
396 888 728 940 commeabat,
766 887 1082 942 hortabatur,
1121 902 1301 931 causas
1336 887 1398 931 ad
1432 902 1484 931 se
1518 901 1726 932 concur-

93 962 303 1007 rentium
329 963 658 1018 expendebat,
687 963 884 1019 publica
908 963 1097 1020 flagitia
1123 974 1174 1008 ut
1209 965 1547 1020 plecterentur
1582 979 1727 1009 cura-

93 1040 193 1095 bat,
229 1056 435 1096 quorum
478 1057 570 1085 non
616 1056 823 1097 paruum
858 1056 1136 1095 numerum,
1174 1042 1235 1085 ad
1270 1041 1366 1085 alia
1402 1057 1633 1097 pergens,
1670 1040 1727 1085 si-

94 1116 244 1161 lentio
269 1117 680 1172 praetermittam.
710 1117 935 1174 Denique
971 1118 1105 1161 uelut
1140 1134 1199 1162 ex
1235 1133 1353 1162 arce
1389 1117 1605 1174 quadam
1640 1133 1726 1174 gu-

93 1195 338 1239 bernabat
377 1195 557 1250 omnia,
601 1211 674 1239 me
714 1194 971 1239 dominicis
1012 1195 1184 1239 diebus
1224 1203 1271 1239 et
1310 1194 1503 1239 feriatis
1547 1195 1728 1250 populo

93 1271 388 1327 praedicare
412 1270 631 1328 jubebat,
661 1272 928 1328 praecipue
953 1272 991 1316 si
1016 1273 1076 1316 ad
1102 1271 1356 1325 moniales,
1380 1287 1588 1328 quarum
1614 1282 1728 1316 sunt

92 1349 326 1393 nonnulla
360 1348 433 1393 his
468 1349 588 1393 locis
623 1348 944 1404 monasteria,
987 1348 1260 1393 haberetur
1299 1348 1488 1393 concio.
1533 1348 1731 1394 Aderat

93 1426 172 1471 ille
196 1441 391 1481 semper
415 1426 746 1482 concionanti,
780 1426 1007 1482 quamuis
1042 1426 1308 1481 aliquando
1344 1426 1625 1482 langueret,
1664 1426 1730 1470 ui-

93 1503 247 1560 gebat
272 1503 397 1548 enim
424 1513 607 1548 aestus.
648 1502 999 1548 Concurrebat
1033 1502 1269 1559 frequens
1304 1503 1566 1549 multitudo
1600 1519 1728 1559 quae

95 1598 157 1626 ex
182 1581 290 1625 aliis
313 1580 463 1625 etiam
488 1580 705 1626 castellis
729 1580 957 1626 audiendi
982 1580 1151 1637 gratia
1177 1580 1427 1626 confluere
1452 1581 1727 1626 consueuit.

100 1658 375 1704 Mirabatur
400 1658 479 1703 ille
503 1668 722 1704 aetatem
756 1674 935 1712 meam,
973 1659 1223 1704 imberbes
1257 1674 1432 1715 genas,
1474 1668 1731 1714 aspectum

96 1736 354 1792 puerilem.
382 1735 536 1781 Pater
561 1734 760 1792 Gartia,
787 1735 867 1792 qui
892 1751 1084 1781 mecum
1110 1745 1236 1791 erat,
1270 1735 1505 1781 audiebat
1540 1735 1731 1780 confes-

96 1813 275 1867 siones,
323 1813 539 1858 docebat
584 1812 781 1868 vesperi
825 1812 1106 1858 doctrinam
1152 1812 1491 1869 christianam,
1539 1812 1733 1858 visebat

98 1900 354 1947 aegrotos.

154 1967 195 2012 7.
261 1967 458 2012 Accidit
482 1967 613 2012 aliud
638 1967 807 2026 auditu
832 1967 1052 2024 dignum.
1079 1967 1320 2013 Inuentae
1352 1977 1466 2013 sunt
1489 1967 1549 2012 D.
1574 1966 1734 2012 cardi-

96 2045 220 2090 nalis
259 2044 518 2099 industria,
561 2043 815 2089 veneficae
855 2044 1085 2090 mulieres
1127 2060 1220 2090 non
1261 2060 1470 2101 paucae,
1508 2059 1631 2100 quas
1666 2044 1733 2089 la-

96 2123 220 2168 mias
245 2124 258 2147 ¹
285 2131 487 2175 uocant,
516 2122 644 2167 inter
668 2137 791 2178 quas
814 2122 1204 2178 comprehensus
1229 2131 1304 2167 est
1323 2121 1473 2167 etiam
1492 2121 1641 2167 homo
1661 2137 1733 2166 se-

98 2215 209 2251 nex,
238 2199 318 2255 qui
343 2199 504 2244 multis
541 2199 682 2244 annis
717 2199 875 2244 eidem
909 2198 1100 2256 flagitio
1135 2215 1339 2256 operam
1375 2200 1598 2245 dederat.
1640 2198 1736 2243 Hic

99 2277 294 2334 publice
318 2276 580 2322 confessus
604 2286 678 2322 est
702 2277 1009 2334 percussisse
1033 2292 1143 2322 cum
1165 2277 1405 2322 daemone
1430 2277 1623 2331 foeduS,
1651 2277 1734 2321 ab·

98 2370 312 2412 negasse
347 2353 602 2399 Christum
637 2363 686 2399 et
724 2369 926 2399 sacram
965 2354 1234 2410 Virginem
1274 2353 1382 2412 ejus
1420 2354 1634 2399 Matrem
1675 2368 1736 2398 ac

97 2441 298 2477 sanctos
322 2446 510 2487 omnes,
537 2431 790 2488 multaque
815 2431 913 2477 alia
938 2431 1154 2477 nefanda
1183 2441 1429 2487 patrasse.
1456 2430 1622 2476 Homo
1653 2446 1735 2476 ex-

97 2519 260 2555 tremo
284 2510 463 2566 dignus
487 2509 735 2566 supplitio.
763 2509 1159 2555 Commendatur
1182 2509 1323 2554 nobis
1348 2518 1401 2554 ut
1420 2508 1482 2554 ad
1506 2517 1735 2564 peccato-

86 2602 207 2631 rum
232 2587 456 2632 dolorem
480 2586 861 2642 adduceremus,
888 2603 948 2632 ne
973 2587 1139 2632 anima
1163 2586 1362 2632 tandem
1388 2585 1590 2642 periret.
1618 2585 1735 2630 Adi-

98 2680 207 2709 mus
230 2679 507 2719 carcerem,
534 2663 831 2720 alloquimur
855 2664 1030 2718 solum,
1058 2663 1372 2708 sciscitamur
1395 2662 1647 2720 nonnulla3
1671 2661 1736 2707 di-

98 2741 165 2787 cit
198 2756 450 2798 nunquam
484 2757 544 2786 ea
577 2740 768 2798 flagitia
802 2741 1090 2787 declarasse
1124 2740 1392 2797 sacerdoti,
1434 2739 1548 2785 licet
1584 2754 1737 2796 saepe

98 2826 363 2874 postquam
389 2834 500 2863 cum
526 2818 768 2864 daemone
791 2817 967 2863 foedus
991 2818 1253 2874 pepigerat
1272 2818 1531 2862 confessus
1549 2816 1734 2873 fuerat;

102 2895 229 2941 velle
253 2905 418 2941 tamen
455 2894 601 2940 modo
635 2894 878 2951 confiteri;
916 2895 1243 2951 lacrymatur,
1281 2894 1503 2951 abnegat
1537 2893 1735 2939 daemo-

151 3064 159 3081 ¹
213 3058 455 3108 Exemplum
478 3061 690 3108 hispanum
711 3061 832 3098 habet
857 3061 1062 3101 ‹bruxas»,
1083 3072 1155 3097 seu
1174 3059 1326 3108 brujas.
