2051 3516
624 298 906 336 183.—O1131x0
931 298 978 335 27
1000 299 1110 345 Jum
1140 297 1231 334 1558
1627 294 1701 330 755

874 582 980 634 183

506 710 556 754 Ρ.
598 707 888 756 LUCAS
949 706 1353 753 MOLITOR

566 815 743 853 PATRI
767 813 974 862 JOANNl
1003 811 1287 850 VICTORIA

662 920 803 947 0181Νο
828 909 875 946 27
899 918 1003 956 JULII
1034 907 1126 944 1558
1153 909 1178 942 ¹.

110 1031 144 1063 1.
172 1027 528 1065 Praedz'catiom's
548 1026 593 1062 in
613 1023 773 1070 oppido
800 1022 972 1059 sz'cko
992 1021 1186 1057 laborem
1206 1020 1482 1066 exponz·t.—2.
1510 1021 1617 1059 Loci
1633 1024 1746 1059 inco·

178 1088 248 1124 lae
265 1097 409 1123 unum
429 1096 479 1122 ex
499 1085 660 1121 nostris
686 1082 811 1129 apud
835 1092 880 1118 se
897 1081 1057 1118 habere
1083 1078 1452 1117 desiderant.-3.
1482 1079 1676 1118 Litterae
1694 1080 1751 1117 de

176 1146 260 1183 hac
279 1156 325 1182 re
341 1145 403 1182 ad
419 1144 601 1181 Patrem
617 1141 937 1189 provincialem
953 1140 1104 1176 datae.
1115 1138 1198 1174 -4.
1218 1137 1360 1175 Locus
1375 1139 1450 1176 ille
1463 1143 1656 1185 quatuor
1668 1144 1750 1177 aut

177 1207 372 1252 quinque
390 1215 441 1241 ex
459 1204 622 1240 nostris
641 1200 868 1239 commode
885 1201 1004 1237 alere
1018 1201 1171 1245 potest.

185 1308 224 1353 1.
295 1305 392 1352 Ihs.
439 1304 547 1350 Pax
591 1315 640 1350 et
684 1303 904 1349 charitas
948 1300 1062 1358 Xpi.
1110 1301 1173 1347 sit
1222 1316 1420 1358 semper
1464 1301 1742 1346 nobiscum.

107 1384 378 1441 Postquam
413 1383 494 1428 diu
529 1383 849 1438 multumque,
876 1382 1114 1424 moratus
1145 1392 1263 1424 snm
1296 1379 1410 1423 sine
1446 1377 1467 1399 a
1501 1378 1749 1423 concioni-

106 1463 198 1508 bus
221 1462 269 1507 in
293 1461 386 1506 isto
417 1460 573 1506 sterili
608 1460 717 1505 loco
753 1458 806 1503 in
842 1471 961 1503 arce
986 1456 1005 1484 b
1029 1455 1212 1513 Oybin,
1240 1455 1539 1502 Reuerende
1576 1455 1750 1513 Pater,

106 1539 307 1584 tandem
343 1538 511 1595 quinto
545 1536 669 1582 Iunii
704 1535 930 1592 proxime
965 1534 1153 1591 elapsQ
1176 1538 1297 1590 post
1320 1533 1518 1578 albitum
1543 1532 1748 1578 anobis

107 1616 455 1671 dominorum,
480 1614 675 1659 scilicet
691 1611 988 1669 praepositi
1015 1611 1304 1668 pragensis
1327 1611 1342 1634 2
1368 1615 1415 1655 et
1437 1610 1639 1655 domini
1661 1610 1743 1655 do-

107 1693 261 1738 ctoris
294 1691 554 1737 Ludouz'cz'
586 1690 848 1745 Scrczdinz‘,
885 1704 947 1734 ex
988 1688 1313 1745 permissione
1353 1687 1535 1733 domini
1576 1687 1742 1733 Patris

108 1769 320 1816 Hortadi
348 1776 379 1827 ⁶,
407 1779 522 1815 tunc
547 1768 786 1825 temporis
820 1766 1033 1812 rectoris
1057 1765 1255 1822 collegii
1280 1766 1434 1810 nostri
1460 1765 1742 1822 pragensis,

113 1847 277 1904 incepi
298 1848 473 1904 primo
496 1845 747 1891 seminare
772 1844 980 1890 verbum
1005 1843 1098 1888 Dei
1124 1843 1170 1888 in
1206 1842 1418 1899 quodam
1461 1843 1696 1899 oppidulo
1729 1842 1749 1869 ‘¹

111 1924 307 1971 nomine
342 1923 566 1975 Zwicko,
611 1922 805 1968 orbatis
842 1928 859 1948 Ε
901 1920 1171 1977 parrocho‚
1213 1920 1592 1976 sesquimilliare
1631 1919 1642 1945 f
1686 1921 1750 1966 ab

109 2002 290 2060 Oybin.
320 2002 498 2058 Porro,
531 2000 681 2046 tertio
715 1999 820 2044 Iulii
861 1998 1087 2044 conuerti
1123 1997 1302 2043 ibidem
1337 2011 1498 2042 vnam
1533 2005 1551 2032 g
1583 1997 1750 2042 mulie-

109 2096 213 2125 rem
248 2080 311 2125 ad
346 2078 643 2124 catholicam
679 2076 840 2132 fidem,
869 2075 990 2121 satis
1025 2075 1279 2127 rebellem,
1318 2090 1447 2131 quae
1481 2074 1648 2120 fuerat
1684 2075 1752 2120 lu-

107 2158 317 2203 therana
342 2173 371 2202 a
396 2157 667 2201 iuuentute.
696 2153 822 2200 Sunt
857 2164 905 2199 et
940 2153 1003 2198 ibi
1039 2153 1177 2198 multi
1213 2153 1309 2209 alii,
1338 2152 1397 2197 de
1424 2152 1599 2209 quibus
1635 2168 1750 2197 con-

109 2235 216 2292 cepi
240 2236 421 2281 bonam
448 2250 601 2290 spem,
630 2233 668 2277 si
693 2233 763 2278 eis
797 2247 894 2276 non
929 2231 1122 2276 cleerint
1152 2245 1299 2275 acres
1330 2230 1601 2275 contiones
1630 2229 1750 2274 Pro-

109 2313 239 2359 ximo
273 2313 401 2359 enim
435 2313 511 2357 die
547 2313 726 2357 beatae
762 2310 956 2355 Mariae
992 2308 1346 2365 Magdalenae,
1384 2308 1554 2353 audito
1591 2308 1753 2353 verbo

108 2390 219 2448 Dei,
255 2390 505 2436 humiliter
539 2388 816 2434 veniebant
847 2387 865 2414 ¹¹
901 2387 964 2432 ad
1000 2402 1075 2432 me
1110 2386 1326 2444 quinque
1356 2384 1648 2442 personaei
1683 2385 1746 2430 ad

109 2467 491 2523 confessionem,
520 2466 696 2523 quibus
720 2480 883 2510 meam
908 2479 1111 2520 operam
1139 2462 1380 2519 praestiti.

156 2647 175 2666 a
226 2647 401 2683 abstinui
421 2659 457 2682 a.
512 2646 579 2671 —b
613 2645 729 2681 arcis.
798 2652 858 2672 —C
891 2643 1081 2680 Hurtadi.
1148 2642 1214 2669 —d
1248 2642 1406 2689 oppido.
1474 2648 1534 2668 -e
1568 2641 1673 2687 quod
1693 2652 1755 2677 or-

111 2708 248 2743 batum
269 2712 370 2742 erat.
418 2705 474 2731 -f
514 2704 829 2751 sesquimilliare
845 2703 1011 2740 distans.
1060 2711 1123 2737 ——g
1144 2701 1389 2738 conuertit...
1408 2700 1609 2736 Dominus
1628 2712 1755 2747 quan-

110 2766 217 2803 dam.
272 2766 336 2792 -h
371 2771 586 2801 venerunt.
642 2763 696 2790 —-i
725 2763 923 2800 homines.

158 2936 167 2954 ¹
219 2932 282 2970 Ex
309 2932 563 2979 autographo
591 2945 614 2967 a
645 2931 824 2967 Polanco
851 2930 1066 2966 emendato
1099 2929 1138 2964 in
1169 2927 1306 2964 codice
1336 2926 1481 2963 Germ.
1516 2926 1610 2969 142,
1640 2925 1663 2962 2
1693 2925 1753 2972 ff„

108 3006 175 3031 nn.
197 2993 255 3038 43,
276 2993 333 3038 44;
356 2992 465 3039 prius
483 2990 566 3036 572,
586 2990 668 3027 573.
690 2989 764 3027 Est
780 2990 1013 3037 exemplum
1030 2988 1223 3035 scriptum
1241 2987 1464 3023 secundum
1479 2987 1756 3024 correctiones

109 3055 150 3090 in
170 3053 238 3091 fol.
260 3052 318 3090 42.

161 3113 173 3132 ¹
224 3112 333 3149 Vide
353 3111 553 3159 superius,
575 3123 673 3158 pag.
698 3110 757 3153 27,
780 3115 916 3147 annot.
941 3109 972 3146 1.
