2051 3516
350 328 396 364 26
812 328 1027 364 LITTERAE
1054 326 1404 371 QUADRIMESTRES

304 423 587 479 tingamus.
614 422 753 466 Illud
772 436 899 466 sane
919 427 1016 477 per
1037 421 1137 465 Dei
1154 420 1389 477 gratiam
1413 435 1603 465 summa
1623 424 1657 477 a,
1684 430 1785 465 tum
1809 436 1918 477 pro-

305 499 535 552 uidentia,
562 508 663 544 tum
689 499 950 552 suauitate,
979 514 1008 542 a
1031 498 1156 542 Rdo.
1186 497 1296 541 Pre.
1324 496 1443 542 Nro.
1466 497 1715 542 Vrsmaro
1740 499 1917 553 guber-

306 584 466 631 natur,
494 575 631 620 cuius
655 576 813 620 miros
831 579 878 619 et
900 573 1321 631 indefatigabiles
1341 571 1375 627 ¹³,
1403 573 1492 618 sub
1522 573 1594 618 his
1625 574 1917 629 praesertim

303 651 547 696 nascentis
585 651 779 707 collegii
818 650 978 705 initiis,
1019 651 1065 694 in
1105 649 1473 705 quamplurimis
1511 649 1917 706 grauissimisque

302 728 512 784 negotiis
536 726 843 783 perficiendis
867 727 1063 770 labores
1088 736 1135 769 et
1160 725 1465 769 inusitatam
1491 725 1793 781 diligentiam
1817 728 1916 771 nul-

303 804 359 848 lis
382 803 602 859 equidem
628 803 779 848 literis
804 803 1082 847 describere
1105 801 1225 846 satis
1250 816 1461 856 possem.
1489 800 1728 857 Quamuis
1751 811 1916 848 autem

304 880 554 924 bohemice
579 879 790 923 nondum
816 879 1009 929 calleat,
1037 887 1199 921 tamen
1223 892 1333 921 cum
1368 877 1424 921 iis
1458 877 1537 933 qui
1573 886 1817 934 utcunque
1852 879 1915 924 la-

302 956 399 1000 tine
432 955 607 1010 sciunt,
643 954 771 1011 quod
805 969 960 1009 genus
993 962 1105 997 sunt
1138 953 1351 997 barones
1385 968 1445 997 ac
1478 953 1558 998 alii
1589 954 1794 1009 nobiles,
1821 954 1917 999 imo

302 1046 411 1075 cum
435 1031 583 1076 latine
606 1030 933 1075 nescientibus
957 1044 1164 1085 quoque,
1192 1044 1278 1084 per
1297 1028 1632 1084 interpretem,
1661 1029 1774 1074 dum
1808 1045 1915 1086 sup-

302 1107 435 1162 petit,
472 1107 538 1152 ita
572 1115 916 1161 conuersatur,
943 1114 994 1149 ut
1019 1113 1065 1149 et
1089 1104 1191 1160 ipse
1215 1105 1278 1149 ab
1303 1105 1526 1150 omnibus
1550 1106 1717 1161 magni
1741 1105 1841 1162 fiat,
1869 1118 1916 1151 et

302 1183 366 1228 illi
405 1183 465 1227 de
504 1183 645 1227 nobis
683 1182 864 1226 rectius
903 1197 1048 1236 quam
1088 1190 1201 1225 ante
1245 1181 1474 1226 sentiant.
1521 1181 1691 1238 Nuper
1729 1198 1848 1227 uero
1887 1198 1916 1227 a

301 1259 425 1303 Rdo.
463 1258 573 1303 Pre.
611 1258 895 1313 prouinciali
930 1259 941 1280 ¹
979 1258 1024 1301 in
1059 1255 1380 1302 Germaniam
1415 1267 1662 1314 uocatum,
1699 1258 1916 1314 hospites

302 1335 493 1380 bohemi
518 1335 668 1390 ignoti
693 1335 738 1378 in
764 1350 877 1378 suas
902 1334 1048 1378 aedes
1073 1334 1282 1389 benigne
1316 1349 1375 1378 ac
1408 1333 1677 1379 honorifice
1712 1350 1914 1391 excepe-

302 1420 430 1467 runt,
457 1411 614 1467 gratis
648 1426 706 1455 ac
741 1411 1008 1455 liberaliter
1042 1410 1204 1455 onmia
1239 1425 1363 1466 quae
1397 1410 1459 1455 ad
1493 1412 1801 1466 corporalem
1837 1411 1914 1456 de-

301 1487 415 1532 fessi
450 1487 650 1532 uiatoris
684 1486 1001 1531 refectionem
1036 1487 1362 1542 pertinebant,
1400 1487 1789 1545 suppeditarunt,
1816 1503 1914 1533 ma-

301 1564 429 1608 xime
467 1564 625 1619 gauisi
665 1563 791 1619 quod
829 1564 974 1608 talem
1014 1563 1127 1618 ipsis
1162 1563 1297 1608 Deus
1331 1563 1570 1619 hospitem
1605 1564 1832 1620 dedisset,
1870 1565 1914 1609 in

300 1640 436 1683 cuius
461 1640 596 1683 uultu
629 1639 902 1683 mirabilem
937 1640 1182 1694 quandam
1222 1640 1454 1694 pietatem
1492 1649 1539 1685 et
1574 1641 1705 1685 uitae
1739 1641 1913 1686 sancti-

301 1715 512 1760 moniam
542 1722 557 1742 0
585 1731 827 1771 apparere
861 1720 1154 1760 constanter
1185 1720 1232 1760 et
1269 1721 1446 1771 aperte
1489 1715 1822 1773 affirmabant3
1867 1727 1915 1762 et

301 1792 494 1847 quidam
527 1807 589 1836 ex
627 1792 716 1836 illis
751 1801 1016 1836 ueteranus
1055 1792 1239 1837 hussita
1278 1793 1403 1837 adeo
1442 1793 1552 1838 Rdi.
1595 1793 1717 1838 Pris.
1760 1795 1913 1839 nostri

299 1868 543 1924 colloquio
577 1883 635 1913 ac
669 1868 793 1912 fideli
827 1869 1147 1914 instructione
1177 1869 1535 1927 delectabatur,
1568 1880 1619 1915 ut
1644 1880 1692 1916 et
1715 1886 1914 1916 errores

299 1944 453 1989 falsae
493 1945 759 2000 religioniS,
801 1954 847 1989 et
888 1946 1100 1989 maxima
1139 1961 1258 1990 suae
1298 1946 1430 1990 uitae
1465 1956 1672 2002 peccata
1705 1947 1913 1992 libenter

300 2030 610 2076 agnosceret,
640 2031 686 2065 et
710 2031 898 2065 certam
923 2022 968 2065 in
994 2031 1200 2077 utroque
1224 2023 1618 2068 emendationem
1648 2023 1773 2068 Rdo.
1811 2023 1909 2069 Pri.

299 2097 627 2151 polliceretur.
656 2097 790 2141 Illinc
814 2113 934 2142 uero
960 2098 1192 2153 postridie
1217 2099 1504 2155 profecturo
1529 2115 1720 2153 currus,
1742 2115 1910 2157 equos,

302 2172 507 2216 comites
530 2172 644 2226 (sed
666 2176 712 2216 et
734 2172 891 2217 abbas
914 2174 1123 2230 quidam
1158 2178 1261 2219 tres
1289 2189 1443 2231 equos
1474 2175 1780 2233 totidemque
1812 2190 1911 2220 ser-

301 2261 391 2292 uos
428 2249 570 2292 eunti
606 2253 652 2292 et
689 2250 922 2293 redeunti
953 2251 1197 2307 contulit),
1235 2262 1283 2296 et
1316 2252 1412 2296 alia
1446 2251 1631 2297 itineris
1666 2253 1911 2308 praesidia

299 2324 593 2381 obtulerunt,
622 2340 735 2369 suos
759 2325 804 2368 in
829 2326 1046 2371 scholam
1071 2336 1292 2372 nostram
1317 2328 1580 2373 mittendos
1608 2327 1730 2373 filios
1764 2329 1912 2385 ipsius

300 2398 406 2444 fidei
426 2400 797 2445 committentes.
811 2401 886 2445 Ex
897 2400 1167 2447 Germania
1185 2419 1307 2448 uero
1325 2404 1401 2459 (in
1420 2418 1522 2461 qna
1541 2418 1654 2449 cum
1674 2401 1929 2461 episcopa

295 2476 548 2530 pataztz'no
582 2477 596 2499 2
629 2477 842 2532 saepius
870 2483 1101 2533 pransus
1131 2484 1219 2535 est,
1253 2484 1299 2524 et
1328 2481 1462 2525 alias
1485 2482 1534 2526 2'12
1560 2481 1780 2537 hospitio
1802 2495 1910 2526 sns-

298 2552 542 2607 tentatzts)
576 2553 861 2597 redeuntem
896 2556 1224 2610 expectabant
1257 2565 1305 2601 et
1338 2556 1512 2601 eadem
1546 2571 1748 2612 prorsus
1780 2557 1909 2602 beni-

298 2628 484 2683 gnitate
515 2644 574 2673 ac
605 2629 899 2675 liberalitate
930 2631 1278 2688 refocillatum
1298 2632 1332 2690 d,
1360 2632 1578 2690 Pragam
1608 2633 1906 2679 dimiserunt.

300 2702 468 2747 Semel
500 2705 550 2748 in
586 2705 764 2749 itinere
798 2720 829 2750 a
858 2711 1069 2761 pastore
1102 2708 1431 2765 ejfflagz'tatns
1463 2710 1677 2754 ryzz'ssam
1712 2711 1904 2754 cecz'm'l'.

344 2824 362 2842 a
403 2825 617 2870 collegium
638 2832 815 2861 nostrum
834 2839 1000 2863 summa.
1056 2828 1119 2855 ——b
1140 2829 1371 2866 indefessos.
1418 2837 1479 2857 —C
1500 2830 1683 2867 Emend.
1703 2842 1752 2867 ex
1767 2832 1908 2867 sancti-

298 2887 421 2918 tatem
441 2894 466 2919 a
488 2883 646 2928 Sylvz'o.
702 2885 765 2910 vd
787 2892 1009 2930 exceptum.

345 2996 351 3013 ¹
406 2995 449 3031 P.
472 2995 615 3031 Petrus
636 2995 833 3033 Canisius.

346 3054 358 3072 2
408 3053 625 3090 Patavinus
644 3067 714 3090 seu
735 3057 1000 3100 passaviensis
1025 3059 1232 3105 episcopus
1257 3066 1342 3096 erat
1367 3059 1643 3106 wolfgangus
1668 3060 1715 3096 de
1743 3059 1904 3097 Closen.

300 3110 360 3148 Cf.
383 3112 566 3149 Pomm
586 3114 760 3155 Clzron„
783 3114 854 3155 VI,
876 3115 955 3152 350
