2051 3516
540 268 823 306 19.—GAND1A
848 270 890 305 31
916 269 1119 316 JANUARH
1148 269 1237 305 1557
1616 271 1656 306 81

68 364 286 421 operari,
324 379 447 420 quos
481 380 570 410 sua
605 364 951 411 misericordia
986 365 1031 410 in
1071 365 1165 410 hoc
1205 366 1415 421 collegio
1455 366 1708 412 coniunxit

67 456 250 498 magno
291 456 402 486 cum
441 441 670 498 profectu
711 457 913 488 suarum
954 442 1233 486 animarum
1268 457 1328 486 ac
1363 442 1707 498 proximorum

65 518 205 563 iuxta
229 516 498 564 Societatis
521 519 813 575 institutum,
840 519 903 563 ad
928 518 1152 564 maioren
1172 518 1387 574 gloriam
1407 517 1606 563 Domini
1625 535 1708 564 no-

64 594 170 641 stri.
196 595 370 653 Itaque
394 596 605 652 primum
624 595 683 641 de
702 595 986 640 domesticis
1009 610 1071 640 ac
1095 610 1268 640 eorum
1294 595 1439 640 modo
1464 595 1511 640 in
1536 611 1708 652 proce-

66 672 226 718 dendo
255 684 302 718 et
333 673 637 729 proficiendo
671 673 902 729 accipies.
938 672 1129 718 Deinde
1165 673 1450 729 perquiram
1485 688 1545 718 ea
1580 689 1707 729 quae

65 758 178 795 sunt
195 749 334 806 foris,
362 766 510 808 quam
536 760 712 807 potero
740 750 1047 807 breuissime;
1076 765 1187 795 eam
1212 760 1379 795 autern
1405 751 1708 796 breuitatem

64 825 110 871 in
145 826 453 872 orationibus
487 842 583 872 non
618 827 925 882 desiderans,
965 842 1089 883 quas
1122 827 1281 872 bonus
1316 826 1469 872 Pater
1493 843 1584 883 pro
1610 828 1706 872 tuis

63 902 205 948 huius
238 903 412 949 domus
446 903 493 948 in
516 903 620 949 dies
654 919 828 949 coram
862 903 1078 948 Domino
1113 903 1327 948 effundis
1363 919 1423 949 ac
1457 903 1704 958 effundes;

62 980 190 1026 inest
212 981 342 1026 enim
366 982 507 1026 nobis
532 981 577 1026 in
603 982 673 1027 eis
697 981 917 1026 maxima
942 980 1138 1026 fiducia.

122 1056 163 1102 2.
230 1057 377 1102 Domi
402 1058 588 1115 (diuina
611 1059 782 1115 gratia
813 1058 1072 1115 operante)
1108 1058 1290 1103 crescit
1324 1058 1371 1103 in
1405 1058 1510 1104 dies
1545 1058 1706 1115 profe-

63 1143 173 1179 ctus
197 1144 245 1180 et
268 1151 452 1192 magna
472 1135 719 1181 desideria
739 1151 848 1181 cum
869 1135 1103 1192 operibus
1127 1135 1386 1192 perfectae
1412 1138 1705 1193 regularum

61 1211 417 1258 obseruantiae
446 1227 507 1258 ac
541 1211 952 1268 mortificationis,
990 1221 1118 1258 teste
1151 1213 1430 1268 superiore,
1469 1228 1614 1269 quem
1651 1223 1704 1259 vt

61 1288 153 1334 sibi
176 1290 405 1346 publicae
429 1290 475 1335 in
500 1290 707 1335 cenobio
735 1292 754 1310 η
777 1289 1066 1346 disciplinae
1090 1290 1447 1346 concedantur,
1480 1305 1578 1335 non
1602 1306 1705 1336 ces-

61 1375 172 1411 sant
196 1366 482 1412 sollicitare.
509 1366 588 1411 Ex
612 1367 786 1423 quibus
810 1366 1077 1411 nonnullae
1106 1381 1379 1411 concessae
1413 1375 1562 1423 atque
1597 1383 1704 1423 per-

61 1441 225 1488 fectae
259 1452 372 1489 sunt
406 1443 625 1489 maximo
659 1459 771 1489 cum
806 1444 1139 1489 emolumento
1173 1443 1405 1501 fratrum,
1439 1459 1568 1500 quae
1591 1453 1704 1490 sunt

62 1519 206 1576 signa
230 1521 493 1576 perspicua
517 1520 749 1567 desiderii
773 1530 980 1566 sanctae
1005 1519 1399 1566 mortificationis
1423 1536 1483 1566 ac
1507 1521 1703 1577 spirita-

61 1597 118 1642 lis
142 1597 413 1654 profectus
441 1597 686 1644 Oratione
717 1608 766 1644 et
799 1614 1033 1644 sensuum
1069 1599 1297 1659 custodia
1330 1599 1523 1644 clarent
1557 1600 1704 1656 pluri-

63 1690 208 1731 mum,
245 1690 375 1732 quae
407 1675 604 1732 quidem
638 1691 735 1721 non
769 1685 844 1721 est
877 1691 1037 1733 parua
1072 1676 1208 1733 quies
1244 1676 1317 1721 his
1351 1676 1431 1733 qui
1467 1691 1557 1732 pro
1582 1677 1701 1733 ipsis

60 1761 172 1797 sunt
196 1751 305 1798 Deo
329 1752 570 1798 reddituri
596 1752 857 1798 rationem.
884 1752 1193 1798 Collationes
1227 1762 1377 1810 atque
1411 1754 1571 1799 omnis
1605 1754 1703 1798 vir-

62 1829 177 1874 tutis
211 1829 454 1886 spiritalia
488 1830 729 1876 exercitia
762 1830 1238 1887 exhortationesque
1273 1830 1336 1875 ad
1367 1846 1563 1877 omnem
1595 1846 1702 1888 per·

61 1905 327 1952 sectionem
351 1906 429 1953 hic
452 1907 716 1963 habentur,
744 1908 878 1953 nulla
901 1907 1072 1953 habita
1096 1908 1344 1953 obliuione
1369 1923 1544 1953 eorum
1574 1924 1703 1966 quae

60 1984 125 2028 ad
153 1993 397 2041 sanctam,
434 1995 716 2041 promptam
752 2000 812 2030 ac
846 2000 1052 2030 caecam
1087 1985 1419 2031 obedientiam
1454 1995 1699 2042 spectant.

59 2060 149 2107 Illa
172 2073 338 2107 autem
362 2062 671 2118 frequentius
697 2072 1016 2119 exercentur,
1043 2072 1092 2108 et
1117 2079 1180 2108 ex
1203 2064 1273 2108 eis
1298 2063 1569 2120 singularis
1602 2063 1702 2108 fru-

59 2148 168 2184 ctus
192 2139 436 2185 enitescit.

117 2215 160 2262 3.
229 2215 356 2262 Cum
380 2217 437 2262 iis
461 2217 540 2273 qui
566 2217 688 2262 foris
721 2227 850 2273 sunt,
888 2218 960 2263 his
994 2218 1166 2263 mediis
1201 2218 1370 2274 agitur
1404 2219 1579 2275 quibus
1613 2218 1700 2264 So·

59 2293 216 2339 cietas
250 2294 315 2339 vti
349 2296 607 2340 consueuit
646 2296 709 2340 ad
732 2295 1073 2352 proximorum
1098 2295 1506 2352 perfecctionem,
1535 2296 1699 2353 quoad

58 2369 163 2416 fieri
202 2381 382 2427 potest,
419 2372 600 2417 nemini
638 2372 926 2418 deficiendo.
962 2373 1293 2419 Praedicatur
1316 2382 1698 2419 sacrosanctum

59 2448 392 2506 euangelium,
430 2458 483 2494 vt
522 2450 802 2506 plurimum,
845 2450 1098 2496 matutinis
1132 2452 1453 2507 temporibus.
1499 2466 1563 2496 ex
1602 2466 1699 2507 quo

58 2523 254 2570 fructus
278 2526 610 2582 amplissimus
634 2538 860 2584 apparet,
887 2542 1001 2572 cum
1025 2527 1072 2572 in
1096 2527 1492 2573 confessionibus
1516 2543 1577 2573 ac
1600 2527 1697 2573 fre-

60 2602 257 2657 quentia
294 2603 617 2656 sacramenti,
654 2613 756 2649 tum
795 2604 841 2649 in
876 2605 1110 2661 operibus
1145 2605 1420 2660 charitatis,
1459 2620 1587 2661 quae
1622 2604 1697 2650 his

59 2679 239 2724 nostris
262 2680 566 2736 temporibus
589 2690 702 2726 sunt
726 2681 947 2738 apprime
972 2682 1271 2727 necessaria.
1299 2681 1362 2727 Et
1380 2681 1693 2739 praesertim,

60 2770 208 2811 quum
232 2765 402 2802 noster
426 2757 623 2813 quidam
648 2758 1049 2815 concionaretur,
1076 2770 1124 2804 et
1153 2759 1283 2804 forte
1317 2757 1513 2803 audiret
1548 2774 1696 2815 quae-

59 2831 172 2877 dam
195 2833 385 2890 mulier,
413 2849 558 2890 quam
585 2834 752 2880 nescio
777 2850 874 2891 qua
898 2835 945 2880 ui
975 2835 1037 2880 ad
1062 2836 1352 2880 concionem
1376 2843 1696 2881 attraxerant

59 2907 279 2965 (vixerat
302 2910 431 2955 enim
454 2911 635 2957 multos
659 2927 816 2956 annos
840 2911 1125 2957 inconfessa
1149 2921 1197 2957 et
1222 2927 1251 2956 a
1274 2912 1558 2958 christianis
1583 2928 1696 2970 ope-

107 3075 126 3093 ἢ
178 3075 262 3118 Sic,
279 3081 360 3121 pro
379 3076 617 3112 coenaculo?

206 3158 374 3187 LITTERAE
399 3159 696 3192 QUADRIMESTRES.
719 3159 809 3186 TOM.
832 3159 868 3186 V.
1536 3161 1553 3189 6
