2051 3516
499 304 793 341 22lf-PRAGA
820 305 861 341 31
892 305 1138 342 DECEMssffls
1168 306 1258 341 15:38
1584 303 1650 340 9⁴21

68 414 193 456 quae
217 406 390 444 sancte
414 400 731 457 cogitauerat
755 401 1024 459 peregisse.
1049 401 1136 448 Ait
1170 400 1699 459 quinqueecclesiensis

63 475 321 532 episcopus
345 476 357 499 ¹
386 475 650 533 Vngariae
675 477 843 535 (quum
867 478 918 524 P.
948 478 1178 524 Victoria
1203 478 1250 524 in
1284 478 1531 536 quandam
1565 478 1696 535 piam

63 567 270 609 operam
314 552 544 599 nimirum
591 570 681 611 pro
725 556 1084 601 sustentatione
1127 571 1414 612 puerorum,
1461 555 1540 612 qui
1587 565 1699 600 sunt

65 629 311 684 Viennae,
339 630 535 687 aliquot
556 631 634 677 30
652 642 923 678 coronatos
943 633 1005 678 ab
1025 633 1108 679 illo
1127 629 1448 679 emunxisset
1471 632 1522 689 3);
1551 632 1588 678 si
1611 631 1697 678 So-

62 707 217 753 cietas
241 707 391 752 alium
417 723 512 753 non
539 708 761 766 haberet,
790 709 950 755 Prem.
979 709 1264 756 Victoriam
1290 710 1484 756 abunde
1504 708 1696 755 suffice-

65 799 119 830 re
143 800 234 841 pro
258 783 509 841 erigendis
535 786 697 831 multis
722 786 962 843 collegiis.

126 861 192 907 16.
256 861 373 918 Egit
397 861 525 907 idem
551 861 632 908 Pr.
660 879 772 908 cum
792 863 1062 910 archiduce
1081 879 1226 922 quem
1247 863 1629 921 oportunissime
1648 873 1697 910 et

64 954 174 984 cum
199 938 417 984 maximo
443 939 605 985 fructu
629 941 688 986 de
713 940 1009 986 necessariis
1044 942 1335 998 quibusdam
1371 943 1535 997 rebus,
1573 957 1699 999 quae

65 1024 171 1061 tuto
205 1015 361 1061 literis
396 1017 631 1063 committi
666 1033 761 1063 non
797 1028 1017 1075 possunt,
1054 1018 1321 1075 admonuit,
1359 1018 1487 1076 quod
1522 1018 1625 1075 ipse
1650 1028 1699 1064 ut

65 1103 139 1138 est
171 1101 377 1138 sanctae
411 1093 585 1139 indolis
619 1094 932 1151 paratissime
957 1095 974 1122 ¹³
1011 1095 1244 1153 suscepit,
1282 1095 1564 1153 relinquens
1598 1095 1695 1140 Pri.

67 1178 237 1215 nostro
261 1185 400 1226 spem
426 1170 669 1228 insignem
694 1171 796 1217 eius
821 1172 907 1229 rei,
931 1187 1058 1228 quae
1077 1181 1191 1218 tunc
1210 1173 1339 1219 inter
1357 1187 1444 1218 eos
1462 1173 1698 1218 uersaba-

66 1258 163 1304 tur,
190 1246 419 1304 aperiens
442 1263 614 1293 coram
639 1248 750 1294 Pre.
781 1253 954 1294 nostVo
981 1256 996 1276 Γ·
1021 1259 1170 1306 caput
1188 1265 1346 1306 suum,
1368 1248 1497 1307 quod
1522 1249 1701 1306 alioqui

68 1340 128 1370 ne
151 1324 384 1381 episcopo
410 1324 605 1381 quidem
620 1326 800 1382 facere
826 1324 844 1352 ‘¹
863 1326 1005 1382 solet,
1030 1342 1218 1383 rogans
1237 1326 1437 1382 insuper
1456 1326 1698 1384 quodam-

67 1402 216 1448 modo
254 1411 307 1448 ut
346 1402 537 1460 quoties
578 1403 834 1461 uellemus,
870 1404 1027 1460 ipsum
1061 1403 1320 1450 liberrime
1354 1404 1621 1459 adiremuS,
1658 1412 1705 1449 et

63 1480 296 1543 gestiens
319 1479 634 1536 quodamodo
658 1480 838 1526 obtulit
858 1494 928 1538 se,
957 1485 1007 1525 vt
1031 1487 1047 1508 ⁶³
1072 1481 1119 1526 in
1149 1480 1376 1527 omnibus
1400 1481 1574 1538 quibus
1598 1495 1703 1538 pos-

68 1568 141 1603 set
166 1556 177 1584 f
207 1558 356 1603 rebus
379 1557 563 1603 nostris
586 1557 861 1615 prodesset.

131 1634 197 1680 17.
264 1633 342 1680 De
365 1634 476 1680 aliis
499 1634 678 1681 nollem
713 1650 990 1692 congerere
1026 1635 1103 1681 hic
1138 1636 1302 1693 plura,
1338 1651 1399 1681 ne
1433 1635 1523 1682 sim
1559 1636 1705 1693 (quod

68 1710 323 1768 timebam)
358 1711 614 1768 prolixior,
653 1712 691 1758 si
731 1712 824 1758 hoc
863 1713 1204 1759 tantummodo
1238 1713 1429 1767 dixero,
1467 1713 1703 1771 optimum

70 1788 278 1834 odorem
303 1787 572 1835 Societatis
595 1798 799 1836 nostrae
823 1790 951 1836 inter
975 1790 1188 1848 optimos
1212 1800 1260 1837 et
1289 1791 1535 1849 principes
1569 1792 1705 1837 uiros

69 1882 130 1913 ac
152 1867 199 1912 in
223 1875 329 1912 tota
354 1866 461 1912 fere
485 1867 643 1923 plebe,
672 1868 988 1924 quantumuis
1012 1868 1267 1915 haeretica
1292 1880 1339 1915 et
1363 1869 1576 1923 inimica,
1599 1885 1704 1926 pas-

71 1944 160 1990 sim
184 1944 372 2001 spargi.
410 1943 485 1990 Sit
519 1945 658 1991 Deus
691 1945 995 2004 benedictus,
1034 1946 1113 2004 qui
1149 1947 1273 1993 haec
1308 1947 1444 1993 initia
1482 1947 1630 2005 dedit,
1666 1947 1704 1992 si

70 2036 167 2066 non
192 2021 472 2078 praesentis
496 2021 658 2068 adhuc
676 2038 831 2079 usque
850 2023 977 2068 adeo
998 2024 1181 2080 magni,
1203 2024 1379 2070 saltem
1399 2023 1556 2078 breui,
1578 2024 1706 2082 quod

72 2097 406 2143 indesinenter
430 2114 704 2157 speramus,
732 2098 923 2145 fructus
946 2100 1100 2157 longe
1122 2100 1289 2157 optimi
1313 2100 1482 2148 futuri.

135 2174 203 2221 18.
270 2175 669 2222 Renouationem
703 2186 990 2223 nostrorum
1024 2177 1299 2223 studiorum
1336 2177 1611 2224 distulimus
1645 2179 1706 2224 ad

73 2252 263 2298 initium
288 2268 443 2310 usque
468 2253 763 2300 Decembris
787 2264 993 2312 propter
1018 2255 1284 2301 aduentum
1311 2255 1368 2301 C.
1396 2256 1461 2301 M.
1489 2255 1582 2302 Hic
1605 2267 1705 2301 tum

73 2328 385 2375 exhibuimus
424 2345 535 2375 cum
574 2346 768 2377 summa
807 2331 954 2378 laude
988 2341 1035 2377 et
1069 2331 1415 2378 aedificatione
1449 2332 1494 2377 in
1527 2331 1708 2378 scholis

73 2406 258 2452 nostris
290 2407 496 2464 pulchre
531 2408 738 2465 ornatiS,
775 2408 909 2455 illum
944 2410 1005 2456 Β.
1034 2417 1052 2444 g
1080 2409 1202 2456 Pris.
1240 2409 1403 2455 Frusii
1437 2409 1704 2466 dialogum,

74 2484 153 2541 qui
178 2484 237 2530 de
261 2484 514 2530 aerumnis
539 2484 796 2532 Ecclesiae
820 2487 1120 2541 inscribitur,
1149 2496 1392 2544 oportune
1411 2496 1460 2533 et
1484 2488 1627 2533 docte
1651 2488 1708 2533 iis

77 2576 203 2618 quae
227 2561 290 2607 ad
314 2560 596 2618 pontificem
623 2565 934 2621 spectabant,
962 2564 1023 2610 ad
1048 2563 1403 2621 imperatorem
1434 2564 1705 2610 translatis.

78 2637 238 2683 Erant
261 2638 339 2684 hic
363 2648 655 2695 praesentes
680 2639 750 2697 (ut
773 2641 897 2687 alios
922 2642 1140 2698 insignes
1164 2642 1299 2688 uiros
1323 2657 1419 2687 non
1444 2641 1707 2699 nominem)

116 2819 133 2839 a
166 2824 244 2849 non
259 2823 408 2859 paucos
423 2818 635 2850 coronatos
650 2814 902 2851 obtinuisset.
946 2815 1011 2842 —b
1027 2815 1282 2862 paratissimo
1297 2814 1443 2851 animo.
1487 2821 1548 2842 —c
1568 2814 1708 2851 codem

78 2871 170 2908 Pre.
224 2871 291 2900 ——d
313 2872 487 2920 aperire.
543 2880 605 2901 —e
637 2875 820 2921 gestiens
849 2874 1117 2922 significabat.
1169 2874 1226 2902 —f
1254 2875 1361 2911 velle
1388 2887 1449 2911 se.
1499 2881 1563 2909 —g
1589 2874 1709 2911 bene-

78 2930 185 2968 dicti.

130 3100 137 3118 ¹
192 3098 399 3135 Antonius
419 3098 640 3135 XVarchius
659 3099 930 3143 (Verantius>.
952 3099 1112 3141 Eurum„
1135 3099 1412 3143 Hierarclzz'a,
1433 3098 1501 3144 ΠΙ,
1523 3098 1604 3135 298.
