2051 3516
788 341 1026 370 PRAEFATIO
1591 340 1676 369 XV‘H

88 430 471 488 intelligentibus
490 428 883 487 destinabantur,
905 437 953 474 et
970 444 1122 485 saepe
1143 437 1230 474 aut
1245 427 1571 485 complurium
1591 441 1722 473 men-

88 508 213 554 sium
235 518 426 565 tempus
450 508 923 565 complectebantur,
953 512 1037 552 aut
1062 506 1125 551 ad
1150 506 1408 563 complura
1440 505 1618 562 oppida
1643 521 1724 551 ex-

87 586 433 643 tendebantur,
462 594 548 631 aut
572 601 598 631 e
623 584 960 641 compluribus
985 584 1154 629 audita
1179 582 1498 629 continebant
1522 584 1551 627 ¹.
1576 582 1723 628 Deni-

89 678 180 720 que
210 662 343 708 ‹Non
366 662 618 720 frangitur
641 662 910 719 sigillum...
938 659 1020 706 III.
1044 661 1083 706 si
1106 672 1313 718 peccata
1332 660 1400 706 ita
1420 660 1633 717 referas,
1655 669 1722 714 ut,

88 739 345 784 moraliter
368 739 631 797 loquendo,
658 753 876 795 persona
900 737 1215 783 innotescere
1239 753 1334 782 non
1359 737 1528 795 possit;
1566 751 1725 793 neque

87 817 416 863 communitas
439 816 606 874 aliqua
629 816 778 862 etiam
802 831 961 872 parua
986 814 1273 871 infametur,
1300 824 1352 860 ut
1375 814 1505 872 quod
1525 813 1587 860 ibi
1606 814 1726 860 talia

89 893 209 940 vitia
231 904 468 953 regnent»
498 896 530 940 2.
958 900 960 902 ’

179 971 240 1017 Et
264 981 446 1029 tamen,
475 987 602 1028 quae
625 971 875 1016 hominum
901 972 1061 1017 labilis
1092 980 1274 1017 natura
1308 978 1356 1015 et
1390 969 1626 1026 exiguum
1660 969 1725 1014 in-

63 1048 287 1105 genium
312 1058 401 1106 est,
428 1048 644 1094 leviores
676 1048 875 1105 quidam
916 1048 961 1093 in
1002 1048 1263 1094 scribendo
1287 1046 1505 1103 fuerunt,
1532 1046 1577 1090 in
1604 1061 1726 1103 quos

88 1124 137 1171 S.
161 1124 385 1182 Ignatius
409 1135 457 1171 et
487 1125 691 1171 Lainius
725 1125 1205 1170 animadverterunt.
1243 1123 1424 1182 joanni
1460 1122 1725 1168 Pelletario

88 1201 300 1248 Sanctus
324 1202 474 1249 Pater
499 1203 764 1248 scribebat:
799 1201 1003 1258 <‹Quelle
1027 1201 1292 1258 penitentie
1316 1200 1430 1246 date
1461 1215 1557 1245 non
1582 1215 1724 1246 acca-

89 1281 215 1326 deua
238 1280 517 1338 scriuergli,
544 1285 604 1326 ne
628 1295 743 1326 cose
768 1279 928 1332 simili,
956 1294 1045 1336 per
1068 1279 1137 1337 gli
1157 1279 1346 1336 rispetti
1366 1279 1456 1324 che
1475 1277 1724 1323 facilmen-

88 1367 135 1404 te
159 1374 453 1414 occorreno,
482 1369 528 1404 et
552 1359 600 1404 la
624 1359 885 1404 riuerenza
910 1358 987 1403 del
1011 1357 1189 1414 sigillo,
1217 1356 1533 1414 quantunche
1566 1370 1662 1401 non
1686 1355 1725 1401 si

88 1451 267 1493 scopra
291 1436 673 1482 manchamento
696 1436 900 1481 alcuno»
940 1436 972 1481 ³.
1000 1434 1133 1480 Idem
1159 1433 1265 1480 Sto.
1293 1433 1567 1479 Francisco
1602 1432 1721 1478 Bor-

87 1514 202 1570 giae
226 1514 499 1569 committit,
527 1523 580 1560 ut
604 1514 844 1571 quosdam
869 1512 928 1558 de
953 1513 1046 1558 hac
1071 1528 1125 1558 re
1150 1521 1365 1557 moneat:
1392 1511 1485 1557 «V.
1507 1511 1568 1557 R.
1591 1526 1722 1556 man-

87 1592 147 1637 de
171 1592 310 1637 auiso
334 1607 427 1648 que
451 1607 570 1637 sean
600 1591 817 1637 mirados
847 1607 906 1637 en
942 1591 985 1636 el
1022 1590 1167 1636 modo
1202 1590 1260 1635 de
1297 1589 1477 1635 scriuir
1510 1589 1724 1646 algunos

89 1685 182 1727 que
205 1670 402 1715 scriuen
427 1670 580 1715 letras
604 1668 927 1725 edificatiuas,
954 1685 986 1725 y
1016 1668 1189 1714 uienen
1224 1676 1364 1713 tanto
1400 1683 1429 1712 a
1462 1665 1725 1724 specificar

88 1763 234 1793 cosas
258 1747 317 1793 de
341 1747 588 1804 peccados
614 1747 673 1792 de
697 1746 990 1804 penitentes,
1019 1762 1113 1804 que
1136 1761 1320 1802 parece
1344 1761 1406 1790 no
1431 1760 1517 1790 sea
1551 1743 1624 1789 sin
1659 1744 1723 1789 al-

89 1827 190 1881 gun
215 1824 452 1882 periuicio
477 1824 554 1870 del
577 1824 740 1881 sigillo
765 1824 824 1869 de
849 1824 896 1869 la
920 1823 1226 1869 confession»
1254 1824 1287 1868 4.

176 1901 398 1961 Jacobus
422 1901 642 1959 Lainius,
670 1900 935 1947 Societatis
955 1901 1174 1947 vicarius
1199 1899 1466 1958 generalis,
1490 1899 1645 1945 Paulo
1665 1899 1724 1944 de

89 1979 312 2037 Achillis,
352 1978 536 2025 rectori
575 1979 939 2037 panormitano:
993 1977 1161 2024 «Nelle
1206 1977 1558 2035 quadrimestri
1602 1979 1724 2033 pero

90 2057 328 2102 conuiene
353 2056 391 2102 si
427 2057 555 2102 ueda
590 2057 700 2113 quel
737 2056 825 2102 che
860 2056 1109 2112 scriuano,
1145 2054 1326 2112 perche
1362 2054 1569 2112 qualche
1605 2069 1724 2099 cosa

89 2134 232 2179 uiene
255 2134 381 2179 nelle
405 2134 589 2190 ultime,
617 2133 707 2179 che
736 2148 925 2190 pareua
959 2141 1189 2189 portasse
1221 2131 1429 2190 qualche
1463 2131 1723 2188 preiuditio

90 2212 138 2257 al
171 2221 384 2258 secreto.
411 2211 605 2257 Riueda
640 2210 707 2257 V.
734 2211 793 2256 R.
822 2212 869 2256 la
900 2211 1080 2256 lettera
1115 2219 1162 2256 et
1196 2210 1453 2255 intendera
1489 2209 1599 2265 quel
1634 2208 1723 2253 che

90 2289 226 2335 dico»
269 2291 300 2335 ⁵.
339 2290 401 2335 Et
440 2289 588 2345 paulo
628 2298 739 2345 post
776 2297 1002 2345 tempore
1041 2286 1267 2344 Georgio
1308 2286 1500 2342 Passiu,
1528 2285 1722 2342 collegii

90 2367 368 2412 ameliensis
391 2366 650 2423 superiori:
693 2365 870 2411 «Circa
901 2366 1077 2410 alcune
1103 2381 1234 2422 cose,
1261 2365 1350 2409 che
1375 2364 1536 2410 scriue
1562 2364 1620 2408 de
1644 2378 1721 2419 pe-

90 2443 276 2501 nitenti,
304 2453 477 2501 questo
502 2443 567 2489 mi
592 2459 800 2488 occorre
826 2443 931 2488 dire
957 2443 1151 2488 adesso:
1174 2442 1263 2487 che
1284 2442 1329 2487 in
1349 2442 1417 2487 tal
1444 2440 1587 2485 modo
1607 2455 1719 2485 con-

90 2521 231 2566 uiene
266 2530 407 2566 tener
442 2532 588 2566 conto
621 2521 697 2566 col
722 2520 899 2576 sigillo,
927 2520 1015 2564 che
1054 2521 1094 2565 si
1134 2520 1226 2565 ben
1253 2520 1297 2565 le
1324 2519 1495 2564 lettere
1535 2517 1721 2562 fossino

91 2607 264 2655 aperte
298 2598 343 2643 in
370 2598 568 2644 Amelia
593 2607 640 2643 et
665 2598 804 2647 lecte,
829 2613 925 2642 non
950 2598 988 2642 si
1016 2597 1195 2642 facessi
1215 2595 1474 2653 preiuditio
1494 2595 1541 2640 al
1560 2610 1720 2640 secre-

90 2687 155 2733 to;
192 2686 240 2722 et
273 2691 363 2733 per
397 2677 653 2722 consultar
677 2691 789 2732 qua,
817 2691 844 2719 o
869 2674 1088 2719 scriuere
1120 2690 1236 2719 cose
1259 2673 1303 2719 di
1330 2672 1655 2728 edificatione,
1683 2672 1721 2717 si

140 2862 149 2881 ¹
202 2860 265 2898 Cf.
295 2860 527 2905 BONACINA,
557 2865 584 2898 t.
615 2860 643 2904 I,
673 2873 766 2907 pag.
799 2860 878 2905 175;
910 2859 1227 2900 CASTROPALAO,
1258 2863 1372 2904 parte
1404 2856 1477 2900 IV,
1510 2869 1603 2904 pag.
1642 2857 1720 2902 170;

90 2920 249 2966 ELBEL,
271 2926 297 2957 t.
318 2920 387 2965 III,
409 2932 503 2967 pag.
524 2919 607 2962 31&
629 2918 778 2960 CR01x,
799 2925 827 2956 t.
849 2919 897 2958 ΙΙ.
920 2932 1013 2966 pag.
1036 2919 1117 2954 440.

137 2980 150 3000 2
200 2979 243 3018 S.
258 2979 531 3025 'ALPHONSUS,
560 2979 785 3025 leeologia
808 2979 1001 3020 Moralz's,
1025 2979 1050 3014 l.
1073 2977 1146 3020 VI,
1169 2983 1217 3013 tr.
1239 2976 1314 3019 IV,
1335 2989 1368 3013 c.
1390 2976 1458 3020 ΙΙΙ,
1480 2989 1518 3012 n.
1539 2975 1621 3013 638.

137 3040 149 3060 ⁸
201 3040 396 3077 Monum.
419 3039 578 3086 Ignat„
599 3051 677 3076 ser.
701 3039 769 3082 La,
792 3038 906 3080 VIII,
928 3037 986 3074 96.

138 3100 151 3118 ⁴
200 3099 315 3145 Ibid.,
334 3099 408 3143 IX,
429 3097 598 3136 366367.

139 3159 151 3177 ⁵
202 3159 356 3196 Laz'm'i
372 3159 583 3201 Monam„
604 3157 654 3203 II,
677 3157 758 3194 196.
