2051 3516
571 309 896 347 158.—C0L0x1A
922 309 968 346 22
994 309 1102 356 MAji
1132 310 1222 346 1558
1593 309 1663 346 667

76 418 174 453 tarn
212 408 447 464 exiguum
482 406 772 464 principium
799 416 988 452 tantum
1012 416 1113 452 tam
1140 407 1279 452 breui
1305 418 1529 464 tempore
1554 407 1705 453 incre-

75 495 292 531 mentum
317 493 554 541 sumeret,
581 483 819 540 perficiet,
847 500 1010 540 spero,
1039 483 1167 540 quod
1198 484 1322 529 bene
1353 493 1579 541 coeptum
1615 494 1704 535 est.

75 562 270 620 quando
306 570 354 607 et
385 561 797 619 quemadmodum
830 562 1139 607 Vtilissimum
1165 577 1275 607 esse
1299 562 1452 607 nouit.
1480 561 1708 607 Perficiet

73 641 256 697 utique,
279 639 437 685 hocin
454 639 602 684 dubio
622 639 835 696 positum
855 655 950 684 non
969 649 1058 695 est,
1081 638 1167 684 sed
1185 640 1380 695 quando
1400 648 1447 685 et
1463 640 1708 696 quomodo

72 734 167 764 non
206 717 447 763 nouimus.
490 716 594 761 Nos
633 732 854 771 oramus,
897 727 949 762 ut
987 716 1099 774 quid
1134 715 1239 761 fieri
1274 716 1392 762 uelit
1425 717 1618 772 doceat,
1657 726 1705 762 et

72 795 200 852 quod
221 793 569 850 cognoscimus
592 802 678 838 aut
703 809 791 850 per
814 794 1057 839 internam
1083 791 1298 850 Spiritus
1321 792 1492 839 Sancti
1517 795 1701 847 unctio-

71 888 181 917 nem
217 881 302 917 aut
337 886 426 927 per
460 870 527 915 V.
566 870 620 916 P.
659 870 844 923 literas,
882 886 941 916 ea
976 886 1071 915 non
1107 871 1327 928 segniter
1352 871 1645 928 exequimur
1671 879 1703 917 ³.

72 949 336 996 Generalis
375 948 539 1005 aliqua
576 948 753 1004 regula
788 963 934 1004 quarn
970 964 1255 1004 sequamur,
1295 948 1371 993 hic
1405 948 1577 994 haberi
1611 965 1706 994 non

71 1036 248 1085 potest;
293 1027 575 1083 exemplum
616 1041 810 1082 quoque
851 1026 980 1082 quod
1018 1025 1284 1080 imitemur,
1327 1041 1421 1071 non
1466 1026 1703 1079 occurrit„

70 1114 339 1162 propterea
359 1104 487 1161 quod
514 1103 532 1130 b
552 1104 650 1149 alia
669 1112 744 1148 est
762 1102 891 1148 ratio
913 1102 1169 1148 ciuitatum
1191 1103 1535 1160 imperialium,
1559 1119 1704 1160 quam

71 1197 244 1227 earum
279 1196 406 1238 quae
441 1181 522 1225 uni
558 1180 703 1225 alicui
737 1180 943 1237 principi
977 1189 1169 1235 parent.
1208 1180 1261 1225 P.
1298 1180 1596 1226 Leonardus
1636 1192 1707 1227 tot

69 1260 208 1305 annis
243 1274 354 1304 cum
391 1257 756 1304 coloniensibus
790 1266 1119 1302 conuersatus
1149 1266 1240 1309 est,
1268 1267 1316 1302 et
1340 1257 1510 1303 uarios
1534 1259 1707 1304 modos

68 1337 376 1394 excogitauit
399 1336 635 1381 fundandi
661 1335 875 1392 collegii,
902 1351 999 1391 ego
1023 1335 1100 1380 hic
1123 1344 1172 1380 et
1200 1344 1347 1381 natus
1377 1345 1426 1381 et
1461 1336 1702 1382 educatus

68 1431 192 1471 sum,
229 1423 278 1459 et
313 1413 428 1458 nihil
463 1413 659 1458 mallem
695 1427 841 1469 quam
876 1411 1193 1469 magnificum
1228 1412 1427 1469 aliquod
1461 1413 1507 1458 in
1541 1414 1703 1469 patria

68 1491 348 1549 relinquere
383 1491 664 1547 collegium;
693 1502 740 1535 et
765 1500 931 1535 tamen
957 1490 1000 1535 in
1027 1489 1121 1535 hac
1144 1505 1298 1535 causa
1323 1491 1539 1547 quotidie
1563 1492 1703 1537 disci-

68 1586 191 1622 mus,
220 1585 310 1615 nec
336 1569 505 1614 dubito
531 1567 642 1625 quin
670 1568 796 1613 idem
823 1568 968 1613 sociis
994 1567 1114 1612 meis
1148 1568 1362 1614 eueniat.
1403 1568 1705 1626 Experimur

66 1648 160 1693 hoc
194 1647 239 1692 in
276 1648 384 1692 loco
419 1645 623 1691 feruore
649 1655 697 1691 et
720 1645 1038 1691 festinatione
1063 1661 1268 1691 causam
1294 1646 1519 1703 impediri
1546 1647 1706 1704 potius

67 1741 212 1782 quam
238 1724 542 1782 promoueri.
570 1723 795 1769 Feruore
821 1723 1090 1780 coepimus,
1124 1723 1208 1768 sed
1244 1724 1334 1769 nisi
1369 1724 1433 1769 ab
1467 1740 1525 1770 eo
1560 1725 1703 1770 desti-

66 1813 168 1848 tum
203 1812 350 1859 esset,
390 1802 551 1847 adhuc
581 1801 625 1846 in
650 1801 862 1858 collegio
887 1817 983 1846 non
1010 1816 1233 1846 essemus
1256 1808 1292 1847 ⁰.
1320 1802 1594 1848 Tentamus
1618 1803 1703 1860 igi-

65 1890 146 1926 tur
170 1880 313 1925 uaria
340 1888 390 1925 ut
414 1889 658 1937 quatenus
682 1878 788 1923 fieri
813 1888 990 1935 potest,
1019 1887 1067 1923 et
1091 1879 1359 1936 collegium
1385 1878 1621 1935 firmetur,
1655 1891 1703 1926 et

65 1956 329 2003 Societatis
369 1956 745 2002 constitutiones
784 1957 1132 2001 obseruentur.
1177 1955 1323 2012 Quod
1364 1957 1402 2002 si
1443 1972 1537 2002 uno
1573 1973 1702 2003 anno

66 2034 171 2080 fieri
192 2034 373 2091 nequit,
395 2034 552 2080 satius
571 2045 802 2091 putamus
822 2033 1060 2089 paulatim
1074 2034 1317 2091 'progredi
1338 2050 1485 2090 quam
1506 2035 1703 2080 omnino

64 2112 175 2158 hinc
199 2111 412 2169 explodi,
441 2111 857 2167 quemadmodum
890 2120 1005 2156 ante
1036 2126 1191 2156 annos
1226 2112 1413 2168 aliquot
1446 2113 1598 2157 semel
1633 2112 1702 2157 fa-

65 2201 195 2235 ctum
232 2199 322 2235 est.
359 2188 469 2234 Hac
504 2189 630 2234 enim
668 2205 810 2234 mora
845 2197 893 2234 et
922 2198 1207 2233 nostrorum
1238 2188 1493 2246 diligentia
1518 2190 1702 2235 multae

63 2268 258 2312 animae
282 2267 391 2312 Deo
412 2265 674 2320 lucrifiunt;
697 2265 1014 2311 festinatione
1034 2281 1157 2310 uero
1176 2276 1224 2312 et
1244 2266 1531 2323 explosione
1552 2283 1702 2324 quan-

64 2354 165 2388 tum
190 2344 303 2389 boni
328 2343 667 2400 impediretur,
696 2343 879 2399 optime
902 2343 1024 2388 sciet
1054 2343 1093 2388 is
1127 2343 1206 2400 qui
1241 2344 1431 2400 cogitat
1467 2354 1704 2401 quantum

64 2421 176 2466 boni
202 2421 247 2465 in
272 2420 498 2466 omnibus
523 2420 672 2466 etiam
704 2420 1168 2466 circumiacentibus
1199 2421 1481 2477 prouinciis,
1519 2431 1568 2467 et
1602 2438 1700 2468 ma·

62 2498 191 2543 xime
226 2498 273 2543 in
313 2497 597 2543 ciuitatibus
637 2497 913 2553 maritimis,
952 2497 998 2542 in
1035 2499 1338 2544 Sarmatiam
1379 2514 1551 2556 usque,
1594 2498 1700 2545 fieri

63 2585 226 2633 queat,
254 2575 291 2621 si
317 2575 394 2620 hic
418 2575 680 2632 egregium
707 2575 971 2631 collegium
995 2574 1262 2620 Societatis
1287 2576 1530 2632 erigatur.
1555 2575 1700 2633 Quod

62 2669 236 2699 uerum
277 2668 385 2698 esse
426 2653 502 2698 uel
536 2652 647 2698 hinc
683 2652 849 2710 liquet,
887 2653 1018 2709 quod
1052 2669 1181 2698 nunc
1216 2669 1328 2698 cum
1362 2654 1563 2699 uixdum
1603 2656 1698 2700 col—

60 2731 244 2787 legium
269 2740 358 2787 est,
396 2731 482 2776 sed
516 2730 810 2787 principium
844 2739 1034 2776 tantum
1070 2731 1267 2787 aliquod
1299 2731 1449 2777 futuri
1482 2733 1697 2789 collegii,

62 2817 252 2853 tantum
292 2808 484 2853 fructus
522 2808 568 2852 in
607 2807 753 2853 uinea
792 2808 989 2853 Domini
1030 2809 1293 2853 collectum
1332 2817 1422 2861 est,
1460 2821 1698 2866 quantum

107 3013 124 3033 a
168 3006 270 3043 Loc.
294 3006 512 3053 praeced„
535 3018 562 3043 a
581 3018 648 3044 vv.
670 3007 786 3044 Deus
805 3008 872 3054 qui
893 3018 979 3044 non
1008 3011 1070 3044 est
1095 3008 1140 3043 in
1171 3007 1360 3044 HANSEN.
1415 3008 1481 3035 —b
1514 3008 1700 3045 Duobus

61 3077 128 3102 vv.
148 3065 352 3112 praeced.
375 3066 565 3112 explebis
585 3068 797 3104 lacunam
816 3067 942 3113 apud
968 3067 1156 3112 HANSEN,
1179 3068 1204 3104 l.
1228 3078 1277 3109 6.,
1300 3066 1399 3104 302.
1453 3075 1516 3096 —c
1561 3069 1595 3107 A
1629 3080 1696 3107 vv.

64 3125 109 3163 P.
132 3125 373 3163 Leonardus
393 3126 554 3164 desunt
572 3128 617 3163 in
636 3126 830 3164 HANSEN.
