2051 3516
619 292 956 329 69.—Ot1su20xss
986 293 1028 328 17
1053 302 1157 339 JUNII
1188 294 1277 330 1557
1650 295 1721 332 275

127 403 274 444 quam
301 388 475 432 desunt
509 397 715 432 sanctae
750 387 1122 443 occupationes,
1149 388 1197 432 si
1219 402 1319 433 non
1345 388 1367 409 a
1392 390 1618 435 deessent
1654 401 1765 447 ope-

128 463 263 521 rarii,
291 464 586 520 praesertim
613 464 656 508 in
684 474 855 509 nostro
875 463 1107 520 collegio.
1547 456 1551 460 ⁴

182 542 225 587 4.
293 540 357 586 Et
391 556 503 586 cum
539 557 708 586 omnes
742 551 791 587 et
825 541 955 586 domi
990 552 1037 586 et
1071 540 1194 586 foris
1228 542 1541 598 praescripto
1577 544 1667 588 sibi
1701 546 1764 590 ab

123 618 404 664 obedientia
438 634 643 663 munere
678 618 970 674 fungantur,
1005 618 1314 674 potissimum
1348 627 1514 663 tamen
1540 620 1585 663 in
1618 636 1761 676 regu-

124 694 181 740 lis
219 705 268 740 et
306 695 738 741 constitutionibus
772 695 1102 740 obseruandis
1142 710 1385 740 summam
1428 698 1765 753 vnusquisque

122 772 322 817 adhibet
347 772 668 829 diligentiam,
696 772 936 828 impositis
961 771 1228 828 aliquando
1253 772 1579 828 poenitentiis.

180 849 224 896 5.
290 849 402 894 Rex
446 859 618 894 noster
663 851 702 902 ¹,
750 851 862 894 dum
909 848 1128 903 viueret,
1175 864 1286 894 cum
1333 859 1465 895 esset
1510 850 1765 905 religionis

121 925 423 971 christianae
448 925 713 982 studiosus,
742 926 863 971 duos
899 926 1289 971 catechumenos
1323 926 1463 971 nobis
1499 928 1693 972 comisit
1717 928 1762 973 in

122 1001 232 1048 fidei
251 1002 532 1059 praeceptis
548 1002 862 1059 erudiendos,
881 1016 999 1047 cum
1017 1002 1125 1047 alia
1144 1002 1310 1048 multa
1330 1004 1387 1048 id
1397 1004 1766 1061 genusfacere

119 1085 328 1136 semper
347 1079 530 1124 solitus
554 1084 701 1134 esset,
729 1095 940 1135 quorum
965 1079 1091 1124 alter
1122 1083 1198 1124 est
1230 1095 1453 1136 maurus,
1490 1081 1620 1126 alter
1643 1098 1763 1127 vero

120 1156 367 1202 hebraeus
400 1161 527 1212 emt,
557 1157 654 1201 sed
684 1170 786 1202 non
820 1156 1047 1213 natione,
1075 1170 1198 1201 nam
1237 1156 1575 1214 Olyssipponi
1607 1163 1765 1204 uatus

120 1238 167 1279 et
189 1234 325 1279 inter
352 1233 601 1279 hebraeos
625 1233 876 1278 educatus
899 1233 1234 1290 mosaicaque
1258 1233 1372 1291 lege
1395 1238 1443 1279 et
1465 1235 1762 1281 cerimoniis

120 1325 153 1355 (ι
171 1310 480 1367 parentibus
504 1311 788 1355 instructus
795 1309 936 1367 fuit‚·
961 1310 1037 1355 hic
1059 1314 1203 1355 tanto
1227 1310 1245 1336 b
1269 1310 1468 1367 ingenio
1504 1312 1760 1367 praeditus

119 1397 209 1445 est,
241 1398 295 1433 vt
328 1387 469 1433 breui
504 1403 714 1444 magnos
748 1402 1050 1444 progressus
1084 1387 1129 1432 in
1165 1386 1275 1432 fidei
1311 1398 1516 1433 nostrae
1556 1405 1757 1445 praece-

118 1466 210 1522 ptis
235 1466 430 1521 fece1·it;
457 1466 541 1510 ille
559 1479 679 1510 vero
700 1479 816 1510 cum
836 1478 937 1509 lwlz
956 1469 1162 1510 tantum
1181 1465 1393 1522 ingenio
1417 1466 1626 1517 valeret,
1656 1481 1758 1512 non

118 1543 191 1588 ita
215 1543 478 1599 processit.
508 1542 653 1588 Satis
685 1547 859 1587 tamen
894 1549 909 1568 ⁰
946 1542 1205 1587 commode
1241 1542 1285 1586 in
1321 1558 1380 1587 ea
1416 1558 1470 1588 re
1500 1559 1553 1588 se
1583 1544 1754 1600 gessit.

117 1619 219 1664 lam
245 1620 454 1664 salutari
474 1635 605 1676 aqua
625 1619 729 1664 eius
749 1619 966 1679 crimina,
983 1619 1183 1683 expiata
1209 1629 1337 1676 sunt3
1360 1629 1407 1664 et
1428 1621 1576 1665 ambo
1596 1621 1758 1666 adhuc

117 1697 248 1753 apud
271 1712 360 1741 nos
385 1707 513 1753 sunt,
542 1697 772 1753 quoniam
807 1696 876 1741 ita
912 1712 1003 1741 rex
1026 1697 1258 1753 iusserat,
1281 1686 1335 1741 ⁴vt
1359 1698 1536 1754 magis
1560 1698 1605 1743 in
1631 1699 1758 1743 chri-

117 1774 278 1819 stiana
303 1774 531 1819 doctrina
556 1774 976 1832 informarentur
996 1774 1029 1818 d.
1052 1773 1104 1818 In
1131 1774 1357 1819 doctrina
1381 1781 1396 1800 θ
1418 1789 1552 1832 quae
1574 1776 1756 1833 singu-

115 1852 179 1897 lis
212 1851 392 1904 diebus
411 1852 576 1909 festis
609 1852 661 1896 in
698 1855 872 1896 nostro
910 1851 1101 1907 templo
1140 1851 1361 1896 liabetur
1393 1851 1433 1908 f,
1470 1867 1522 1897 se
1547 1863 1758 1898 exercet

116 1928 196 1974 Pr.
234 1929 439 1974 Marcus
479 1929 759 1986 Prancudo,
797 1929 858 1974 ad
898 1943 1057 1986 quam
1080 1928 1414 1974 gaudiendam
1455 1945 1666 1996 magnus
1703 1929 1755 1974 fit

115 2022 421 2052 concursus.¹

173 2085 217 2131 6.
283 2084 336 2129 In
367 2094 542 2130 sancta
566 2084 845 2129 ebdomada
869 2097 1011 2129 more
1034 2093 1208 2128 nostro
1233 2088 1282 2129 et
1304 2084 1522 2129 instituto
1547 2084 1564 2110 '¹
1589 2084 1755 2129 diuina

115 2161 279 2207 officia
305 2177 489 2218 magno
515 2161 649 2206 cultu
674 2161 1056 2206 celebrauimus.
1084 2160 1212 2206 Nam
1238 2161 1435 2217 quidam
1460 2162 1600 2206 nobis
1625 2162 1756 2206 dedi—

114 2238 147 2283 ti
173 2239 489 2294 sepulchrum
525 2238 721 2283 Domini
757 2254 943 2294 magna
967 2254 1148 2294 pompa
1173 2248 1222 2283 et
1246 2248 1495 2295 apparatu
1532 2239 1606 2284 ita
1641 2255 1756 2284 con-

115 2325 364 2372 struxere,
387 2320 443 2361 iti
462 2315 795 2361 roffensibus
814 2315 1092 2360 antoniani
1109 2329 1210 2360 non
1231 2316 1541 2361 imtz'derent.
1565 2316 1755 2362 Omnia

113 2392 494 2450 tandemfacta
516 2397 640 2438 smzt
673 2393 745 2438 ad
774 2393 1027 2438 maiorem
1062 2393 1235 2437 diuini
1267 2393 1494 2437 nominis
1523 2394 1754 2449 gloriam

114 2474 162 2514 et
183 2470 407 2515 laudem.

175 2557 212 2590 l.
280 2546 375 2591 Die
399 2562 494 2603 quo
519 2562 610 2591 rex
635 2555 861 2592 mortuus
886 2556 976 2601 est,
1004 2547 1135 2604 apud
1160 2563 1250 2593 nos
1269 2563 1440 2593 omnes
1460 2547 1638 2592 Patres
1658 2563 1750 2604 pro

113 2639 172 2669 eo
196 2624 469 2682 quinquies
492 2639 693 2670 sacrum
717 2624 947 2670 fecerunt
981 2624 1006 2681 ³,
1035 2629 1083 2669 et
1106 2630 1347 2681 cooperta
1380 2629 1504 2670 sunt
1535 2625 1748 2683 altaria,

159 2749 179 2768 a
228 2749 397 2787 Vtinam
417 2762 505 2786 nec.
559 2750 625 2778 ——b
647 2763 708 2786 eo.
763 2758 825 2778 ...c
847 2751 971 2787 Alter
990 2751 1112 2788 etiam
1131 2752 1243 2788 satis.
1298 2752 1362 2777 ——d
1387 2750 1744 2788 confirmarentur.

112 2815 128 2835 e
171 2809 378 2846 doctrinae
399 2821 501 2853 ms.,·
517 2810 595 2847 sed
604 2810 766 2856 forsan
785 2822 824 2847 v.
848 2814 1090 2847 correctum
1111 2815 1173 2847 est
1190 2812 1281 2847 alia
1303 2821 1455 2847 manu.
1508 2810 1585 2838 -ῐ-
1608 2811 1751 2849 ¹chria-

111 2881 202 2904 nae.
224 2869 487 2915 expositione.
542 2878 607 2905 —g
639 2882 825 2916 eamque.
881 2870 946 2897 —h
968 2883 1017 2906 ex
1036 2877 1172 2907 nostro
1188 2871 1384 2907 instituto.
1440 2870 1495 2897 —i
1538 2871 1604 2917 [et]
1626 2872 1751 2919 impo-

111 2928 231 2964 situm
253 2929 340 2974 [est]
362 2930 420 2965 eis
448 2935 490 2966 vt
518 2930 797 2977 vnusquisque
826 2930 1041 2976 quinquies
1070 2931 1188 2966 huius
1216 2930 1274 2966 rei
1302 2931 1438 2977 gratia
1463 2943 1624 2968 sacrum
1644 2931 1748 2968 face-

111 2992 186 3023 ret.
208 2987 240 3023 2
253 2999 321 3024 vv.
343 2994 396 3029 et„
418 2994 479 3025 est
499 2991 545 3026 in
565 2989 719 3026 charta
738 3000 825 3026 non
845 2994 1077 3035 apparent.

159 3097 168 3115 ¹
216 3095 396 3142 Joannes
414 3095 483 3141 ΙΙΙ,
504 3096 571 3143 qui
591 3097 696 3133 diem
717 3109 951 3143 supremum
972 3097 1128 3133 obierat
1147 3096 1210 3134 die
1233 3097 1273 3134 11
1290 3097 1414 3144 Junii.
