2051 3516
383 275 453 311 910
841 269 1063 305 LITTERAE
1089 266 1445 312 QUADRIMESTRES

337 383 530 424 semper
567 366 632 410 illi
672 363 1006 410 confessarius
1045 362 1149 407 eius
1189 360 1284 417 (hic
1322 358 1519 416 quidam
1559 366 1633 402 est
1666 354 1954 410 monachus)

338 443 597 500 consuluit3
624 442 693 487 sic
717 441 865 487 etiam
890 438 1159 495 antiquitus
1182 437 1365 482 licitum
1399 443 1447 480 et
1480 434 1667 480 factum
1689 433 1794 489 fuit3
1822 431 1956 490 quid?

338 519 575 577 numquid·
609 533 705 576 ego
743 517 809 563 illi
843 516 1016 562 melius
1050 513 1251 571 aliquid?
1289 512 1502 557 Manebo
1536 525 1631 568 ego
1670 509 1832 567 quiete
1865 509 1956 554 sub

339 612 452 654 una,
494 596 576 641 illa
614 595 729 640 item
768 594 859 638 sub
898 601 1123 648 utraque.
1151 589 1279 646 Quid
1312 587 1490 634 facias?
1529 586 1581 632 Si
1619 600 1805 643 urgere
1844 585 1956 630 inci-

340 675 462 732 pias,
489 672 692 730 urgebis
715 686 773 716 eo
798 685 892 727 quo
917 669 1112 714 minime
1145 667 1282 712 uelis.
1309 665 1509 722 Rogate
1533 663 1800 708 Dominum
1835 676 1958 707 mes-

342 751 422 808 sis,
449 750 510 795 R.
538 748 591 794 P.

399 828 442 874 5.
508 825 674 872 Simile
712 824 1004 880 exemplum:
1043 822 1280 867 habemus
1314 818 1576 876 egregium
1610 830 1816 873 puerum
1851 830 1958 860 con-

343 905 585 950 uictorem
611 901 688 959 qui
713 910 857 946 natus
891 908 965 945 est
1001 897 1206 955 hussita;
1233 896 1318 942 sed
1343 894 1473 952 apud
1502 909 1591 939 nos
1622 908 1708 949 per
1730 891 1824 937 Dei
1848 906 1961 947 gra-

345 982 464 1028 tiam
498 989 700 1025 renatus
736 976 1024 1031 catholicus,
1052 972 1494 1028 constantissimus;
1522 970 1663 1016 huius
1697 977 1857 1014 mater
1890 975 1964 1012 est

347 1057 537 1104 hussita
570 1071 680 1101 cum
714 1054 814 1100 suis
847 1053 954 1099 aliis
985 1052 1108 1108 filiis3
1146 1050 1352 1096 vitricus
1385 1063 1506 1094 uero
1531 1047 1635 1092 eius
1658 1054 1733 1091 est
1754 1045 1844 1090 sub
1867 1059 1965 1089 una

348 1151 458 1182 cum
494 1132 703 1190 quodam
738 1131 835 1176 alio
870 1130 1013 1176 unico
1048 1128 1145 1173 filio
1179 1142 1284 1180 suo;
1323 1126 1391 1171 ait
1424 1125 1484 1170 ad
1521 1140 1598 1169 me
1632 1124 1709 1169 ille
1743 1121 1985 1172 vitricuss

348 1210 529 1268 alioqui
564 1210 638 1255 uir
671 1218 844 1265 potens
877 1218 926 1252 et
958 1205 1305 1263 syncerissime
1336 1217 1461 1259 erga
1485 1216 1574 1247 nos
1598 1199 1823 1246 affectus:
1852 1213 1963 1254 ego,

350 1288 520 1346 inquit,
546 1302 654 1332 sum
679 1286 769 1331 sub
793 1300 891 1330 vna
915 1293 963 1329 et
985 1283 1074 1328 sub
1099 1297 1196 1327 una
1220 1280 1421 1329 moriar:
1449 1278 1534 1324 sed
1570 1278 1682 1334 quia
1704 1291 1834 1321 vxor
1857 1289 1967 1319 mea

352 1375 426 1412 θεῖ
460 1364 550 1410 sub
589 1372 817 1419 Vtraque,
854 1360 1058 1418 proinde
1099 1357 1357 1414 relinquite
1396 1370 1603 1412 puerum
1642 1353 1688 1398 in
1729 1367 1817 1397 sua
1855 1350 1965 1406 fide,

352 1458 499 1501 quam
524 1440 710 1486 scilicet
733 1447 893 1484 mater
916 1437 1079 1488 habet;
1107 1433 1309 1492 promisi
1334 1433 1460 1478 enim
1486 1431 1630 1477 vxori
1653 1444 1810 1484 meae,
1837 1426 1965 1485 quod

351 1535 442 1566 nec
466 1520 597 1564 illam
621 1531 712 1562 nec
736 1514 857 1560 filios
881 1529 996 1559 suos
1020 1512 1082 1558 ad
1109 1527 1253 1557 vnam
1278 1525 1461 1567 cogere
1485 1508 1647 1554 uelim.
1675 1506 1787 1563 Ego
1811 1505 1876 1550 illi
1900 1504 1969 1549 fa-

353 1597 444 1642 cile
468 1594 633 1651 annui,
655 1591 784 1651 quod
809 1591 854 1636 in
879 1605 969 1636 sua
992 1589 1085 1634 fide
1109 1603 1314 1645 puerum
1341 1586 1603 1632 relicturus
1626 1598 1801 1639 essem,
1829 1596 1969 1638 quem

354 1672 649 1720 catholicum
683 1683 941 1725 noueram,
967 1682 1057 1712 nec
1091 1681 1167 1711 me
1202 1672 1505 1710 mutaturum
1537 1661 1649 1718 dixi3
1677 1659 1871 1715 excipe,
1898 1671 1970 1702 co-

351 1750 609 1809 gitabam,
636 1747 739 1793 υἱεῖ
771 1745 915 1791 illum
949 1747 1156 1789 nostrae
1190 1740 1436 1787 Socz’etcztz'
1453 1737 1714 1795 paulatim
1735 1741 1832 1792 per
1850 1748 1972 1792 gm-

356 1827 483 1872 tiam
514 1823 911 1882 applz'canem'm.
938 1820 1162 1866 Tandem
1196 1818 1273 1864 uir
1308 1816 1474 1873 magni
1506 1814 1667 1860 iudicii
1703 1813 1875 1858 melius
1908 1811 1972 1856 in-

357 1913 575 1949 structus
598 1899 759 1957 coepit
782 1899 950 1944 intime
974 1896 1240 1942 condolere
1265 1894 1409 1939 uxori
1434 1908 1569 1938 suae.

416 1980 457 2024 o.
525 1976 738 2035 Quidam
771 1991 833 2021 ex
866 1973 1047 2020 nostris
1071 1972 1242 2018 amicis
1276 1970 1441 2016 retulit
1464 1968 1603 2014 nobis
1627 1967 1800 2013 librum
1827 1980 1972 2022 quen-

359 2057 472 2103 dam
497 2054 784 2113 germanice
817 2052 889 2097 his
922 2051 1092 2097 diebus
1115 2049 1328 2095 aeditum
1362 2062 1469 2094 esse
1502 2045 1902 2099 Wittenbergae,
1930 2041 1975 2087 in

361 2150 456 2191 quo
495 2141 809 2191 promotores
846 2128 1039 2186 gloriae
1080 2126 1335 2172 Ecclesiae
1370 2124 1463 2169 Dei
1502 2123 1723 2179 (praeter
1761 2121 1976 2176 ipsorum

361 2209 657 2270 opinionem)
683 2209 836 2254 multa
858 2214 1134 2253 scommata
1157 2204 1419 2260 pinxerunt
1440 2210 1616 2246 contra
1635 2213 1876 2244 summum
1896 2211 1977 2241 no-

363 2299 518 2335 strum
541 2296 735 2344 patrem
759 2283 1055 2342 pontificem,
1078 2281 1231 2326 multa
1255 2280 1301 2325 in
1325 2288 1545 2325 nostram
1570 2276 1817 2321 minimam
1840 2273 1978 2318 Com-

361 2365 569 2423 pagm'a
594 2370 612 2391 ²
635 2360 923 2408 nominatim
947 2358 1095 2405 etiam
1119 2357 1163 2402 in
1185 2365 1405 2401 nostrum
1430 2354 1491 2400 R.
1518 2353 1570 2398 P.
1594 2351 1845 2398 Canisium
1871 2365 1979 2406 pro-

364 2442 631 2496 uintialem,
665 2439 820 2485 multa
853 2437 1060 2493 denique
1094 2434 1141 2480 in
1175 2433 1476 2479 assertiones
1510 2424 1834 2486 theologicas,
1861 2441 1982 2483 quas

365 2518 558 2576 publice
581 2514 901 2572 disputandas
924 2525 1202 2570 proponere
1226 2509 1453 2555 Societas
1475 2506 1614 2553 solet.
1638 2505 1770 2551 Bene
1795 2503 1982 2548 faciunt

368 2594 486 2651 uiri,
514 2593 715 2639 utinam
739 2591 987 2646 meliores,
1016 2587 1144 2645 quod
1168 2601 1263 2643 quo
1287 2600 1376 2631 nos
1400 2583 1569 2630 uenire
1594 2581 1806 2627 nondum
1831 2577 1983 2636 potui>

369 2687 491 2728 mus,
519 2685 578 2716 eo
600 2683 777 2715 nomen
811 2665 1074 2713 Societatis
1107 2673 1156 2709 et
1189 2673 1413 2708 sanctam
1446 2659 1722 2718 opinionem
1755 2666 1854 2702 tam
1888 2664 1982 2700 stu-

370 2748 505 2794 diose
529 2747 617 2804 ipsi
641 2746 825 2802 absque
860 2744 956 2789 ullo
990 2750 1160 2788 nostro
1194 2740 1366 2785 labore
1400 2738 1629 2795 (excepto
1662 2733 1879 2791 pauxillo
1902 2747 1986 2788 pa-

372 2824 591 2881 tientiae)
615 2821 949 2868 disseminent.

428 2903 471 2948 7.
538 2900 729 2947 Contra
750 2908 863 2945 sunt
886 2897 967 2943 alii
991 2895 1071 2953 qui
1094 2894 1133 2941 si
1156 2909 1252 2951 quo
1277 2892 1422 2938 modo
1447 2906 1526 2937 res
1555 2896 1753 2936 nostras
1791 2899 1987 2943 promo-

420 3056 439 3075 ⁸
490 3054 750 3092 Societatem.
