<?xml version="1.0" encoding="UTF-8"?>
<!DOCTYPE html PUBLIC "-//W3C//DTD XHTML 1.0 Transitional//EN"
    "http://www.w3.org/TR/xhtml1/DTD/xhtml1-transitional.dtd">
<html xmlns="http://www.w3.org/1999/xhtml" xml:lang="en" lang="en">
 <head>
  <title>
</title>
<meta http-equiv="Content-Type" content="text/html;charset=utf-8" />
  <meta name='ocr-system' content='tesseract 3.04.00' />
  <meta name='ocr-capabilities' content='ocr_page ocr_carea ocr_par ocr_line ocrx_word'/>
</head>
<body>
  <div class='ocr_page' id='page_1' title='image "./litteraequadrime17lain_1004.png"; bbox 0 0 2051 3516; ppageno 0'>
   <div class='ocr_carea' id='block_1_1' title="bbox 383 278 1443 324">
    <p class='ocr_par' dir='ltr' id='par_1_1' title="bbox 383 278 1443 324">
     <span class='ocr_line' id='line_1_1' title="bbox 383 278 1443 324; baseline -0.002 -7"><span class='ocrx_word' id='word_1_1' title='bbox 383 280 452 317; x_wconf 70' lang='lat'>964</span> <span class='ocrx_word' id='word_1_2' title='bbox 847 279 1066 315; x_wconf 80' lang='lat' dir='ltr'><strong>LITTERAE</strong></span> <span class='ocrx_word' id='word_1_3' title='bbox 1091 278 1443 324; x_wconf 75' lang='lat' dir='ltr'><strong>QUADRIMESTRES</strong></span> 
     </span>
    </p>
   </div>
   <div class='ocr_carea' id='block_1_2' title="bbox 339 372 1968 3110">
    <p class='ocr_par' dir='ltr' id='par_1_2' title="bbox 339 372 1968 3110">
     <span class='ocr_line' id='line_1_2' title="bbox 340 372 1959 430; baseline -0.002 -11"><span class='ocrx_word' id='word_1_4' title='bbox 340 375 469 430; x_wconf 88' lang='lat' dir='ltr'>runt)</span> <span class='ocrx_word' id='word_1_5' title='bbox 495 374 731 419; x_wconf 89' lang='lat' dir='ltr'>maiorem</span> <span class='ocrx_word' id='word_1_6' title='bbox 757 374 801 419; x_wconf 91' lang='lat' dir='ltr'>in</span> <span class='ocrx_word' id='word_1_7' title='bbox 825 374 928 419; x_wconf 90' lang='lat' dir='ltr'>dies</span> <span class='ocrx_word' id='word_1_8' title='bbox 951 373 1208 430; x_wconf 80' lang='lat' dir='ltr'>probitatis</span> <span class='ocrx_word' id='word_1_9' title='bbox 1231 389 1367 430; x_wconf 91' lang='lat' dir='ltr'>spem</span> <span class='ocrx_word' id='word_1_10' title='bbox 1393 373 1534 419; x_wconf 90' lang='lat' dir='ltr'>nobis</span> <span class='ocrx_word' id='word_1_11' title='bbox 1564 372 1809 428; x_wconf 80' lang='lat' dir='ltr'>adferunt余</span> <span class='ocrx_word' id='word_1_12' title='bbox 1833 372 1959 429; x_wconf 90' lang='lat' dir='ltr'>quod</span> 
     </span>
     <span class='ocr_line' id='line_1_3' title="bbox 341 449 1956 507; baseline -0.001 -12"><span class='ocrx_word' id='word_1_13' title='bbox 341 451 532 507; x_wconf 91' lang='lat' dir='ltr'>quidem</span> <span class='ocrx_word' id='word_1_14' title='bbox 556 451 962 507; x_wconf 79' lang='lat' dir='ltr'>praeceptoribus</span> <span class='ocrx_word' id='word_1_15' title='bbox 986 459 1033 496; x_wconf 91' lang='lat' dir='ltr'>et</span> <span class='ocrx_word' id='word_1_16' title='bbox 1051 451 1190 496; x_wconf 87' lang='lat' dir='ltr'>nobis</span> <span class='ocrx_word' id='word_1_17' title='bbox 1209 450 1434 496; x_wconf 90' lang='lat' dir='ltr'>omnibus</span> <span class='ocrx_word' id='word_1_18' title='bbox 1452 465 1547 495; x_wconf 92' lang='lat' dir='ltr'>non</span> <span class='ocrx_word' id='word_1_19' title='bbox 1566 449 1800 506; x_wconf 83' lang='lat' dir='ltr'>exiguum</span> <span class='ocrx_word' id='word_1_20' title='bbox 1819 464 1956 505; x_wconf 90' lang='lat' dir='ltr'>prae-</span> 
     </span>
     <span class='ocr_line' id='line_1_4' title="bbox 341 525 1960 584; baseline -0.002 -12"><span class='ocrx_word' id='word_1_21' title='bbox 341 528 420 573; x_wconf 92' lang='lat' dir='ltr'>bet</span> <span class='ocrx_word' id='word_1_22' title='bbox 454 527 696 584; x_wconf 88' lang='lat' dir='ltr'>solatium,</span> <span class='ocrx_word' id='word_1_23' title='bbox 733 543 843 572; x_wconf 88' lang='lat' dir='ltr'>cum</span> <span class='ocrx_word' id='word_1_24' title='bbox 883 527 1166 583; x_wconf 87' lang='lat' dir='ltr'>vigiliarum</span> <span class='ocrx_word' id='word_1_25' title='bbox 1201 529 1527 583; x_wconf 80' lang='lat' dir='ltr'>laborumque</span> <span class='ocrx_word' id='word_1_26' title='bbox 1559 535 1844 572; x_wconf 87' lang='lat' dir='ltr'>nostrorum</span> <span class='ocrx_word' id='word_1_27' title='bbox 1877 525 1960 570; x_wconf 90' lang='lat' dir='ltr'>ali-</span> 
     </span>
     <span class='ocr_line' id='line_1_5' title="bbox 340 602 1959 661; baseline -0.002 -12"><span class='ocrx_word' id='word_1_28' title='bbox 340 619 481 660; x_wconf 91' lang='lat' dir='ltr'>quem</span> <span class='ocrx_word' id='word_1_29' title='bbox 507 604 645 660; x_wconf 90' lang='lat' dir='ltr'>quasi</span> <span class='ocrx_word' id='word_1_30' title='bbox 663 603 876 649; x_wconf 75' lang='lat' dir='ltr'>fructum</span> <span class='ocrx_word' id='word_1_31' title='bbox 897 604 993 649; x_wconf 92' lang='lat' dir='ltr'>iam</span> <span class='ocrx_word' id='word_1_32' title='bbox 1013 604 1270 661; x_wconf 75' lang='lat' dir='ltr'>percipere</span> <span class='ocrx_word' id='word_1_33' title='bbox 1289 603 1562 648; x_wconf 88' lang='lat' dir='ltr'>videamur.</span> <span class='ocrx_word' id='word_1_34' title='bbox 1587 602 1775 648; x_wconf 88' lang='lat' dir='ltr'>Eorum</span> <span class='ocrx_word' id='word_1_35' title='bbox 1794 612 1959 646; x_wconf 88' lang='lat' dir='ltr'>autem</span> 
     </span>
     <span class='ocr_line' id='line_1_6' title="bbox 339 679 1959 737; baseline -0.001 -12"><span class='ocrx_word' id='word_1_36' title='bbox 339 680 637 736; x_wconf 79' lang='lat' dir='ltr'>probitatem</span> <span class='ocrx_word' id='word_1_37' title='bbox 660 689 707 726; x_wconf 93' lang='lat' dir='ltr'>et</span> <span class='ocrx_word' id='word_1_38' title='bbox 730 681 945 726; x_wconf 89' lang='lat' dir='ltr'>maiores</span> <span class='ocrx_word' id='word_1_39' title='bbox 969 680 1014 725; x_wconf 93' lang='lat' dir='ltr'>in</span> <span class='ocrx_word' id='word_1_40' title='bbox 1050 680 1169 737; x_wconf 89' lang='lat' dir='ltr'>dies,</span> <span class='ocrx_word' id='word_1_41' title='bbox 1206 681 1419 725; x_wconf 83' lang='lat' dir='ltr'>maxime</span> <span class='ocrx_word' id='word_1_42' title='bbox 1453 680 1498 725; x_wconf 89' lang='lat' dir='ltr'>in</span> <span class='ocrx_word' id='word_1_43' title='bbox 1534 679 1812 734; x_wconf 87' lang='lat' dir='ltr'>virtutibus,</span> <span class='ocrx_word' id='word_1_44' title='bbox 1850 693 1959 734; x_wconf 92' lang='lat' dir='ltr'>pro-</span> 
     </span>
     <span class='ocr_line' id='line_1_7' title="bbox 340 755 1956 814; baseline -0.002 -12"><span class='ocrx_word' id='word_1_45' title='bbox 340 772 544 813; x_wconf 88' lang='lat' dir='ltr'>gressus</span> <span class='ocrx_word' id='word_1_46' title='bbox 567 774 629 803; x_wconf 82' lang='lat' dir='ltr'>ex</span> <span class='ocrx_word' id='word_1_47' title='bbox 653 758 839 814; x_wconf 87' lang='lat' dir='ltr'>apertis</span> <span class='ocrx_word' id='word_1_48' title='bbox 863 757 1015 814; x_wconf 89' lang='lat' dir='ltr'>signis</span> <span class='ocrx_word' id='word_1_49' title='bbox 1039 766 1087 802; x_wconf 92' lang='lat' dir='ltr'>et</span> <span class='ocrx_word' id='word_1_50' title='bbox 1111 757 1296 803; x_wconf 88' lang='lat' dir='ltr'>indiciis</span> <span class='ocrx_word' id='word_1_51' title='bbox 1320 756 1543 814; x_wconf 82' lang='lat' dir='ltr'>coniicio余</span> <span class='ocrx_word' id='word_1_52' title='bbox 1572 765 1683 802; x_wconf 91' lang='lat' dir='ltr'>sunt</span> <span class='ocrx_word' id='word_1_53' title='bbox 1707 755 1833 801; x_wconf 90' lang='lat' dir='ltr'>enim</span> <span class='ocrx_word' id='word_1_54' title='bbox 1851 770 1956 812; x_wconf 91' lang='lat' dir='ltr'>per-</span> 
     </span>
     <span class='ocr_line' id='line_1_8' title="bbox 340 832 1961 892; baseline -0.001 -13"><span class='ocrx_word' id='word_1_55' title='bbox 340 835 475 880; x_wconf 85' lang='lat' dir='ltr'>multi</span> <span class='ocrx_word' id='word_1_56' title='bbox 500 851 708 892; x_wconf 87' lang='lat' dir='ltr'>quorum</span> <span class='ocrx_word' id='word_1_57' title='bbox 733 835 906 880; x_wconf 90' lang='lat' dir='ltr'>melior</span> <span class='ocrx_word' id='word_1_58' title='bbox 940 850 1056 891; x_wconf 88' lang='lat' dir='ltr'>pars</span> <span class='ocrx_word' id='word_1_59' title='bbox 1086 835 1148 880; x_wconf 91' lang='lat' dir='ltr'>ad</span> <span class='ocrx_word' id='word_1_60' title='bbox 1182 844 1402 880; x_wconf 89' lang='lat' dir='ltr'>nostram</span> <span class='ocrx_word' id='word_1_61' title='bbox 1435 833 1738 879; x_wconf 83' lang='lat' dir='ltr'>Societatem</span> <span class='ocrx_word' id='word_1_62' title='bbox 1772 832 1961 889; x_wconf 89' lang='lat' dir='ltr'>aspirat</span> 
     </span>
     <span class='ocr_line' id='line_1_9' title="bbox 341 908 1959 969; baseline -0.002 -12"><span class='ocrx_word' id='word_1_63' title='bbox 341 913 421 969; x_wconf 89' lang='lat' dir='ltr'>(ex</span> <span class='ocrx_word' id='word_1_64' title='bbox 445 912 501 957; x_wconf 89' lang='lat' dir='ltr'>iis</span> <span class='ocrx_word' id='word_1_65' title='bbox 524 928 647 958; x_wconf 85' lang='lat' dir='ltr'>vero</span> <span class='ocrx_word' id='word_1_66' title='bbox 672 913 897 969; x_wconf 85' lang='lat' dir='ltr'>proximo</span> <span class='ocrx_word' id='word_1_67' title='bbox 919 912 1047 958; x_wconf 78' lang='lat' dir='ltr'>festo</span> <span class='ocrx_word' id='word_1_68' title='bbox 1077 921 1386 969; x_wconf 82' lang='lat' dir='ltr'>pentecostes</span> <span class='ocrx_word' id='word_1_69' title='bbox 1420 922 1522 957; x_wconf 90' lang='lat' dir='ltr'>tres</span> <span class='ocrx_word' id='word_1_70' title='bbox 1546 911 1591 956; x_wconf 92' lang='lat' dir='ltr'>in</span> <span class='ocrx_word' id='word_1_71' title='bbox 1615 919 1836 956; x_wconf 91' lang='lat' dir='ltr'>nostram</span> <span class='ocrx_word' id='word_1_72' title='bbox 1872 908 1959 954; x_wconf 83' lang='lat' dir='ltr'>So-</span> 
     </span>
     <span class='ocr_line' id='line_1_10' title="bbox 341 988 1962 1046; baseline -0.003 -11"><span class='ocrx_word' id='word_1_73' title='bbox 341 989 570 1035; x_wconf 87' lang='lat' dir='ltr'>cietatem</span> <span class='ocrx_word' id='word_1_74' title='bbox 592 998 705 1035; x_wconf 91' lang='lat' dir='ltr'>sunt</span> <span class='ocrx_word' id='word_1_75' title='bbox 729 989 948 1046; x_wconf 80' lang='lat' dir='ltr'>ascripti,</span> <span class='ocrx_word' id='word_1_76' title='bbox 975 989 1054 1045; x_wconf 91' lang='lat' dir='ltr'>qui</span> <span class='ocrx_word' id='word_1_77' title='bbox 1085 1004 1195 1034; x_wconf 91' lang='lat' dir='ltr'>cum</span> <span class='ocrx_word' id='word_1_78' title='bbox 1227 988 1447 1045; x_wconf 89' lang='lat' dir='ltr'>ingeniis,</span> <span class='ocrx_word' id='word_1_79' title='bbox 1481 999 1582 1033; x_wconf 87' lang='lat' dir='ltr'>tum</span> <span class='ocrx_word' id='word_1_80' title='bbox 1613 1002 1735 1032; x_wconf 92' lang='lat' dir='ltr'>vero</span> <span class='ocrx_word' id='word_1_81' title='bbox 1769 1001 1962 1031; x_wconf 89' lang='lat' dir='ltr'>morum</span> 
     </span>
     <span class='ocr_line' id='line_1_11' title="bbox 341 1061 1964 1123; baseline -0.004 -11"><span class='ocrx_word' id='word_1_82' title='bbox 341 1076 388 1112; x_wconf 92' lang='lat' dir='ltr'>et</span> <span class='ocrx_word' id='word_1_83' title='bbox 412 1067 546 1112; x_wconf 88' lang='lat' dir='ltr'>vitae</span> <span class='ocrx_word' id='word_1_84' title='bbox 568 1066 854 1123; x_wconf 88' lang='lat' dir='ltr'>integritate</span> <span class='ocrx_word' id='word_1_85' title='bbox 873 1066 999 1112; x_wconf 86' lang='lat' dir='ltr'>inter</span> <span class='ocrx_word' id='word_1_86' title='bbox 1017 1074 1244 1111; x_wconf 89' lang='lat' dir='ltr'>caeteros</span> <span class='ocrx_word' id='word_1_87' title='bbox 1263 1066 1526 1121; x_wconf 79' lang='lat' dir='ltr'>excellunt,</span> <span class='ocrx_word' id='word_1_88' title='bbox 1547 1064 1722 1120; x_wconf 90' lang='lat' dir='ltr'>reliqui</span> <span class='ocrx_word' id='word_1_89' title='bbox 1741 1078 1800 1108; x_wconf 94' lang='lat' dir='ltr'>eo</span> <span class='ocrx_word' id='word_1_90' title='bbox 1825 1061 1964 1107; x_wconf 74' lang='lat' dir='ltr'>difife-</span> 
     </span>
     <span class='ocr_line' id='line_1_12' title="bbox 342 1139 1964 1200; baseline -0.002 -12"><span class='ocrx_word' id='word_1_91' title='bbox 342 1153 531 1198; x_wconf 84' lang='lat' dir='ltr'>runtur,</span> <span class='ocrx_word' id='word_1_92' title='bbox 554 1152 607 1188; x_wconf 86' lang='lat' dir='ltr'>vt</span> <span class='ocrx_word' id='word_1_93' title='bbox 624 1159 734 1189; x_wconf 90' lang='lat' dir='ltr'>cum</span> <span class='ocrx_word' id='word_1_94' title='bbox 755 1153 948 1200; x_wconf 88' lang='lat' dir='ltr'>tempus</span> <span class='ocrx_word' id='word_1_95' title='bbox 966 1143 1191 1199; x_wconf 91' lang='lat' dir='ltr'>ratioque</span> <span class='ocrx_word' id='word_1_96' title='bbox 1212 1141 1551 1199; x_wconf 87' lang='lat' dir='ltr'>postulauerit,</span> <span class='ocrx_word' id='word_1_97' title='bbox 1573 1139 1876 1186; x_wconf 83' lang='lat' dir='ltr'>Societatem</span> <span class='ocrx_word' id='word_1_98' title='bbox 1900 1139 1964 1184; x_wconf 90' lang='lat' dir='ltr'>in-</span> 
     </span>
     <span class='ocr_line' id='line_1_13' title="bbox 342 1216 1963 1277; baseline -0.003 -12"><span class='ocrx_word' id='word_1_99' title='bbox 342 1220 668 1277; x_wconf 85' lang='lat' dir='ltr'>grediantur)余</span> <span class='ocrx_word' id='word_1_100' title='bbox 690 1220 770 1265; x_wconf 89' lang='lat' dir='ltr'>alii</span> <span class='ocrx_word' id='word_1_101' title='bbox 790 1235 912 1265; x_wconf 87' lang='lat' dir='ltr'>vero</span> <span class='ocrx_word' id='word_1_102' title='bbox 931 1220 1139 1265; x_wconf 88' lang='lat' dir='ltr'>aliarum</span> <span class='ocrx_word' id='word_1_103' title='bbox 1160 1219 1451 1275; x_wconf 84' lang='lat' dir='ltr'>religionum</span> <span class='ocrx_word' id='word_1_104' title='bbox 1471 1217 1675 1263; x_wconf 84' lang='lat' dir='ltr'>studiosi</span> <span class='ocrx_word' id='word_1_105' title='bbox 1695 1216 1765 1273; x_wconf 83' lang='lat' dir='ltr'>(vt</span> <span class='ocrx_word' id='word_1_106' title='bbox 1785 1216 1865 1273; x_wconf 90' lang='lat' dir='ltr'>qui</span> <span class='ocrx_word' id='word_1_107' title='bbox 1882 1231 1963 1260; x_wconf 92' lang='lat' dir='ltr'>no-</span> 
     </span>
     <span class='ocr_line' id='line_1_14' title="bbox 342 1293 1964 1352; baseline -0.003 -10"><span class='ocrx_word' id='word_1_108' title='bbox 342 1305 476 1342; x_wconf 91' lang='lat' dir='ltr'>strae</span> <span class='ocrx_word' id='word_1_109' title='bbox 500 1296 735 1342; x_wconf 84' lang='lat' dir='ltr'>Societati</span> <span class='ocrx_word' id='word_1_110' title='bbox 759 1311 852 1342; x_wconf 90' lang='lat' dir='ltr'>non</span> <span class='ocrx_word' id='word_1_111' title='bbox 879 1305 989 1341; x_wconf 91' lang='lat' dir='ltr'>sunt</span> <span class='ocrx_word' id='word_1_112' title='bbox 1012 1296 1128 1352; x_wconf 83' lang='lat' dir='ltr'>apti,</span> <span class='ocrx_word' id='word_1_113' title='bbox 1157 1296 1235 1340; x_wconf 83' lang='lat' dir='ltr'>vel</span> <span class='ocrx_word' id='word_1_114' title='bbox 1264 1295 1438 1351; x_wconf 89' lang='lat' dir='ltr'>quibus</span> <span class='ocrx_word' id='word_1_115' title='bbox 1468 1294 1594 1339; x_wconf 87' lang='lat' dir='ltr'>alius</span> <span class='ocrx_word' id='word_1_116' title='bbox 1626 1293 1759 1339; x_wconf 87' lang='lat' dir='ltr'>vitae</span> <span class='ocrx_word' id='word_1_117' title='bbox 1785 1293 1964 1349; x_wconf 86' lang='lat' dir='ltr'>degen-</span> 
     </span>
     <span class='ocr_line' id='line_1_15' title="bbox 343 1369 1964 1430; baseline -0.004 -11"><span class='ocrx_word' id='word_1_118' title='bbox 343 1373 436 1419; x_wconf 85' lang='lat' dir='ltr'>dae</span> <span class='ocrx_word' id='word_1_119' title='bbox 461 1374 634 1419; x_wconf 89' lang='lat' dir='ltr'>modus</span> <span class='ocrx_word' id='word_1_120' title='bbox 657 1374 828 1418; x_wconf 89' lang='lat' dir='ltr'>melius</span> <span class='ocrx_word' id='word_1_121' title='bbox 852 1372 1050 1430; x_wconf 88' lang='lat' dir='ltr'>placet),</span> <span class='ocrx_word' id='word_1_122' title='bbox 1072 1373 1129 1417; x_wconf 91' lang='lat' dir='ltr'>iis</span> <span class='ocrx_word' id='word_1_123' title='bbox 1148 1388 1257 1417; x_wconf 91' lang='lat' dir='ltr'>sese</span> <span class='ocrx_word' id='word_1_124' title='bbox 1277 1371 1525 1427; x_wconf 90' lang='lat' dir='ltr'>addicunt,</span> <span class='ocrx_word' id='word_1_125' title='bbox 1551 1380 1601 1415; x_wconf 88' lang='lat' dir='ltr'>vt</span> <span class='ocrx_word' id='word_1_126' title='bbox 1620 1370 1729 1415; x_wconf 91' lang='lat' dir='ltr'>Deo</span> <span class='ocrx_word' id='word_1_127' title='bbox 1749 1369 1964 1425; x_wconf 89' lang='lat' dir='ltr'>omnipo-</span> 
     </span>
     <span class='ocr_line' id='line_1_16' title="bbox 343 1445 1966 1505; baseline -0.003 -10"><span class='ocrx_word' id='word_1_128' title='bbox 343 1451 459 1496; x_wconf 92' lang='lat' dir='ltr'>tenti</span> <span class='ocrx_word' id='word_1_129' title='bbox 494 1451 646 1496; x_wconf 85' lang='lat' dir='ltr'>libere</span> <span class='ocrx_word' id='word_1_130' title='bbox 682 1450 865 1502; x_wconf 59' lang='lat' dir='ltr'>possint</span> <span class='ocrx_word' id='word_1_131' title='bbox 899 1449 1104 1495; x_wconf 90' lang='lat' dir='ltr'>seruire.</span> <span class='ocrx_word' id='word_1_132' title='bbox 1141 1449 1263 1494; x_wconf 91' lang='lat' dir='ltr'>Illud</span> <span class='ocrx_word' id='word_1_133' title='bbox 1288 1457 1553 1505; x_wconf 87' lang='lat' dir='ltr'>praeterea</span> <span class='ocrx_word' id='word_1_134' title='bbox 1587 1446 1795 1502; x_wconf 89' lang='lat' dir='ltr'>accedit,</span> <span class='ocrx_word' id='word_1_135' title='bbox 1838 1445 1966 1502; x_wconf 87' lang='lat' dir='ltr'>quod</span> 
     </span>
     <span class='ocr_line' id='line_1_17' title="bbox 343 1522 1966 1583; baseline -0.003 -11"><span class='ocrx_word' id='word_1_136' title='bbox 343 1543 437 1572; x_wconf 89' lang='lat' dir='ltr'>non</span> <span class='ocrx_word' id='word_1_137' title='bbox 462 1528 570 1572; x_wconf 91' lang='lat' dir='ltr'>leue</span> <span class='ocrx_word' id='word_1_138' title='bbox 594 1527 731 1572; x_wconf 68' lang='lat' dir='ltr'>exist.</span> <span class='ocrx_word' id='word_1_139' title='bbox 757 1542 835 1571; x_wconf 70' lang='lat' dir='ltr'>no:</span> <span class='ocrx_word' id='word_1_140' title='bbox 863 1536 1215 1583; x_wconf 82' lang='lat' dir='ltr'>praeceptores</span> <span class='ocrx_word' id='word_1_141' title='bbox 1238 1540 1450 1581; x_wconf 90' lang='lat' dir='ltr'>namque</span> <span class='ocrx_word' id='word_1_142' title='bbox 1475 1540 1585 1569; x_wconf 84' lang='lat' dir='ltr'>cum</span> <span class='ocrx_word' id='word_1_143' title='bbox 1611 1524 1872 1579; x_wconf 88' lang='lat' dir='ltr'>discipulos</span> <span class='ocrx_word' id='word_1_144' title='bbox 1907 1522 1966 1567; x_wconf 93' lang='lat' dir='ltr'>de</span> 
     </span>
     <span class='ocr_line' id='line_1_18' title="bbox 344 1600 1965 1662; baseline -0.003 -13"><span class='ocrx_word' id='word_1_145' title='bbox 344 1603 634 1662; x_wconf 89' lang='lat' dir='ltr'>juramentis</span> <span class='ocrx_word' id='word_1_146' title='bbox 669 1604 1051 1657; x_wconf 75' lang='lat' dir='ltr'>admonuissent,</span> <span class='ocrx_word' id='word_1_147' title='bbox 1088 1619 1183 1659; x_wconf 92' lang='lat' dir='ltr'>quo</span> <span class='ocrx_word' id='word_1_148' title='bbox 1218 1602 1412 1647; x_wconf 82' lang='lat' dir='ltr'>facilius</span> <span class='ocrx_word' id='word_1_149' title='bbox 1447 1617 1476 1646; x_wconf 87' lang='lat' dir='ltr'>a</span> <span class='ocrx_word' id='word_1_150' title='bbox 1509 1600 1827 1646; x_wconf 88' lang='lat' dir='ltr'>iureiurando</span> <span class='ocrx_word' id='word_1_151' title='bbox 1860 1614 1965 1656; x_wconf 92' lang='lat' dir='ltr'>pos-</span> 
     </span>
     <span class='ocr_line' id='line_1_19' title="bbox 345 1675 1967 1737; baseline -0.004 -11"><span class='ocrx_word' id='word_1_152' title='bbox 345 1690 452 1726; x_wconf 91' lang='lat' dir='ltr'>sent</span> <span class='ocrx_word' id='word_1_153' title='bbox 475 1681 739 1737; x_wconf 89' lang='lat' dir='ltr'>abstinere,</span> <span class='ocrx_word' id='word_1_154' title='bbox 767 1680 980 1725; x_wconf 85' lang='lat' dir='ltr'>nonnulli</span> <span class='ocrx_word' id='word_1_155' title='bbox 1004 1688 1381 1736; x_wconf 88' lang='lat' dir='ltr'>praeceptorum</span> <span class='ocrx_word' id='word_1_156' title='bbox 1408 1677 1684 1723; x_wconf 80' lang='lat' dir='ltr'>effecerunt</span> <span class='ocrx_word' id='word_1_157' title='bbox 1709 1686 1762 1722; x_wconf 86' lang='lat' dir='ltr'>vt</span> <span class='ocrx_word' id='word_1_158' title='bbox 1794 1676 1867 1721; x_wconf 92' lang='lat' dir='ltr'>sui</span> <span class='ocrx_word' id='word_1_159' title='bbox 1901 1675 1967 1720; x_wconf 91' lang='lat' dir='ltr'>di-</span> 
     </span>
     <span class='ocr_line' id='line_1_20' title="bbox 345 1754 1965 1815; baseline -0.003 -12"><span class='ocrx_word' id='word_1_160' title='bbox 345 1759 516 1815; x_wconf 89' lang='lat' dir='ltr'>scipuli</span> <span class='ocrx_word' id='word_1_161' title='bbox 541 1758 588 1803; x_wconf 90' lang='lat' dir='ltr'>in</span> <span class='ocrx_word' id='word_1_162' title='bbox 618 1758 714 1803; x_wconf 92' lang='lat' dir='ltr'>diui</span> <span class='ocrx_word' id='word_1_163' title='bbox 747 1758 993 1803; x_wconf 90' lang='lat' dir='ltr'>Dominici</span> <span class='ocrx_word' id='word_1_164' title='bbox 1026 1757 1340 1802; x_wconf 78' lang='lat' dir='ltr'>fraternitate</span> <span class='ocrx_word' id='word_1_165' title='bbox 1374 1757 1432 1801; x_wconf 91' lang='lat' dir='ltr'>de</span> <span class='ocrx_word' id='word_1_166' title='bbox 1470 1754 1759 1812; x_wconf 87' lang='lat' dir='ltr'>juramentis</span> <span class='ocrx_word' id='word_1_167' title='bbox 1792 1768 1965 1798; x_wconf 89' lang='lat' dir='ltr'>nomen</span> 
     </span>
     <span class='ocr_line' id='line_1_21' title="bbox 346 1829 1967 1892; baseline -0.003 -12"><span class='ocrx_word' id='word_1_168' title='bbox 346 1851 485 1881; x_wconf 88' lang='lat' dir='ltr'>suum</span> <span class='ocrx_word' id='word_1_169' title='bbox 510 1835 877 1892; x_wconf 82' lang='lat' dir='ltr'>profiterentur3</span> <span class='ocrx_word' id='word_1_170' title='bbox 904 1851 1000 1891; x_wconf 93' lang='lat' dir='ltr'>qua</span> <span class='ocrx_word' id='word_1_171' title='bbox 1025 1844 1227 1880; x_wconf 89' lang='lat' dir='ltr'>cautum</span> <span class='ocrx_word' id='word_1_172' title='bbox 1251 1844 1340 1889; x_wconf 90' lang='lat' dir='ltr'>est,</span> <span class='ocrx_word' id='word_1_173' title='bbox 1368 1848 1461 1878; x_wconf 90' lang='lat' dir='ltr'>non</span> <span class='ocrx_word' id='word_1_174' title='bbox 1487 1832 1644 1877; x_wconf 91' lang='lat' dir='ltr'>solum</span> <span class='ocrx_word' id='word_1_175' title='bbox 1674 1847 1735 1876; x_wconf 90' lang='lat' dir='ltr'>ne</span> <span class='ocrx_word' id='word_1_176' title='bbox 1759 1831 1865 1888; x_wconf 90' lang='lat' dir='ltr'>quis</span> <span class='ocrx_word' id='word_1_177' title='bbox 1899 1829 1967 1875; x_wconf 90' lang='lat' dir='ltr'>iu-</span> 
     </span>
     <span class='ocr_line' id='line_1_22' title="bbox 347 1907 1966 1969; baseline -0.004 -11"><span class='ocrx_word' id='word_1_178' title='bbox 347 1922 439 1969; x_wconf 90' lang='lat' dir='ltr'>ret,</span> <span class='ocrx_word' id='word_1_179' title='bbox 466 1913 551 1958; x_wconf 92' lang='lat' dir='ltr'>sed</span> <span class='ocrx_word' id='word_1_180' title='bbox 584 1913 804 1958; x_wconf 88' lang='lat' dir='ltr'>iurantes</span> <span class='ocrx_word' id='word_1_181' title='bbox 839 1913 987 1958; x_wconf 90' lang='lat' dir='ltr'>etiam</span> <span class='ocrx_word' id='word_1_182' title='bbox 1021 1912 1240 1956; x_wconf 86' lang='lat' dir='ltr'>modeste</span> <span class='ocrx_word' id='word_1_183' title='bbox 1274 1920 1320 1956; x_wconf 90' lang='lat' dir='ltr'>et</span> <span class='ocrx_word' id='word_1_184' title='bbox 1355 1910 1514 1955; x_wconf 88' lang='lat' dir='ltr'>amice</span> <span class='ocrx_word' id='word_1_185' title='bbox 1548 1909 1799 1965; x_wconf 88' lang='lat' dir='ltr'>corripiat.</span> <span class='ocrx_word' id='word_1_186' title='bbox 1842 1907 1966 1953; x_wconf 89' lang='lat' dir='ltr'>Cum</span> 
     </span>
     <span class='ocr_line' id='line_1_23' title="bbox 347 1985 1968 2046; baseline -0.004 -11"><span class='ocrx_word' id='word_1_187' title='bbox 347 2005 470 2035; x_wconf 84' lang='lat' dir='ltr'>vero</span> <span class='ocrx_word' id='word_1_188' title='bbox 495 2005 557 2035; x_wconf 77' lang='lat' dir='ltr'>ex</span> <span class='ocrx_word' id='word_1_189' title='bbox 580 1990 761 2035; x_wconf 90' lang='lat' dir='ltr'>nostris</span> <span class='ocrx_word' id='word_1_190' title='bbox 784 1990 981 2046; x_wconf 91' lang='lat' dir='ltr'>quidam</span> <span class='ocrx_word' id='word_1_191' title='bbox 1005 1989 1329 2034; x_wconf 87' lang='lat' dir='ltr'>scholasticus</span> <span class='ocrx_word' id='word_1_192' title='bbox 1354 1988 1595 2032; x_wconf 87' lang='lat' dir='ltr'>iurantem</span> <span class='ocrx_word' id='word_1_193' title='bbox 1630 1987 1791 2031; x_wconf 85' lang='lat' dir='ltr'>virum</span> <span class='ocrx_word' id='word_1_194' title='bbox 1816 1986 1861 2030; x_wconf 91' lang='lat' dir='ltr'>in</span> <span class='ocrx_word' id='word_1_195' title='bbox 1886 1985 1968 2030; x_wconf 91' lang='lat' dir='ltr'>via</span> 
     </span>
     <span class='ocr_line' id='line_1_24' title="bbox 349 2062 1966 2122; baseline -0.004 -10"><span class='ocrx_word' id='word_1_196' title='bbox 349 2067 478 2112; x_wconf 81' lang='lat' dir='ltr'>forte</span> <span class='ocrx_word' id='word_1_197' title='bbox 503 2067 808 2121; x_wconf 79' lang='lat' dir='ltr'>offendisset,</span> <span class='ocrx_word' id='word_1_198' title='bbox 835 2067 1172 2122; x_wconf 91' lang='lat' dir='ltr'>beneuoloque</span> <span class='ocrx_word' id='word_1_199' title='bbox 1200 2065 1364 2110; x_wconf 90' lang='lat' dir='ltr'>animo</span> <span class='ocrx_word' id='word_1_200' title='bbox 1391 2063 1742 2120; x_wconf 88' lang='lat' dir='ltr'>admonuisset,</span> <span class='ocrx_word' id='word_1_201' title='bbox 1775 2062 1966 2118; x_wconf 89' lang='lat' dir='ltr'>iniquis-</span> 
     </span>
     <span class='ocr_line' id='line_1_25' title="bbox 349 2139 1966 2200; baseline -0.004 -11"><span class='ocrx_word' id='word_1_202' title='bbox 349 2145 471 2189; x_wconf 91' lang='lat' dir='ltr'>simo</span> <span class='ocrx_word' id='word_1_203' title='bbox 497 2145 658 2189; x_wconf 89' lang='lat' dir='ltr'>animo</span> <span class='ocrx_word' id='word_1_204' title='bbox 682 2144 760 2189; x_wconf 87' lang='lat' dir='ltr'>ille</span> <span class='ocrx_word' id='word_1_205' title='bbox 784 2144 907 2200; x_wconf 84' lang='lat' dir='ltr'>tulit,</span> <span class='ocrx_word' id='word_1_206' title='bbox 935 2143 1059 2188; x_wconf 88' lang='lat' dir='ltr'>adeo</span> <span class='ocrx_word' id='word_1_207' title='bbox 1084 2152 1137 2188; x_wconf 88' lang='lat' dir='ltr'>vt</span> <span class='ocrx_word' id='word_1_208' title='bbox 1160 2143 1234 2187; x_wconf 87' lang='lat' dir='ltr'>ira</span> <span class='ocrx_word' id='word_1_209' title='bbox 1258 2141 1474 2198; x_wconf 88' lang='lat' dir='ltr'>percitus</span> <span class='ocrx_word' id='word_1_210' title='bbox 1498 2143 1692 2197; x_wconf 87' lang='lat' dir='ltr'>alapam</span> <span class='ocrx_word' id='word_1_211' title='bbox 1711 2154 1866 2196; x_wconf 89' lang='lat' dir='ltr'>puero</span> <span class='ocrx_word' id='word_1_212' title='bbox 1885 2139 1966 2184; x_wconf 91' lang='lat' dir='ltr'>im-</span> 
     </span>
     <span class='ocr_line' id='line_1_26' title="bbox 350 2216 1968 2277; baseline -0.004 -11"><span class='ocrx_word' id='word_1_213' title='bbox 350 2222 557 2277; x_wconf 82' lang='lat' dir='ltr'>pegerit,</span> <span class='ocrx_word' id='word_1_214' title='bbox 596 2222 925 2277; x_wconf 87' lang='lat' dir='ltr'>continuoque</span> <span class='ocrx_word' id='word_1_215' title='bbox 960 2220 1162 2277; x_wconf 87' lang='lat' dir='ltr'>sanguis</span> <span class='ocrx_word' id='word_1_216' title='bbox 1198 2235 1223 2264; x_wconf 95' lang='lat' dir='ltr'>e</span> <span class='ocrx_word' id='word_1_217' title='bbox 1257 2219 1457 2264; x_wconf 91' lang='lat' dir='ltr'>naribus</span> <span class='ocrx_word' id='word_1_218' title='bbox 1492 2228 1789 2274; x_wconf 89' lang='lat' dir='ltr'>erumperet.</span> <span class='ocrx_word' id='word_1_219' title='bbox 1824 2216 1968 2272; x_wconf 82' lang='lat' dir='ltr'>Quod</span> 
     </span>
     <span class='ocr_line' id='line_1_27' title="bbox 350 2292 1965 2354; baseline -0.004 -11"><span class='ocrx_word' id='word_1_220' title='bbox 350 2313 509 2354; x_wconf 90' lang='lat' dir='ltr'>aequo</span> <span class='ocrx_word' id='word_1_221' title='bbox 533 2298 695 2342; x_wconf 89' lang='lat' dir='ltr'>animo</span> <span class='ocrx_word' id='word_1_222' title='bbox 720 2297 956 2342; x_wconf 90' lang='lat' dir='ltr'>candidus</span> <span class='ocrx_word' id='word_1_223' title='bbox 990 2312 1112 2353; x_wconf 92' lang='lat' dir='ltr'>puer</span> <span class='ocrx_word' id='word_1_224' title='bbox 1140 2295 1321 2352; x_wconf 75' lang='lat' dir='ltr'>ferens,</span> <span class='ocrx_word' id='word_1_225' title='bbox 1358 2303 1561 2352; x_wconf 90' lang='lat' dir='ltr'>propter</span> <span class='ocrx_word' id='word_1_226' title='bbox 1594 2293 1771 2349; x_wconf 89' lang='lat' dir='ltr'>Deum,</span> <span class='ocrx_word' id='word_1_227' title='bbox 1799 2292 1965 2348; x_wconf 86' lang='lat' dir='ltr'>inquit,</span> 
     </span>
     <span class='ocr_line' id='line_1_28' title="bbox 352 2369 1966 2431; baseline -0.004 -12"><span class='ocrx_word' id='word_1_228' title='bbox 352 2375 444 2420; x_wconf 85' lang='lat' dir='ltr'>ista</span> <span class='ocrx_word' id='word_1_229' title='bbox 468 2375 675 2420; x_wconf 90' lang='lat' dir='ltr'>libenter</span> <span class='ocrx_word' id='word_1_230' title='bbox 699 2374 875 2431; x_wconf 75' lang='lat' dir='ltr'>feram,</span> <span class='ocrx_word' id='word_1_231' title='bbox 903 2390 930 2419; x_wconf 89' lang='lat' dir='ltr'>a</span> <span class='ocrx_word' id='word_1_232' title='bbox 956 2383 1003 2419; x_wconf 91' lang='lat' dir='ltr'>te</span> <span class='ocrx_word' id='word_1_233' title='bbox 1026 2382 1191 2419; x_wconf 90' lang='lat' dir='ltr'>tamen</span> <span class='ocrx_word' id='word_1_234' title='bbox 1216 2381 1345 2429; x_wconf 87' lang='lat' dir='ltr'>peto,</span> <span class='ocrx_word' id='word_1_235' title='bbox 1374 2381 1425 2417; x_wconf 78' lang='lat' dir='ltr'>vt</span> <span class='ocrx_word' id='word_1_236' title='bbox 1450 2371 1563 2416; x_wconf 86' lang='lat' dir='ltr'>mihi</span> <span class='ocrx_word' id='word_1_237' title='bbox 1598 2370 1806 2415; x_wconf 90' lang='lat' dir='ltr'>inflictus</span> <span class='ocrx_word' id='word_1_238' title='bbox 1839 2369 1966 2414; x_wconf 89' lang='lat' dir='ltr'>cola-</span> 
     </span>
     <span class='ocr_line' id='line_1_29' title="bbox 351 2447 1968 2507; baseline -0.003 -11"><span class='ocrx_word' id='word_1_239' title='bbox 351 2452 471 2507; x_wconf 91' lang='lat' dir='ltr'>phus</span> <span class='ocrx_word' id='word_1_240' title='bbox 496 2452 556 2497; x_wconf 92' lang='lat' dir='ltr'>sit</span> <span class='ocrx_word' id='word_1_241' title='bbox 579 2452 660 2497; x_wconf 89' lang='lat' dir='ltr'>tibi</span> <span class='ocrx_word' id='word_1_242' title='bbox 686 2450 1040 2498; x_wconf 88' lang='lat' dir='ltr'>emendationis</span> <span class='ocrx_word' id='word_1_243' title='bbox 1064 2463 1232 2499; x_wconf 80' lang='lat' dir='ltr'>causa:</span> <span class='ocrx_word' id='word_1_244' title='bbox 1261 2449 1433 2505; x_wconf 90' lang='lat' dir='ltr'>quibus</span> <span class='ocrx_word' id='word_1_245' title='bbox 1453 2447 1622 2493; x_wconf 87' lang='lat' dir='ltr'>verbis</span> <span class='ocrx_word' id='word_1_246' title='bbox 1650 2448 1729 2492; x_wconf 90' lang='lat' dir='ltr'>ille</span> <span class='ocrx_word' id='word_1_247' title='bbox 1752 2462 1968 2492; x_wconf 88' lang='lat' dir='ltr'>commo-</span> 
     </span>
     <span class='ocr_line' id='line_1_30' title="bbox 351 2523 1966 2585; baseline -0.004 -11"><span class='ocrx_word' id='word_1_248' title='bbox 351 2537 429 2573; x_wconf 86' lang='lat' dir='ltr'>tus</span> <span class='ocrx_word' id='word_1_249' title='bbox 453 2544 661 2585; x_wconf 88' lang='lat' dir='ltr'>grauem</span> <span class='ocrx_word' id='word_1_250' title='bbox 687 2529 809 2573; x_wconf 88' lang='lat' dir='ltr'>iram</span> <span class='ocrx_word' id='word_1_251' title='bbox 835 2538 882 2573; x_wconf 93' lang='lat' dir='ltr'>et</span> <span class='ocrx_word' id='word_1_252' title='bbox 905 2527 1124 2572; x_wconf 74' lang='lat' dir='ltr'>furorem</span> <span class='ocrx_word' id='word_1_253' title='bbox 1151 2542 1245 2582; x_wconf 91' lang='lat' dir='ltr'>quo</span> <span class='ocrx_word' id='word_1_254' title='bbox 1270 2527 1416 2570; x_wconf 90' lang='lat' dir='ltr'>modo</span> <span class='ocrx_word' id='word_1_255' title='bbox 1439 2526 1605 2570; x_wconf 80' lang='lat' dir='ltr'>fuerat</span> <span class='ocrx_word' id='word_1_256' title='bbox 1623 2533 1900 2584; x_wconf 85' lang='lat' dir='ltr'>correptus,</span> <span class='ocrx_word' id='word_1_257' title='bbox 1922 2523 1966 2567; x_wconf 90' lang='lat' dir='ltr'>in</span> 
     </span>
     <span class='ocr_line' id='line_1_31' title="bbox 353 2600 1968 2660; baseline -0.003 -10"><span class='ocrx_word' id='word_1_258' title='bbox 353 2606 741 2650; x_wconf 84' lang='lat' dir='ltr'>misericordiam</span> <span class='ocrx_word' id='word_1_259' title='bbox 767 2614 815 2650; x_wconf 94' lang='lat' dir='ltr'>et</span> <span class='ocrx_word' id='word_1_260' title='bbox 838 2604 1193 2660; x_wconf 81' lang='lat' dir='ltr'>benignitatem</span> <span class='ocrx_word' id='word_1_261' title='bbox 1224 2602 1485 2660; x_wconf 84' lang='lat' dir='ltr'>conuertit,</span> <span class='ocrx_word' id='word_1_262' title='bbox 1522 2613 1568 2647; x_wconf 88' lang='lat' dir='ltr'>et</span> <span class='ocrx_word' id='word_1_263' title='bbox 1602 2600 1817 2646; x_wconf 91' lang='lat' dir='ltr'>anteacti</span> <span class='ocrx_word' id='word_1_264' title='bbox 1850 2600 1968 2645; x_wconf 75' lang='lat' dir='ltr'>facti</span> 
     </span>
     <span class='ocr_line' id='line_1_32' title="bbox 353 2676 1966 2739; baseline -0.004 -12"><span class='ocrx_word' id='word_1_265' title='bbox 353 2682 650 2739; x_wconf 89' lang='lat' dir='ltr'>poenitentia</span> <span class='ocrx_word' id='word_1_266' title='bbox 674 2681 864 2735; x_wconf 75' lang='lat' dir='ltr'>ductus,</span> <span class='ocrx_word' id='word_1_267' title='bbox 893 2681 1082 2726; x_wconf 85' lang='lat' dir='ltr'>blandis</span> <span class='ocrx_word' id='word_1_268' title='bbox 1107 2679 1271 2724; x_wconf 88' lang='lat' dir='ltr'>verbis</span> <span class='ocrx_word' id='word_1_269' title='bbox 1305 2689 1352 2725; x_wconf 92' lang='lat' dir='ltr'>et</span> <span class='ocrx_word' id='word_1_270' title='bbox 1385 2678 1675 2736; x_wconf 88' lang='lat' dir='ltr'>quibusdam</span> <span class='ocrx_word' id='word_1_271' title='bbox 1709 2676 1847 2734; x_wconf 88' lang='lat' dir='ltr'>quasi</span> <span class='ocrx_word' id='word_1_272' title='bbox 1872 2676 1966 2721; x_wconf 90' lang='lat' dir='ltr'>ille-</span> 
     </span>
     <span class='ocr_line' id='line_1_33' title="bbox 352 2752 1968 2814; baseline -0.004 -11"><span class='ocrx_word' id='word_1_273' title='bbox 352 2759 513 2803; x_wconf 90' lang='lat' dir='ltr'>cebris</span> <span class='ocrx_word' id='word_1_274' title='bbox 536 2773 689 2814; x_wconf 88' lang='lat' dir='ltr'>puero</span> <span class='ocrx_word' id='word_1_275' title='bbox 713 2758 841 2814; x_wconf 70' lang='lat' dir='ltr'>cepi:</span> <span class='ocrx_word' id='word_1_276' title='bbox 867 2756 1089 2809; x_wconf 82' lang='lat' dir='ltr'>blandiri余</span> <span class='ocrx_word' id='word_1_277' title='bbox 1117 2765 1164 2800; x_wconf 93' lang='lat' dir='ltr'>et</span> <span class='ocrx_word' id='word_1_278' title='bbox 1188 2755 1325 2811; x_wconf 83' lang='lat' dir='ltr'>quasi</span> <span class='ocrx_word' id='word_1_279' title='bbox 1345 2755 1528 2800; x_wconf 86' lang='lat' dir='ltr'>illatam</span> <span class='ocrx_word' id='word_1_280' title='bbox 1559 2752 1786 2810; x_wconf 87' lang='lat' dir='ltr'>injuriam</span> <span class='ocrx_word' id='word_1_281' title='bbox 1823 2752 1968 2797; x_wconf 87' lang='lat' dir='ltr'>vellet</span> 
     </span>
     <span class='ocr_line' id='line_1_34' title="bbox 354 2829 1964 2891; baseline -0.004 -11"><span class='ocrx_word' id='word_1_282' title='bbox 354 2836 539 2891; x_wconf 86' lang='lat' dir='ltr'>leuare,</span> <span class='ocrx_word' id='word_1_283' title='bbox 566 2835 858 2891; x_wconf 87' lang='lat' dir='ltr'>deprompto</span> <span class='ocrx_word' id='word_1_284' title='bbox 893 2833 1141 2879; x_wconf 90' lang='lat' dir='ltr'>sudariolo</span> <span class='ocrx_word' id='word_1_285' title='bbox 1181 2834 1430 2888; x_wconf 84' lang='lat' dir='ltr'>lacrymas</span> <span class='ocrx_word' id='word_1_286' title='bbox 1468 2831 1594 2876; x_wconf 87' lang='lat' dir='ltr'>illius</span> <span class='ocrx_word' id='word_1_287' title='bbox 1628 2829 1964 2885; x_wconf 83' lang='lat' dir='ltr'>abstergebat,</span> 
     </span>
     <span class='ocr_line' id='line_1_35' title="bbox 355 2906 1968 2968; baseline -0.004 -11"><span class='ocrx_word' id='word_1_288' title='bbox 355 2911 571 2957; x_wconf 74' lang='lat' dir='ltr'>offerens</span> <span class='ocrx_word' id='word_1_289' title='bbox 595 2921 859 2968; x_wconf 89' lang='lat' dir='ltr'>praeterea</span> <span class='ocrx_word' id='word_1_290' title='bbox 883 2910 1178 2963; x_wconf 76' lang='lat' dir='ltr'>sestertium3</span> <span class='ocrx_word' id='word_1_291' title='bbox 1200 2924 1309 2954; x_wconf 92' lang='lat' dir='ltr'>cum</span> <span class='ocrx_word' id='word_1_292' title='bbox 1334 2919 1497 2953; x_wconf 88' lang='lat' dir='ltr'>tamen</span> <span class='ocrx_word' id='word_1_293' title='bbox 1522 2909 1655 2953; x_wconf 88' lang='lat' dir='ltr'>illum</span> <span class='ocrx_word' id='word_1_294' title='bbox 1679 2923 1801 2964; x_wconf 90' lang='lat' dir='ltr'>puer</span> <span class='ocrx_word' id='word_1_295' title='bbox 1819 2906 1968 2951; x_wconf 91' lang='lat' dir='ltr'>nollet</span> 
     </span>
     <span class='ocr_line' id='line_1_36' title="bbox 356 2986 1965 3045; baseline -0.004 -11"><span class='ocrx_word' id='word_1_296' title='bbox 356 2989 597 3045; x_wconf 88' lang='lat' dir='ltr'>accipere,</span> <span class='ocrx_word' id='word_1_297' title='bbox 631 2989 756 3034; x_wconf 90' lang='lat' dir='ltr'>alter</span> <span class='ocrx_word' id='word_1_298' title='bbox 789 3003 911 3034; x_wconf 90' lang='lat' dir='ltr'>vero</span> <span class='ocrx_word' id='word_1_299' title='bbox 946 2996 1122 3033; x_wconf 87' lang='lat' dir='ltr'>contra</span> <span class='ocrx_word' id='word_1_300' title='bbox 1154 2986 1672 3042; x_wconf 89' lang='lat' dir='ltr'>precibus-insisteret,</span> <span class='ocrx_word' id='word_1_301' title='bbox 1709 2992 1965 3039; x_wconf 86' lang='lat' dir='ltr'>acceptum</span> 
     </span>
     <span class='ocr_line' id='line_1_37' title="bbox 354 3059 1962 3110; baseline -0.004 1"><span class='ocrx_word' id='word_1_302' title='bbox 354 3065 550 3110; x_wconf 88' lang='lat' dir='ltr'>tandem</span> <span class='ocrx_word' id='word_1_303' title='bbox 575 3065 620 3110; x_wconf 90' lang='lat' dir='ltr'>in</span> <span class='ocrx_word' id='word_1_304' title='bbox 646 3081 815 3110; x_wconf 88' lang='lat' dir='ltr'>arcam</span> <span class='ocrx_word' id='word_1_305' title='bbox 841 3064 936 3110; x_wconf 86' lang='lat' dir='ltr'>diui</span> <span class='ocrx_word' id='word_1_306' title='bbox 963 3063 1204 3108; x_wconf 86' lang='lat' dir='ltr'>Dominici</span> <span class='ocrx_word' id='word_1_307' title='bbox 1230 3063 1290 3107; x_wconf 92' lang='lat' dir='ltr'>ad</span> <span class='ocrx_word' id='word_1_308' title='bbox 1321 3063 1367 3107; x_wconf 91' lang='lat' dir='ltr'>id</span> <span class='ocrx_word' id='word_1_309' title='bbox 1392 3062 1705 3107; x_wconf 84' lang='lat' dir='ltr'>constitutam</span> <span class='ocrx_word' id='word_1_310' title='bbox 1742 3059 1962 3105; x_wconf 90' lang='lat' dir='ltr'>coniecit.</span> 
     </span>
    </p>
   </div>
  </div>
 </body>
</html>
