2051 3516
297 294 364 330 110
758 296 973 332 LITTERAE
1001 296 1353 341 QUADfflMEsrREs

246 405 409 435 merus
433 391 834 436 sexcentenarius
869 406 1020 448 prope
1055 400 1143 435 est.
1181 388 1601 435 Scholasticorum
1638 405 1760 435 vero
1791 391 1859 435 al-

245 467 646 523 phabetariorum
681 468 759 523 qui
800 467 1028 524 priuatim
1066 483 1095 511 a
1134 466 1456 523 paedagogiS‚
1499 482 1708 523 quorum
1747 465 1857 511 fidei

244 543 511 587 concrediti
549 552 674 599 sunt,
714 543 1044 599 instituuntur,
1082 543 1227 587 turba
1262 541 1670 586 ducentenarium
1710 541 1857 587 facile

244 632 500 662 numerum
524 619 750 676 complet,
778 633 903 675 qnos
926 618 1039 662 licet
1067 620 1365 662 numeratos
1387 617 1534 661 lzcmd
1553 617 1854 674 habeamus,

240 693 496 749 probabili
516 698 687 739 tamen
720 695 1009 739 coniectura
1035 695 1105 738 ita
1132 706 1469 737 recensemus.

306 770 372 814 17.
440 770 758 815 Demirantur
797 780 1028 825 parentes
1067 769 1349 825 liberorum,
1393 778 1495 814 tum
1531 768 1578 812 in
1617 770 1857 827 moribus,

243 854 343 890 tum
370 845 414 890 in
438 846 604 902 literis,
634 845 925 902 profectum,
953 846 1107 901 deque
1132 844 1382 889 Societate
1406 853 1577 889 nostra
1608 845 1754 902 longe
1791 847 1856 891 la-

242 932 385 977 teque
419 938 662 967 rumorem
696 930 712 948 ³
746 930 1001 978 spargunt3
1041 922 1167 966 adeo
1201 925 1253 965 vt
1279 921 1485 976 passim
1518 921 1571 965 in
1601 923 1857 968 conuiuiis

242 999 575 1056 nostrz'fama
598 999 873 1055 honorifice
891 1013 976 1044 ore
994 999 1223 1043 omnium
1243 998 1532 1043 celebretur.
1560 998 1703 1044 Adde
1727 1001 1857 1056 quod

241 1077 540 1131 plaeraeque
559 1076 785 1120 ciuitates
804 1076 1096 1120 aruernicae
1115 1085 1336 1119 nostrum
1355 1074 1633 1131 collegium,
1655 1077 1735 1121 vel
1753 1076 1853 1122 suis

244 1151 511 1207 impendiis,
540 1152 599 1196 ad
623 1167 675 1196 se
700 1152 926 1207 pellicere
950 1151 1303 1196 contenderint.

302 1226 368 1272 18.
437 1227 475 1271 E
509 1228 717 1283 collegio
751 1226 1036 1272 turnonensi
1075 1243 1103 1271 a
1135 1226 1372 1271 cardinali
1407 1226 1511 1271 eius
1549 1228 1855 1283 cognominis

240 1312 484 1357 extructo,
512 1303 863 1359 quinquaginta
898 1303 1073 1348 abhinc
1107 1303 1375 1348 miliaribus
1410 1303 1594 1359 dissito,
1633 1304 1854 1361 discipuli

239 1378 425 1433 aliquot
460 1378 742 1423 confluxere
776 1379 836 1423 ad
870 1394 972 1423 nos.
1019 1378 1094 1423 Ex
1127 1379 1441 1423 issiodorensi
1475 1379 1732 1425 academia
1756 1396 1853 1425 non

238 1454 380 1510 pauci
404 1455 496 1499 huc
519 1470 570 1499 se
594 1454 910 1500 transferunt.
938 1454 1064 1499 Hinc
1087 1455 1243 1500 cuiuis
1262 1455 1549 1500 ratiocinari
1575 1466 1853 1513 promptum

239 1541 311 1575 est
335 1530 637 1575 Societatem
664 1531 795 1586 sese!
819 1531 963 1575 leand
984 1531 1150 1587 infimi
1172 1532 1396 1576 rrzonzz'm's
1430 1534 1567 1587 apud
1600 1546 1854 1578 czrnernos

244 1607 460 1651 existere
495 1606 528 1651 b.

301 1681 367 1726 19.
435 1681 683 1738 Quantum
710 1698 827 1728 vero
852 1683 913 1728 ad
945 1684 1137 1740 collegii
1171 1684 1309 1729 nobis
1342 1684 1564 1741 erigendi
1597 1694 1744 1741 atque
1769 1687 1849 1730 do-

237 1758 369 1802 tandi
403 1774 536 1813 spem
571 1760 758 1815 attinet,
799 1760 1004 1804 solidam
1038 1759 1265 1805 fiduciam
1299 1761 1358 1805 de
1393 1776 1633 1817 prospero
1668 1772 1846 1807 euentu

239 1833 567 1889 concepimus
594 1836 883 1889 praesertim
916 1851 1060 1891 quum
1096 1837 1291 1881 ineunte
1326 1836 1596 1881 Nouembri
1631 1838 1745 1882 anni
1768 1853 1850 1883 nu-

241 1909 452 1964 perrime
477 1910 643 1965 elapsi,
676 1911 983 1956 venerandus
1017 1912 1236 1967 pontifex
1269 1914 1673 1958 claromontanus
1707 1913 1850 1959 Bilio-

239 1999 369 2028 mum
395 1985 585 2030 venerit
610 1996 655 2030 et
680 1986 838 2031 locum
862 2003 946 2032 seu
970 1989 1127 2033 solum
1147 1989 1356 2044 collegio
1375 2004 1435 2034 ac
1454 1991 1635 2046 templo
1659 1991 1850 2047 erigen-

237 2061 296 2104 do
320 2061 509 2106 arbitrii
548 2062 619 2106 sui
655 2063 853 2108 decreto
878 2064 1211 2120 designauerit
1237 2065 1351 2121 (qua
1385 2066 1443 2110 de
1479 2082 1532 2111 re
1563 2067 1691 2112 haud
1729 2068 1849 2113 leuis

235 2136 398 2181 fuerat
420 2137 545 2182 inter
568 2139 701 2184 ciues
725 2141 1083 2197 controuersia)
1108 2142 1153 2186 in
1177 2143 1370 2197 publico
1393 2143 1718 2199 magistratus
1737 2160 1847 2189 con-

237 2227 389 2270 sessu,
416 2212 508 2258 fide
532 2215 865 2270 promissionis
889 2217 1004 2261 data
1029 2233 1138 2262 cum
1164 2219 1378 2264 maxima
1408 2219 1621 2264 omnium
1655 2234 1845 2266 recrea-

236 2288 369 2332 tione
395 2294 410 2315 ‘³
433 2304 485 2334 se
507 2290 675 2345 viginti
700 2291 908 2347 quinque
931 2292 1215 2339 francorum
1235 2295 1366 2340 milia
1384 2297 1462 2351 pio
1480 2296 1591 2341 huic
1609 2297 1746 2353 operi
1765 2297 1848 2342 im-

237 2378 511 2419 pensurum.
536 2365 698 2422 Quam
729 2368 1100 2422 promissionem
1133 2371 1320 2416 ciuibus
1354 2373 1640 2427 praestitam
1674 2373 1846 2418 conflr-

236 2449 370 2485 mant
412 2441 586 2487 literae
620 2442 783 2500 ipsiuS‚
820 2460 942 2500 quas
980 2462 1066 2501 per
1106 2449 1416 2493 venerandos
1449 2448 1625 2494 Patres
1658 2449 1719 2496 D.
1756 2450 1846 2496 Pa-

235 2516 478 2562 schasium
503 2520 515 2542 ¹
541 2533 601 2563 ac
619 2518 680 2564 D.
703 2519 976 2576 Baptistam
1000 2522 1062 2566 ad
1082 2523 1363 2569 vniuersam
1404 2526 1846 2582 congregationem

234 2591 442 2638 Romam
462 2593 619 2650 mittit,
632 2595 813 2652 quibus
831 2597 1001 2642 decem
1021 2612 1297 2645 aureorum
1317 2601 1461 2646 milia
1480 2601 1689 2659 collegio
1708 2602 1842 2648 bz'lz'o-
1905 2642 1913 2647 ,

235 2669 400 2713 mensi
410 2670 693 2728 pollicetur,
715 2673 850 2728 qnod
865 2674 1068 2730 quidem
1087 2675 1264 2720 literas
1282 2676 1449 2732 ipsius
1462 2678 1846 2734 perlegentibus

235 2744 330 2787 erit
348 2745 698 2800 perspicuum.
721 2747 917 2794 Interea
941 2749 1125 2795 victum
1160 2752 1440 2808 cultumque
1464 2754 1688 2810 corporis
1705 2755 1845 2800 nobis

280 2883 297 2903 ἃ
364 2878 619 2916 honorificum
638 2894 852 2920 rumorem.
908 2884 971 2911 —b
1038 2886 1259 2932 cujusmodi
1279 2886 1329 2922 sit
1348 2887 1453 2933 apud
1471 2899 1666 2924 aruernos
1682 2894 1846 2926 nostrae

235 2934 446 2972 Societatis
466 2951 621 2975 nomen.
681 2948 736 2968 ——C
786 2942 953 2980 laetitia.

283 3061 291 3079 ¹
344 3060 386 3097 P.
408 3061 646 3099 Paschasius
664 3063 797 3110 Broe't‚
820 3066 859 3102 in
878 3066 1015 3103 Gallia
1035 3069 1305 3114 provincialis.

2043 538 2051 622 >Ah-„⁴
2039 323 2051 527 ‹a<1m.=na·›„·.¹·9
2040 284 2051 302 ul
2043 211 2051 258 *Hx
2035 143 2051 194 ·'-s
