2051 3516
403 276 472 313 792
865 276 1087 313 LITTERAE
1113 278 1466 323 QUADRIMESTRES

357 375 534 429 templo
579 374 738 419 Diuae
783 374 990 427 Mariae,
1039 374 1213 429 quibus
1252 374 1689 420 exercitationibus
1728 385 1775 421 et
1813 376 1974 421 studia

356 452 570 505 aluntur,
598 459 646 494 et
671 449 833 505 opinio
858 449 1055 505 collegii
1088 451 1245 496 nostri
1281 450 1491 496 celebris
1525 466 1613 506 per
1647 452 1818 496 urbem
1843 467 1975 497 ema-

355 537 453 571 nat.
481 526 607 571 Nam
641 541 750 571 cum
773 541 943 571 omnes
978 536 1293 573 mercaturae
1329 528 1476 573 rebus
1499 527 1595 574 sint
1617 528 1865 585 implicati,
1893 529 1972 573 mi-

357 612 530 647 rantur
567 602 606 647 si
647 602 844 658 quando
884 619 1092 659 puerum
1131 604 1343 659 aliquem
1384 604 1576 660 publice
1614 605 1974 651 declamantem

353 678 572 733 audiunt,
595 689 642 723 et
666 678 893 734 arrectis,
917 679 1045 735 quod
1069 680 1222 736 aiunt⁷
1244 680 1448 726 auribus
1467 690 1632 727 astant
1656 681 1726 726 rei
1751 682 1972 727 nouitate

354 755 580 811 perculsi.
608 755 818 811 Reliqua
843 755 1191 812 discipulorum
1217 757 1473 812 exercitia,
1501 766 1553 803 ut
1576 757 1798 803 confiteri
1823 760 1973 803 semel

352 832 398 876 in
438 846 620 888 mense,
664 832 940 877 doctrinam
976 833 1295 878 christianam
1330 835 1601 880 memoriae
1633 835 1888 891 mandare,
1925 845 1973 880 et

351 909 502 954 semel
525 909 572 954 in
596 909 908 954 hebdomada
932 910 1154 955 concioni
1179 910 1238 955 de
1264 911 1437 955 eadem
1462 910 1689 956 doctrina
1712 911 1970 968 interesse,

351 986 516 1032 omnia
540 987 599 1031 de
624 1002 761 1031 more
785 985 920 1035 fiunt.
948 996 1097 1043 atque
1122 987 1307 1032 utinam
1341 987 1556 1032 uberiori
1581 1003 1776 1044 semper
1800 988 1845 1032 in
1870 988 1972 1033 dies

352 1063 437 1109 fiat
461 1064 644 1121 fructu,
672 1064 801 1120 quod
826 1079 913 1108 nos
937 1074 1172 1121 quantum
1197 1063 1398 1109 efficere
1432 1065 1644 1121 enitique
1683 1065 1978 1122 poterimust

351 1140 574 1186 facturos
598 1141 903 1197 pollicemur,
934 1141 1128 1186 veniam
1153 1141 1437 1198 suppliciter
1466 1143 1772 1197 postulantes
1797 1143 1835 1187 si
1860 1142 1972 1198 quid

351 1218 589 1263 hactenus
609 1217 799 1263 incuria
819 1227 989 1263 nostra
1010 1218 1417 1274 praetermissum
1436 1219 1511 1263 sit.
1532 1218 1626 1273 Tu,
1644 1218 1704 1264 R.
1724 1219 1798 1274 P.‚
1820 1218 1901 1263 fac
1920 1229 1972 1264 ut

352 1310 439 1339 nos
463 1293 587 1340 filios
622 1304 733 1340 tuos
757 1304 964 1350 paterno
998 1310 1194 1351 semper
1228 1311 1400 1340 amore
1435 1295 1636 1352 tuearis,
1663 1295 1972 1341 orationibus

350 1371 572 1424 adiuues,
599 1380 647 1416 et
670 1371 873 1416 consilio
898 1381 981 1416 tuo
1005 1386 1156 1427 regas
1181 1381 1328 1428 atque
1352 1373 1619 1428 gubernes,
1647 1381 1698 1416 ut
1729 1372 1812 1416 tali
1847 1372 1971 1417 duce

349 1464 379 1493 a
403 1448 567 1493 diuina
591 1463 839 1504 nunquam
858 1448 1032 1493 semita
1052 1447 1385 1501 deflectentes,
1408 1448 1708 1504 sempiterno
1728 1464 1854 1493 aeuo
1875 1464 1971 1493 una

351 1535 515 1570 tecum
540 1524 871 1580 perfruamur.
896 1523 1043 1569 Vale.
1079 1522 1304 1574 Genuae.
1343 1524 1469 1576 chal.
1509 1522 1814 1580 Septembris
1841 1524 1966 1570 1558.

439 1601 516 1646 Ex
550 1601 895 1646 commissione
920 1601 979 1645 R.
1011 1601 1059 1645 P.
1091 1601 1301 1646 rectoris
1326 1601 1387 1645 D.
1417 1601 1620 1657 Loarte,
1647 1617 1822 1647 seruus
1857 1611 1969 1647 tuus
1998 1647 2001 1651 ,

350 1678 394 1723 in
420 1678 524 1733 X.⁰‚

1067 1760 1091 1806 >i-
1125 1755 1431 1799 ALPHONsUs·
1465 1754 1782 1800 HERNANDEZ
1819 1759 1848 1800 ¹.

435 1843 721 1899 Inscriptio.
748 1847 774 1896 ἢ·
798 1843 893 1888 [hs.
922 1843 1200 1887 Admodum
1226 1843 1352 1887 Rdo.
1378 1842 1422 1887 in
1448 1842 1539 1887 X.0
1564 1843 1699 1888 Patri
1726 1843 1873 1888 Mtro.
1896 1843 1968 1888 [a-

347 1922 473 1966 cobo
508 1921 726 1976 Laynez,
754 1920 1037 1976 praeposito
1071 1920 1293 1976 generali
1329 1919 1594 1965 Societatis
1627 1920 1730 1965 Ihu.
1759 1920 1966 1966 Romae.

1107 2119 1204 2170 192

864 2236 1192 2284 AEGIDIUS
1224 2237 1453 2282 FABER

800 2342 985 2368 MESSANA
1022 2332 1044 2368 9
1077 2342 1327 2367 SEPTEMBRIS
1365 2332 1455 2368 1558
1486 2333 1509 2369 ².

347 2417 376 2450 l.
401 2416 695 2462 illztltisideles
713 2416 774 2452 ad
792 2419 1071 2452 sacramenta
1090 2415 1374 2460 suscipienda
1402 2419 1441 2451 et
1469 2416 1685 2452 contiones
1716 2415 1969 2453 audiendas

414 2475 729 2513 accedunt-2.
756 2475 869 2512 Odia
889 2475 1100 2520 capitalia
1117 2476 1319 2511 extincta.
1344 2475 1581 2511 Foeminae
1594 2476 1703 2511 viris
1717 2476 1810 2511 suis
1827 2486 1971 2512 recon-

415 2536 601 2572 ciliatae.
632 2535 758 2572 Aliae
775 2535 836 2572 ad
853 2534 1051 2580 officium
1073 2535 1452 2570 revertendum—3.
1484 2534 1853 2571 Sclzolastz'corzmz
1875 2535 1969 2580 sre-

414 2596 693 2641 queram—4.
722 2595 926 2640 Proregis
953 2594 1360 2631 benevolentia—5.
1392 2594 1625 2631 §odellium
1653 2605 1865 2631 numerus
1892 2595 1966 2632 ad-

415 2659 584 2691 auctus.

406 2734 443 2777 1.
510 2738 538 2786 †
572 2732 665 2777 Ihs.
700 2732 880 2777 Maria.
914 2731 1066 2777 Molto
1100 2731 1224 2776 Rdo.
1250 2731 1295 2776 in
1321 2731 1488 2776 Cristo
1512 2731 1688 2776 Padre.
1717 2731 1824 2776 Pax
1856 2726 1963 2787 XF,

392 2898 401 2916 ¹
457 2895 560 2932 Vide
581 2908 672 2942 pag.
693 2896 775 2938 368,
797 2902 933 2932 annot.
954 2896 989 2938 3;
1007 2901 1047 2932 et
1065 2908 1157 2942 pag.
1179 2894 1261 2937 627,
1279 2901 1414 2931 annot.
1440 2896 1469 2932 1.

389 2955 401 2974 ²
452 2954 514 2990 Ex
532 2955 797 3001 autographo,
819 2960 862 2990 ut
881 2955 1052 2998 videtur,
1073 2955 1114 2990 in
1132 2954 1267 2990 codice
1288 2954 1370 2990 Sic.
1393 2953 1570 2991 [gl-Sic.
1592 2953 1685 2996 182,
1710 2954 1724 2990 1
1746 2953 1828 2997 fol„
1850 2967 1887 2990 n.
1905 2953 1982 2997 763*

343 3014 452 3061 prius
470 3013 550 3050 492.
572 3014 786 3051 Praecedit
806 3016 1036 3062 exemplum
1063 3014 1234 3051 latinum
1261 3014 1301 3050 in
1328 3013 1395 3050 fol.
1424 3014 1483 3051 75.
1513 3013 1745 3051 Secundum
1772 3013 1963 3057 HANSEN‚

343 3073 606 3110 Rheinisclze
622 3074 821 3117 Akten...,
842 3074 923 3120 767,
945 3079 1005 3111 est
1024 3073 1300 3121 apographum
1320 3073 1359 3109 in
1379 3073 1542 3110 archivo
1561 3072 1794 3110 coloniensi.
