2051 3516
620 295 924 332 &Se-Commii
951 294 998 330 ¹25>
1024 294 1133 340 MAJI
1162 295 1251 330 15:37
1637 296 1708 332 ‘233

122 389 335 435 Rssinzz'.
365 390 598 446 ‹ipis-wsb!
626 390 913 435 mindensis
945 389 1044 433 lma*
1080 389 1370 433 uenientem
1397 390 1561 433 amice
1581 391 1752 434 adnm-

121 466 246 511 dmn
262 467 721 522 etperlmnnmster
735 466 999 511 nobiscum
1018 465 1188 521 egisse
1208 471 1244 519 ἃ,
1264 464 1501 530 N'Iatthias
1520 465 1750 511 Bredem<

121 542 324 588 bachius
363 543 388 593 ¹,
418 542 708 588 moderator
741 543 942 587 scholae
978 541 1311 590 embricanae‚
1340 556 1449 586 cum
1485 542 1752 597 superiori-

120 620 209 664 bus
234 619 405 664 diebus
441 619 483 663 ei
520 617 750 665 Societas
784 619 1134 668 innotesceret,
1173 627 1313 662 tanto
1348 633 1458 662 eam
1493 617 1750 662 confestim

118 711 291 741 amore
315 697 604 752 complexus
629 706 718 749 est,
746 706 797 741 ut
822 696 1141 752 polliceretur
1174 710 1226 740 se
1262 695 1494 751 deinceps
1518 695 1560 740 ei
1586 711 1751 751 quam-

121 772 356 828 plurimos
382 773 723 817 adolescentes
757 771 1082 818 instituendos
1112 771 1428 816 traditurum.
1462 771 1554 816 Vir
1578 772 1654 816 hic
1680 782 1753 818 est

121 849 250 893 uitae
286 849 674 905 laudatissimae,
702 859 749 894 et
783 849 968 905 scripto
1001 858 1148 904 atque
1183 863 1414 892 sermone
1450 848 1749 893 ortodoxam

117 925 409 981 religionem
451 937 651 970 strenue
691 935 871 971 tuetur.
910 925 1271 970 Adolescentes
1306 925 1396 970 sibi
1436 925 1752 970 concreditos

117 1002 214 1059 (qui
241 1018 357 1047 raro
383 1002 648 1058 pauciores
684 1018 828 1059 quam
860 1003 988 1047 mille
1012 1004 1141 1057 sunt)
1168 1002 1350 1057 optime
1374 1002 1598 1047 instituit:
1629 1018 1753 1058 quos

116 1079 155 1123 si
179 1079 411 1135 deinceps
435 1079 497 1123 ad
528 1095 616 1124 nos
648 1079 945 1135 amandarit‚
973 1078 1180 1132 fructus,
1207 1089 1260 1124 ut
1283 1089 1531 1135 speratur,
1560 1079 1749 1124 uberri-

119 1172 228 1201 mus
252 1156 533 1212 colligetur.

176 1233 195 1241 ι-

173 1247 216 1278 o.
283 1232 366 1278 Ad
415 1233 755 1290 episcopatum
802 1243 1070 1290 praeterea
1116 1233 1559 1278 monasteriensem
1604 1233 1751 1279 hone-

114 1320 220 1355 stus
244 1311 303 1355 de
322 1308 574 1355 Societate
594 1325 766 1354 rumor
785 1309 1028 1366 peruenit.
1042 1309 1283 1354 Vicarius
1303 1309 1468 1366 itaque
1490 1308 1752 1368 Coloniam

113 1387 332 1437 ueniens,
361 1387 603 1443 quendam
627 1396 913 1431 nostrorum
937 1386 999 1431 ad
1025 1401 1077 1430 se
1108 1387 1325 1438 uocauit,
1353 1397 1400 1431 et
1424 1403 1488 1432 ex
1511 1402 1569 1432 eo
1594 1388 1749 1433 multa

113 1464 172 1509 de
197 1462 450 1509 Societate
475 1473 827 1520 percunctatus
852 1473 942 1509 est.
971 1463 1136 1509 Tanta
1161 1464 1301 1509 nobis
1325 1464 1469 1521 signa
1494 1465 1680 1510 amoris
1699 1474 1748 1510 et

113 1541 374 1587 charitatis
409 1541 638 1589 ostendit.
666 1551 718 1586 ut
751 1539 1056 1586 Societatem
1091 1541 1138 1585 in
1174 1540 1472 1597 Vestphalia
1508 1558 1598 1598 per
1632 1558 1747 1587 eum

113 1617 376 1675 plurimum
403 1617 790 1675 promouendam
815 1617 1135 1663 arbitremur.
1163 1617 1247 1663 Bis
1271 1618 1473 1675 insuper
1498 1618 1560 1664 D.
1584 1617 1746 1676 Grop-

112 1711 262 1752 perus
293 1696 307 1719 '2
333 1695 391 1740 de
422 1696 633 1753 collegio
668 1695 865 1741 Mindae
901 1695 1140 1752 erigendo
1175 1697 1431 1742 nobiscum
1466 1697 1583 1753 egit.
1612 1697 1749 1742 Vbe-

112 1789 218 1818 rem
258 1773 436 1819 ibidem
476 1773 810 1829 colligendum
842 1774 1094 1818 existimat
1133 1773 1366 1831 fructum,
1408 1790 1559 1831 seque
1594 1775 1641 1820 id
1680 1775 1750 1820 fa-

112 1850 204 1895 cile
224 1849 568 1895 confecturum
594 1850 854 1906 pollicetur
895 1850 1026 1907 apud
1050 1850 1354 1908 episcopum,
1381 1852 1421 1896 si
1445 1852 1623 1897 saltem
1648 1868 1751 1898 cer—

111 1936 190 1972 tus
210 1926 271 1972 sit
296 1940 396 1972 non
422 1927 742 1972 reczcsandos
775 1928 979 1985 collegii
1008 1929 1205 1973 incolas
1237 1929 1270 1974 ἲ),
1300 1929 1440 1974 Vrbs
1470 1930 1594 1975 haec
1625 1931 1751 1976 cele-

111 2004 215 2049 bris
249 2013 323 2049 est
356 2015 405 2050 et
437 2004 643 2061 copiosa
677 2005 724 2049 in
759 2003 1012 2051 Saxoniae
1053 2004 1229 2052 finibus
1263 2006 1326 2051 ad
1362 2006 1625 2064 Visurgim
1666 2007 1749 2052 flu-

111 2095 238 2137 men,
265 2082 343 2126 cui
368 2081 447 2138 qui
472 2092 672 2137 praeest
706 2082 969 2139 episcopus
993 2083 1198 2139 insignis
1231 2084 1560 2130 catolicorum
1585 2084 1750 2130 defen-

109 2173 194 2202 sor
217 2168 265 2203 et
288 2159 658 2204 haereticorum
693 2159 847 2204 hostis
882 2159 1049 2205 existit
1073 2160 1105 2205 3.
1133 2160 1330 2206 Verum
1356 2162 1418 2207 ad
1441 2162 1595 2207 multa
1631 2162 1744 2207 inui-

109 2245 188 2280 tus
210 2236 456 2289 conniuet,
484 2243 542 2281 'eo
567 2237 696 2292 quod
720 2237 960 2282 catolicos
984 2238 1368 2284 concionatores
1394 2239 1620 2285 obtinere
1652 2254 1748 2284 non

109 2322 287 2368 potest.
326 2312 552 2359 Obtinuit
588 2313 783 2370 quidem
819 2330 985 2364 unum,
1024 2315 1102 2360 cui
1136 2315 1237 2372 200,
1276 2316 1323 2360 ni
1357 2316 1521 2368 fallor,
1550 2317 1749 2362 daleros

110 2401 356 2440 numerat.
384 2389 513 2435 Hinc
547 2389 775 2436 Societas
808 2391 984 2436 deduci
1018 2405 1185 2448 posset
1210 2393 1273 2438 ad
1298 2393 1638 2450 episcopatum
1664 2393 1748 2438 hil-

110 2464 487 2511 deshainensem
520 2476 568 2511 et
602 2467 837 2512 ducatum
873 2468 1336 2525 brousuicgensem‚
1374 2485 1584 2527 quorum
1620 2469 1751 2515 hunc

108 2541 324 2598 episcopi
350 2541 510 2588 frater
536 2543 683 2600 regit,
712 2544 846 2588 illum
872 2560 995 2589 uero
1019 2560 1175 2601 nepos
1199 2545 1531 2591 administrat.
1562 2546 1748 2592 Princi-

155 2726 172 2746 a
216 2719 268 2756 Et
290 2726 330 2756 vt
346 2721 394 2756 de
414 2721 504 2756 aliis
521 2728 692 2758 taceam.
748 2723 813 2749 —b
850 2723 981 2759 Roma
1002 2724 1068 2759 vel
1088 2724 1252 2761 aliunde
1270 2724 1484 2760 mittendos
1502 2736 1549 2760 eo
1565 2736 1654 2761 esse
1671 2725 1748 2762 col-

108 2777 296 2825 legiales.

159 2936 168 2953 ¹
221 2934 285 2971 De
306 2934 483 2972 Matthia
502 2936 785 2973 Bredembach
804 2938 847 2981 (†
870 2938 975 2980 1559)
996 2938 1044 2974 et.
1067 2938 1175 2980 ibid..
1197 2937 1278 2979 (593,
1301 2944 1437 2975 annot.
1460 2940 1494 2976 4.

158 2993 170 3012 ‘²
221 2993 329 3030 Vide
350 2996 550 3041 superius,
573 3009 665 3042 pag.
687 2999 722 3037 2,
744 3004 879 3033 annot.
906 2998 936 3033 1.

155 3053 168 3072 ³
219 3052 441 3100 Episcopus
460 3055 682 3092 mindensis
702 3064 790 3092 erat
817 3055 1023 3103 Georgius
1053 3069 1073 3092 e
1102 3056 1267 3093 ducibus
1294 3056 1514 3104 Brunswig
1542 3065 1581 3094 et
1613 3058 1746 3096 Li'me-

108 3111 227 3159 burg.
250 3112 410 3158 EUBEL,
433 3114 715 3159 Hiemrclzz'a,
737 3115 806 3158 III,
827 3114 911 3153 262.
