<?xml version="1.0" encoding="UTF-8"?>
<!DOCTYPE html PUBLIC "-//W3C//DTD XHTML 1.0 Transitional//EN"
    "http://www.w3.org/TR/xhtml1/DTD/xhtml1-transitional.dtd">
<html xmlns="http://www.w3.org/1999/xhtml" xml:lang="en" lang="en">
 <head>
  <title>
</title>
<meta http-equiv="Content-Type" content="text/html;charset=utf-8" />
  <meta name='ocr-system' content='tesseract 3.04.00' />
  <meta name='ocr-capabilities' content='ocr_page ocr_carea ocr_par ocr_line ocrx_word'/>
</head>
<body>
  <div class='ocr_page' id='page_1' title='image "./litteraequadrime17lain_0531.png"; bbox 0 0 2051 3516; ppageno 0'>
   <div class='ocr_carea' id='block_1_1' title="bbox 551 260 1659 308">
    <p class='ocr_par' dir='ltr' id='par_1_1' title="bbox 551 260 1659 308">
     <span class='ocr_line' id='line_1_1' title="bbox 551 260 1659 308; baseline 0 -10"><span class='ocrx_word' id='word_1_1' title='bbox 551 261 841 298; x_wconf 75' lang='lat' dir='ltr'>131.—BURG1s</span> <span class='ocrx_word' id='word_1_2' title='bbox 866 262 889 298; x_wconf 96' lang='lat'><strong>7</strong></span> <span class='ocrx_word' id='word_1_3' title='bbox 910 260 1110 308; x_wconf 81' lang='lat' dir='ltr'><strong>JANUARH</strong></span> <span class='ocrx_word' id='word_1_4' title='bbox 1140 261 1230 298; x_wconf 78' lang='lat'>1558</span> <span class='ocrx_word' id='word_1_5' title='bbox 1590 261 1659 299; x_wconf 59' lang='lat'>495</span> 
     </span>
    </p>
   </div>
   <div class='ocr_carea' id='block_1_2' title="bbox 71 358 1711 3124">
    <p class='ocr_par' dir='ltr' id='par_1_2' title="bbox 76 358 1707 646">
     <span class='ocr_line' id='line_1_2' title="bbox 79 358 1707 415; baseline 0.001 -13"><span class='ocrx_word' id='word_1_6' title='bbox 79 358 192 403; x_wconf 92' lang='lat' dir='ltr'>dum</span> <span class='ocrx_word' id='word_1_7' title='bbox 217 373 308 403; x_wconf 89' lang='lat' dir='ltr'>non</span> <span class='ocrx_word' id='word_1_8' title='bbox 336 367 437 403; x_wconf 90' lang='lat' dir='ltr'>tam</span> <span class='ocrx_word' id='word_1_9' title='bbox 463 373 589 414; x_wconf 88' lang='lat' dir='ltr'>quae</span> <span class='ocrx_word' id='word_1_10' title='bbox 613 367 785 404; x_wconf 88' lang='lat' dir='ltr'>nostra</span> <span class='ocrx_word' id='word_1_11' title='bbox 809 369 935 415; x_wconf 91' lang='lat' dir='ltr'>sunt,</span> <span class='ocrx_word' id='word_1_12' title='bbox 964 373 1108 414; x_wconf 87' lang='lat' dir='ltr'>quam</span> <span class='ocrx_word' id='word_1_13' title='bbox 1134 374 1261 415; x_wconf 89' lang='lat' dir='ltr'>quae</span> <span class='ocrx_word' id='word_1_14' title='bbox 1287 358 1489 415; x_wconf 82' lang='lat' dir='ltr'>Christi,</span> <span class='ocrx_word' id='word_1_15' title='bbox 1512 374 1602 404; x_wconf 91' lang='lat' dir='ltr'>nos</span> <span class='ocrx_word' id='word_1_16' title='bbox 1625 374 1707 403; x_wconf 93' lang='lat' dir='ltr'>no-</span> 
     </span>
     <span class='ocr_line' id='line_1_3' title="bbox 78 434 1707 492; baseline 0 -11"><span class='ocrx_word' id='word_1_17' title='bbox 78 434 375 492; x_wconf 91' lang='lat' dir='ltr'>bismetipsis</span> <span class='ocrx_word' id='word_1_18' title='bbox 409 451 619 492; x_wconf 76' lang='lat' dir='ltr'>querere</span> <span class='ocrx_word' id='word_1_19' title='bbox 653 436 1026 492; x_wconf 78' lang='lat' dir='ltr'>persuademus,</span> <span class='ocrx_word' id='word_1_20' title='bbox 1054 436 1302 482; x_wconf 76' lang='lat' dir='ltr'>multoties</span> <span class='ocrx_word' id='word_1_21' title='bbox 1337 437 1528 482; x_wconf 86' lang='lat' dir='ltr'>animos</span> <span class='ocrx_word' id='word_1_22' title='bbox 1552 436 1707 481; x_wconf 89' lang='lat' dir='ltr'>tacita</span> 
     </span>
     <span class='ocr_line' id='line_1_4' title="bbox 77 512 1705 569; baseline 0.001 -13"><span class='ocrx_word' id='word_1_23' title='bbox 77 513 321 568; x_wconf 82' lang='lat' dir='ltr'>quaedam</span> <span class='ocrx_word' id='word_1_24' title='bbox 344 512 473 558; x_wconf 81' lang='lat' dir='ltr'>subit</span> <span class='ocrx_word' id='word_1_25' title='bbox 497 512 750 569; x_wconf 79' lang='lat' dir='ltr'>philautia,</span> <span class='ocrx_word' id='word_1_26' title='bbox 778 513 938 558; x_wconf 88' lang='lat' dir='ltr'>studio</span> <span class='ocrx_word' id='word_1_27' title='bbox 964 528 1053 557; x_wconf 76' lang='lat' dir='ltr'>nos</span> <span class='ocrx_word' id='word_1_28' title='bbox 1078 512 1123 557; x_wconf 93' lang='lat' dir='ltr'>id</span> <span class='ocrx_word' id='word_1_29' title='bbox 1148 512 1319 559; x_wconf 77' lang='lat' dir='ltr'>facere</span> <span class='ocrx_word' id='word_1_30' title='bbox 1353 513 1584 559; x_wconf 75' lang='lat' dir='ltr'>dictitans</span> <span class='ocrx_word' id='word_1_31' title='bbox 1609 515 1705 558; x_wconf 87' lang='lat' dir='ltr'>cul-</span> 
     </span>
     <span class='ocr_line' id='line_1_5' title="bbox 76 588 1280 646; baseline 0.001 -12"><span class='ocrx_word' id='word_1_32' title='bbox 76 598 154 634; x_wconf 88' lang='lat' dir='ltr'>tus</span> <span class='ocrx_word' id='word_1_33' title='bbox 173 589 320 634; x_wconf 91' lang='lat' dir='ltr'>diuini</span> <span class='ocrx_word' id='word_1_34' title='bbox 345 588 693 646; x_wconf 88' lang='lat' dir='ltr'>amplificandi.</span> <span class='ocrx_word' id='word_1_35' title='bbox 721 589 820 636; x_wconf 82' lang='lat' dir='ltr'>Sed</span> <span class='ocrx_word' id='word_1_36' title='bbox 845 590 903 635; x_wconf 92' lang='lat' dir='ltr'>de</span> <span class='ocrx_word' id='word_1_37' title='bbox 930 589 1002 634; x_wconf 91' lang='lat' dir='ltr'>his</span> <span class='ocrx_word' id='word_1_38' title='bbox 1026 589 1280 635; x_wconf 88' lang='lat' dir='ltr'>hactenus.</span> 
     </span>
    </p>

    <p class='ocr_par' dir='ltr' id='par_1_3' title="bbox 72 666 1711 2190">
     <span class='ocr_line' id='line_1_6' title="bbox 135 666 1709 724; baseline 0.001 -13"><span class='ocrx_word' id='word_1_39' title='bbox 135 667 179 712; x_wconf 70' lang='lat'>4.</span> <span class='ocrx_word' id='word_1_40' title='bbox 246 666 454 712; x_wconf 79' lang='lat' dir='ltr'>Fratres</span> <span class='ocrx_word' id='word_1_41' title='bbox 494 667 539 712; x_wconf 92' lang='lat' dir='ltr'>in</span> <span class='ocrx_word' id='word_1_42' title='bbox 579 667 817 713; x_wconf 86' lang='lat' dir='ltr'>obeundis</span> <span class='ocrx_word' id='word_1_43' title='bbox 852 666 943 712; x_wconf 91' lang='lat' dir='ltr'>sibi</span> <span class='ocrx_word' id='word_1_44' title='bbox 982 666 1185 724; x_wconf 88' lang='lat' dir='ltr'>quisque</span> <span class='ocrx_word' id='word_1_45' title='bbox 1224 666 1498 712; x_wconf 78' lang='lat' dir='ltr'>commissis</span> <span class='ocrx_word' id='word_1_46' title='bbox 1534 666 1709 712; x_wconf 75' lang='lat' dir='ltr'>officiis</span> 
     </span>
     <span class='ocr_line' id='line_1_7' title="bbox 75 742 1706 801; baseline 0.001 -14"><span class='ocrx_word' id='word_1_47' title='bbox 75 743 190 788; x_wconf 88' lang='lat' dir='ltr'>nihil</span> <span class='ocrx_word' id='word_1_48' title='bbox 223 743 285 788; x_wconf 90' lang='lat' dir='ltr'>ad</span> <span class='ocrx_word' id='word_1_49' title='bbox 321 742 591 788; x_wconf 86' lang='lat' dir='ltr'>maximam</span> <span class='ocrx_word' id='word_1_50' title='bbox 626 744 935 801; x_wconf 84' lang='lat' dir='ltr'>diligentiam</span> <span class='ocrx_word' id='word_1_51' title='bbox 970 743 1060 789; x_wconf 87' lang='lat' dir='ltr'>sibi</span> <span class='ocrx_word' id='word_1_52' title='bbox 1098 744 1338 799; x_wconf 86' lang='lat' dir='ltr'>reliquum</span> <span class='ocrx_word' id='word_1_53' title='bbox 1373 743 1577 797; x_wconf 81' lang='lat' dir='ltr'>faciunt,</span> <span class='ocrx_word' id='word_1_54' title='bbox 1615 743 1706 788; x_wconf 91' lang='lat' dir='ltr'>dis-</span> 
     </span>
     <span class='ocr_line' id='line_1_8' title="bbox 74 820 1708 878; baseline 0 -13"><span class='ocrx_word' id='word_1_55' title='bbox 74 821 223 865; x_wconf 89' lang='lat' dir='ltr'>tricta</span> <span class='ocrx_word' id='word_1_56' title='bbox 257 821 320 865; x_wconf 90' lang='lat' dir='ltr'>ab</span> <span class='ocrx_word' id='word_1_57' title='bbox 353 820 579 865; x_wconf 87' lang='lat' dir='ltr'>omnibus</span> <span class='ocrx_word' id='word_1_58' title='bbox 615 822 904 878; x_wconf 86' lang='lat' dir='ltr'>regularum</span> <span class='ocrx_word' id='word_1_59' title='bbox 939 821 1228 866; x_wconf 82' lang='lat' dir='ltr'>obseruatio</span> <span class='ocrx_word' id='word_1_60' title='bbox 1264 821 1474 877; x_wconf 76' lang='lat' dir='ltr'>geritur,</span> <span class='ocrx_word' id='word_1_61' title='bbox 1511 820 1708 865; x_wconf 87' lang='lat' dir='ltr'>mortifi-</span> 
     </span>
     <span class='ocr_line' id='line_1_9' title="bbox 74 897 1710 954; baseline 0.001 -13"><span class='ocrx_word' id='word_1_62' title='bbox 74 897 283 942; x_wconf 83' lang='lat' dir='ltr'>cationis</span> <span class='ocrx_word' id='word_1_63' title='bbox 315 906 463 953; x_wconf 87' lang='lat' dir='ltr'>atque</span> <span class='ocrx_word' id='word_1_64' title='bbox 489 898 678 954; x_wconf 84' lang='lat' dir='ltr'>seipsos</span> <span class='ocrx_word' id='word_1_65' title='bbox 714 897 938 943; x_wconf 90' lang='lat' dir='ltr'>uincendi</span> <span class='ocrx_word' id='word_1_66' title='bbox 973 908 1020 942; x_wconf 91' lang='lat' dir='ltr'>et</span> <span class='ocrx_word' id='word_1_67' title='bbox 1055 897 1100 942; x_wconf 91' lang='lat' dir='ltr'>in</span> <span class='ocrx_word' id='word_1_68' title='bbox 1136 897 1239 942; x_wconf 89' lang='lat' dir='ltr'>dies</span> <span class='ocrx_word' id='word_1_69' title='bbox 1274 897 1447 953; x_wconf 89' lang='lat' dir='ltr'>seipsis</span> <span class='ocrx_word' id='word_1_70' title='bbox 1481 897 1710 942; x_wconf 89' lang='lat' dir='ltr'>meliores</span> 
     </span>
     <span class='ocr_line' id='line_1_10' title="bbox 78 974 1707 1030; baseline 0 -12"><span class='ocrx_word' id='word_1_71' title='bbox 78 974 318 1019; x_wconf 87' lang='lat' dir='ltr'>euadendi</span> <span class='ocrx_word' id='word_1_72' title='bbox 345 974 590 1019; x_wconf 87' lang='lat' dir='ltr'>maximus</span> <span class='ocrx_word' id='word_1_73' title='bbox 626 975 670 1019; x_wconf 93' lang='lat' dir='ltr'>in</span> <span class='ocrx_word' id='word_1_74' title='bbox 705 975 931 1021; x_wconf 88' lang='lat' dir='ltr'>omnibus</span> <span class='ocrx_word' id='word_1_75' title='bbox 965 975 1154 1020; x_wconf 81' lang='lat' dir='ltr'>relucet</span> <span class='ocrx_word' id='word_1_76' title='bbox 1178 974 1347 1019; x_wconf 88' lang='lat' dir='ltr'>ardor.</span> <span class='ocrx_word' id='word_1_77' title='bbox 1378 974 1455 1019; x_wconf 82' lang='lat' dir='ltr'>Ex</span> <span class='ocrx_word' id='word_1_78' title='bbox 1480 974 1552 1018; x_wconf 79' lang='lat' dir='ltr'>his</span> <span class='ocrx_word' id='word_1_79' title='bbox 1577 974 1707 1030; x_wconf 90' lang='lat' dir='ltr'>quin-</span> 
     </span>
     <span class='ocr_line' id='line_1_11' title="bbox 74 1051 1709 1108; baseline 0 -12"><span class='ocrx_word' id='word_1_80' title='bbox 74 1067 168 1107; x_wconf 89' lang='lat' dir='ltr'>que</span> <span class='ocrx_word' id='word_1_81' title='bbox 207 1051 497 1096; x_wconf 78' lang='lat' dir='ltr'>dialecticae</span> <span class='ocrx_word' id='word_1_82' title='bbox 537 1052 684 1108; x_wconf 75' lang='lat' dir='ltr'>(quae</span> <span class='ocrx_word' id='word_1_83' title='bbox 723 1052 817 1098; x_wconf 93' lang='lat' dir='ltr'>hoc</span> <span class='ocrx_word' id='word_1_84' title='bbox 856 1067 986 1098; x_wconf 92' lang='lat' dir='ltr'>anno</span> <span class='ocrx_word' id='word_1_85' title='bbox 1026 1052 1072 1097; x_wconf 91' lang='lat' dir='ltr'>in</span> <span class='ocrx_word' id='word_1_86' title='bbox 1112 1061 1285 1096; x_wconf 87' lang='lat' dir='ltr'>nostro</span> <span class='ocrx_word' id='word_1_87' title='bbox 1325 1051 1538 1108; x_wconf 92' lang='lat' dir='ltr'>collegio</span> <span class='ocrx_word' id='word_1_88' title='bbox 1578 1052 1709 1096; x_wconf 89' lang='lat' dir='ltr'>tradi</span> 
     </span>
     <span class='ocr_line' id='line_1_12' title="bbox 74 1128 1711 1185; baseline 0 -12"><span class='ocrx_word' id='word_1_89' title='bbox 74 1139 252 1184; x_wconf 86' lang='lat' dir='ltr'>coepta</span> <span class='ocrx_word' id='word_1_90' title='bbox 276 1129 369 1185; x_wconf 84' lang='lat' dir='ltr'>est)</span> <span class='ocrx_word' id='word_1_91' title='bbox 395 1129 457 1174; x_wconf 91' lang='lat' dir='ltr'>ad</span> <span class='ocrx_word' id='word_1_92' title='bbox 482 1130 687 1174; x_wconf 88' lang='lat' dir='ltr'>multum</span> <span class='ocrx_word' id='word_1_93' title='bbox 724 1130 945 1175; x_wconf 89' lang='lat' dir='ltr'>laborem</span> <span class='ocrx_word' id='word_1_94' title='bbox 982 1129 1242 1185; x_wconf 88' lang='lat' dir='ltr'>desudant,</span> <span class='ocrx_word' id='word_1_95' title='bbox 1269 1128 1446 1185; x_wconf 89' lang='lat' dir='ltr'>quibus</span> <span class='ocrx_word' id='word_1_96' title='bbox 1469 1144 1522 1173; x_wconf 91' lang='lat' dir='ltr'>se</span> <span class='ocrx_word' id='word_1_97' title='bbox 1547 1128 1711 1173; x_wconf 90' lang='lat' dir='ltr'>socios</span> 
     </span>
     <span class='ocr_line' id='line_1_13' title="bbox 73 1205 1709 1262; baseline 0.001 -12"><span class='ocrx_word' id='word_1_98' title='bbox 73 1205 366 1250; x_wconf 87' lang='lat' dir='ltr'>addiderunt</span> <span class='ocrx_word' id='word_1_99' title='bbox 399 1215 588 1262; x_wconf 86' lang='lat' dir='ltr'>septem</span> <span class='ocrx_word' id='word_1_100' title='bbox 623 1216 709 1252; x_wconf 91' lang='lat' dir='ltr'>aut</span> <span class='ocrx_word' id='word_1_101' title='bbox 743 1207 806 1252; x_wconf 90' lang='lat' dir='ltr'>ad</span> <span class='ocrx_word' id='word_1_102' title='bbox 841 1222 1083 1251; x_wconf 90' lang='lat' dir='ltr'>summum</span> <span class='ocrx_word' id='word_1_103' title='bbox 1109 1215 1224 1252; x_wconf 90' lang='lat' dir='ltr'>octo</span> <span class='ocrx_word' id='word_1_104' title='bbox 1249 1221 1311 1251; x_wconf 87' lang='lat' dir='ltr'>ex</span> <span class='ocrx_word' id='word_1_105' title='bbox 1336 1216 1539 1251; x_wconf 88' lang='lat' dir='ltr'>nostrae</span> <span class='ocrx_word' id='word_1_106' title='bbox 1572 1206 1709 1251; x_wconf 91' lang='lat' dir='ltr'>scho-</span> 
     </span>
     <span class='ocr_line' id='line_1_14' title="bbox 76 1283 1709 1340; baseline 0.001 -14"><span class='ocrx_word' id='word_1_107' title='bbox 76 1283 150 1327; x_wconf 85' lang='lat' dir='ltr'>lae</span> <span class='ocrx_word' id='word_1_108' title='bbox 184 1283 508 1328; x_wconf 82' lang='lat' dir='ltr'>scholasticis.</span> <span class='ocrx_word' id='word_1_109' title='bbox 537 1283 666 1328; x_wconf 89' lang='lat' dir='ltr'>Tres</span> <span class='ocrx_word' id='word_1_110' title='bbox 701 1283 781 1328; x_wconf 89' lang='lat' dir='ltr'>alii</span> <span class='ocrx_word' id='word_1_111' title='bbox 817 1283 1182 1340; x_wconf 81' lang='lat' dir='ltr'>grammaticae</span> <span class='ocrx_word' id='word_1_112' title='bbox 1217 1283 1520 1335; x_wconf 81' lang='lat' dir='ltr'>incumbunt,</span> <span class='ocrx_word' id='word_1_113' title='bbox 1548 1283 1709 1328; x_wconf 91' lang='lat' dir='ltr'>nullus</span> 
     </span>
     <span class='ocr_line' id='line_1_15' title="bbox 75 1360 1709 1418; baseline 0 -14"><span class='ocrx_word' id='word_1_114' title='bbox 75 1369 148 1404; x_wconf 87' lang='lat' dir='ltr'>est</span> <span class='ocrx_word' id='word_1_115' title='bbox 171 1360 247 1404; x_wconf 91' lang='lat' dir='ltr'>cui</span> <span class='ocrx_word' id='word_1_116' title='bbox 273 1361 349 1404; x_wconf 85' lang='lat' dir='ltr'>ucl</span> <span class='ocrx_word' id='word_1_117' title='bbox 377 1360 571 1405; x_wconf 87' lang='lat' dir='ltr'>modica</span> <span class='ocrx_word' id='word_1_118' title='bbox 605 1375 728 1405; x_wconf 88' lang='lat' dir='ltr'>cura</span> <span class='ocrx_word' id='word_1_119' title='bbox 763 1362 843 1406; x_wconf 92' lang='lat' dir='ltr'>uel</span> <span class='ocrx_word' id='word_1_120' title='bbox 876 1360 1213 1418; x_wconf 83' lang='lat' dir='ltr'>negligentiae</span> <span class='ocrx_word' id='word_1_121' title='bbox 1237 1360 1422 1417; x_wconf 87' lang='lat' dir='ltr'>aliquid</span> <span class='ocrx_word' id='word_1_122' title='bbox 1447 1361 1603 1416; x_wconf 81' lang='lat' dir='ltr'>possit</span> <span class='ocrx_word' id='word_1_123' title='bbox 1627 1376 1709 1406; x_wconf 91' lang='lat' dir='ltr'>ex-</span> 
     </span>
     <span class='ocr_line' id='line_1_16' title="bbox 75 1437 1708 1494; baseline 0 -12"><span class='ocrx_word' id='word_1_124' title='bbox 75 1437 321 1493; x_wconf 87' lang='lat' dir='ltr'>probrari.</span> <span class='ocrx_word' id='word_1_125' title='bbox 364 1437 687 1494; x_wconf 86' lang='lat' dir='ltr'>Reliquorum</span> <span class='ocrx_word' id='word_1_126' title='bbox 732 1438 1013 1483; x_wconf 89' lang='lat' dir='ltr'>auditorum</span> <span class='ocrx_word' id='word_1_127' title='bbox 1060 1453 1294 1483; x_wconf 90' lang='lat' dir='ltr'>numerus</span> <span class='ocrx_word' id='word_1_128' title='bbox 1335 1453 1431 1482; x_wconf 95' lang='lat' dir='ltr'>non</span> <span class='ocrx_word' id='word_1_129' title='bbox 1473 1446 1708 1494; x_wconf 84' lang='lat' dir='ltr'>augetur,</span> 
     </span>
     <span class='ocr_line' id='line_1_17' title="bbox 74 1514 1706 1570; baseline 0 -11"><span class='ocrx_word' id='word_1_130' title='bbox 74 1515 362 1559; x_wconf 91' lang='lat' dir='ltr'>consulente</span> <span class='ocrx_word' id='word_1_131' title='bbox 396 1514 489 1559; x_wconf 83' lang='lat' dir='ltr'>hac</span> <span class='ocrx_word' id='word_1_132' title='bbox 523 1514 568 1559; x_wconf 87' lang='lat' dir='ltr'>in</span> <span class='ocrx_word' id='word_1_133' title='bbox 605 1524 748 1570; x_wconf 90' lang='lat' dir='ltr'>parte</span> <span class='ocrx_word' id='word_1_134' title='bbox 774 1515 939 1560; x_wconf 89' lang='lat' dir='ltr'>diuina</span> <span class='ocrx_word' id='word_1_135' title='bbox 965 1514 1184 1560; x_wconf 89' lang='lat' dir='ltr'>bonitate</span> <span class='ocrx_word' id='word_1_136' title='bbox 1208 1514 1391 1559; x_wconf 85' lang='lat' dir='ltr'>nostris</span> <span class='ocrx_word' id='word_1_137' title='bbox 1415 1514 1706 1568; x_wconf 72' lang='lat' dir='ltr'>commodis3</span> 
     </span>
     <span class='ocr_line' id='line_1_18' title="bbox 73 1592 1705 1649; baseline 0.001 -13"><span class='ocrx_word' id='word_1_138' title='bbox 73 1607 285 1648; x_wconf 88' lang='lat' dir='ltr'>namque</span> <span class='ocrx_word' id='word_1_139' title='bbox 310 1592 348 1636; x_wconf 92' lang='lat' dir='ltr'>si</span> <span class='ocrx_word' id='word_1_140' title='bbox 375 1592 518 1648; x_wconf 92' lang='lat' dir='ltr'>pauci</span> <span class='ocrx_word' id='word_1_141' title='bbox 543 1601 734 1637; x_wconf 90' lang='lat' dir='ltr'>tantum</span> <span class='ocrx_word' id='word_1_142' title='bbox 760 1592 1009 1638; x_wconf 79' lang='lat' dir='ltr'>facessunt</span> <span class='ocrx_word' id='word_1_143' title='bbox 1035 1592 1237 1649; x_wconf 81' lang='lat' dir='ltr'>negotii,</span> <span class='ocrx_word' id='word_1_144' title='bbox 1266 1601 1530 1648; x_wconf 86' lang='lat' dir='ltr'>tantusque</span> <span class='ocrx_word' id='word_1_145' title='bbox 1554 1592 1705 1638; x_wconf 91' lang='lat' dir='ltr'>cursi-</span> 
     </span>
     <span class='ocr_line' id='line_1_19' title="bbox 72 1669 1707 1726; baseline 0.001 -12"><span class='ocrx_word' id='word_1_146' title='bbox 72 1669 293 1724; x_wconf 82' lang='lat' dir='ltr'>tantium‚</span> <span class='ocrx_word' id='word_1_147' title='bbox 322 1669 692 1715; x_wconf 80' lang='lat' dir='ltr'>ascendentium</span> <span class='ocrx_word' id='word_1_148' title='bbox 717 1679 765 1714; x_wconf 93' lang='lat' dir='ltr'>et</span> <span class='ocrx_word' id='word_1_149' title='bbox 789 1669 1191 1715; x_wconf 90' lang='lat' dir='ltr'>descendentium</span> <span class='ocrx_word' id='word_1_150' title='bbox 1227 1670 1508 1715; x_wconf 88' lang='lat' dir='ltr'>concitatur</span> <span class='ocrx_word' id='word_1_151' title='bbox 1533 1670 1707 1726; x_wconf 89' lang='lat' dir='ltr'>strepi-</span> 
     </span>
     <span class='ocr_line' id='line_1_20' title="bbox 72 1747 1704 1809; baseline 0 -17"><span class='ocrx_word' id='word_1_152' title='bbox 72 1756 166 1804; x_wconf 80' lang='lat' dir='ltr'>tus,</span> <span class='ocrx_word' id='word_1_153' title='bbox 195 1756 245 1792; x_wconf 94' lang='lat' dir='ltr'>ut</span> <span class='ocrx_word' id='word_1_154' title='bbox 269 1747 470 1795; x_wconf 86' lang='lat' dir='ltr'>credam</span> <span class='ocrx_word' id='word_1_155' title='bbox 496 1747 541 1792; x_wconf 93' lang='lat' dir='ltr'>id</span> <span class='ocrx_word' id='word_1_156' title='bbox 567 1747 729 1792; x_wconf 88' lang='lat' dir='ltr'>multis</span> <span class='ocrx_word' id='word_1_157' title='bbox 752 1747 940 1792; x_wconf 88' lang='lat' dir='ltr'>aditum</span> <span class='ocrx_word' id='word_1_158' title='bbox 965 1747 1133 1793; x_wconf 87' lang='lat' dir='ltr'>sacelli</span> <span class='ocrx_word' id='word_1_159' title='bbox 1167 1747 1325 1809; x_wconf 87' lang='lat' dir='ltr'>nostri</span> <span class='ocrx_word' id='word_1_160' title='bbox 1351 1747 1704 1805; x_wconf 81' lang='lat' dir='ltr'>intercludere,</span> 
     </span>
     <span class='ocr_line' id='line_1_21' title="bbox 73 1823 1708 1881; baseline 0 -12"><span class='ocrx_word' id='word_1_161' title='bbox 73 1825 185 1880; x_wconf 87' lang='lat' dir='ltr'>quid</span> <span class='ocrx_word' id='word_1_162' title='bbox 220 1824 258 1869; x_wconf 90' lang='lat' dir='ltr'>si</span> <span class='ocrx_word' id='word_1_163' title='bbox 294 1824 460 1881; x_wconf 85' lang='lat' dir='ltr'>plures</span> <span class='ocrx_word' id='word_1_164' title='bbox 496 1825 683 1870; x_wconf 77' lang='lat' dir='ltr'>essent?</span> <span class='ocrx_word' id='word_1_165' title='bbox 716 1823 849 1870; x_wconf 82' lang='lat' dir='ltr'>Satis</span> <span class='ocrx_word' id='word_1_166' title='bbox 883 1824 1108 1881; x_wconf 89' lang='lat' dir='ltr'>equidem</span> <span class='ocrx_word' id='word_1_167' title='bbox 1144 1824 1279 1869; x_wconf 90' lang='lat' dir='ltr'>multi</span> <span class='ocrx_word' id='word_1_168' title='bbox 1312 1834 1496 1881; x_wconf 83' lang='lat' dir='ltr'>essent,</span> <span class='ocrx_word' id='word_1_169' title='bbox 1523 1825 1562 1869; x_wconf 93' lang='lat' dir='ltr'>si</span> <span class='ocrx_word' id='word_1_170' title='bbox 1586 1825 1708 1869; x_wconf 90' lang='lat' dir='ltr'>satis</span> 
     </span>
     <span class='ocr_line' id='line_1_22' title="bbox 73 1901 1707 1960; baseline 0 -13"><span class='ocrx_word' id='word_1_171' title='bbox 73 1902 202 1957; x_wconf 75' lang='lat' dir='ltr'>boni,</span> <span class='ocrx_word' id='word_1_172' title='bbox 229 1901 370 1960; x_wconf 84' lang='lat' dir='ltr'>juxta</span> <span class='ocrx_word' id='word_1_173' title='bbox 394 1911 538 1947; x_wconf 88' lang='lat' dir='ltr'>uetus</span> <span class='ocrx_word' id='word_1_174' title='bbox 562 1902 898 1958; x_wconf 86' lang='lat' dir='ltr'>prouerbium.</span> <span class='ocrx_word' id='word_1_175' title='bbox 923 1902 1027 1947; x_wconf 92' lang='lat' dir='ltr'>Nec</span> <span class='ocrx_word' id='word_1_176' title='bbox 1062 1902 1156 1947; x_wconf 94' lang='lat' dir='ltr'>hoc</span> <span class='ocrx_word' id='word_1_177' title='bbox 1188 1903 1396 1947; x_wconf 85' lang='lat' dir='ltr'>dixerim</span> <span class='ocrx_word' id='word_1_178' title='bbox 1422 1903 1550 1959; x_wconf 90' lang='lat' dir='ltr'>quod</span> <span class='ocrx_word' id='word_1_179' title='bbox 1576 1902 1707 1959; x_wconf 87' lang='lat' dir='ltr'>quip-</span> 
     </span>
     <span class='ocr_line' id='line_1_23' title="bbox 73 1979 1709 2037; baseline 0 -13"><span class='ocrx_word' id='word_1_180' title='bbox 73 1980 201 2036; x_wconf 89' lang='lat' dir='ltr'>piam</span> <span class='ocrx_word' id='word_1_181' title='bbox 227 1979 479 2024; x_wconf 86' lang='lat' dir='ltr'>sinistrum</span> <span class='ocrx_word' id='word_1_182' title='bbox 505 1979 564 2024; x_wconf 94' lang='lat' dir='ltr'>de</span> <span class='ocrx_word' id='word_1_183' title='bbox 589 1995 759 2024; x_wconf 90' lang='lat' dir='ltr'>eorum</span> <span class='ocrx_word' id='word_1_184' title='bbox 795 1979 1016 2025; x_wconf 90' lang='lat' dir='ltr'>moribus</span> <span class='ocrx_word' id='word_1_185' title='bbox 1049 1979 1289 2037; x_wconf 73' lang='lat' dir='ltr'>suspicer3</span> <span class='ocrx_word' id='word_1_186' title='bbox 1317 1979 1402 2025; x_wconf 91' lang='lat' dir='ltr'>sed</span> <span class='ocrx_word' id='word_1_187' title='bbox 1428 1980 1559 2037; x_wconf 91' lang='lat' dir='ltr'>quod</span> <span class='ocrx_word' id='word_1_188' title='bbox 1590 1979 1709 2024; x_wconf 88' lang='lat' dir='ltr'>uiui-</span> 
     </span>
     <span class='ocr_line' id='line_1_24' title="bbox 72 2056 1707 2113; baseline 0.001 -13"><span class='ocrx_word' id='word_1_189' title='bbox 72 2056 162 2101; x_wconf 89' lang='lat' dir='ltr'>dus</span> <span class='ocrx_word' id='word_1_190' title='bbox 187 2056 265 2101; x_wconf 91' lang='lat' dir='ltr'>ille</span> <span class='ocrx_word' id='word_1_191' title='bbox 291 2072 557 2113; x_wconf 91' lang='lat' dir='ltr'>puerorum</span> <span class='ocrx_word' id='word_1_192' title='bbox 583 2056 629 2101; x_wconf 92' lang='lat' dir='ltr'>in</span> <span class='ocrx_word' id='word_1_193' title='bbox 648 2056 820 2102; x_wconf 85' lang='lat' dir='ltr'>studiis</span> <span class='ocrx_word' id='word_1_194' title='bbox 843 2056 1161 2113; x_wconf 87' lang='lat' dir='ltr'>capessendis</span> <span class='ocrx_word' id='word_1_195' title='bbox 1187 2057 1333 2113; x_wconf 90' lang='lat' dir='ltr'>uigor</span> <span class='ocrx_word' id='word_1_196' title='bbox 1356 2057 1403 2101; x_wconf 91' lang='lat' dir='ltr'>in</span> <span class='ocrx_word' id='word_1_197' title='bbox 1428 2057 1497 2102; x_wconf 90' lang='lat' dir='ltr'>eis</span> <span class='ocrx_word' id='word_1_198' title='bbox 1522 2072 1616 2102; x_wconf 91' lang='lat' dir='ltr'>non</span> <span class='ocrx_word' id='word_1_199' title='bbox 1641 2057 1707 2101; x_wconf 95' lang='lat' dir='ltr'>ui-</span> 
     </span>
     <span class='ocr_line' id='line_1_25' title="bbox 72 2133 754 2190; baseline 0.001 -12"><span class='ocrx_word' id='word_1_200' title='bbox 72 2149 194 2190; x_wconf 89' lang='lat' dir='ltr'>gere</span> <span class='ocrx_word' id='word_1_201' title='bbox 218 2134 482 2179; x_wconf 87' lang='lat' dir='ltr'>admodum</span> <span class='ocrx_word' id='word_1_202' title='bbox 508 2133 754 2180; x_wconf 87' lang='lat' dir='ltr'>uideatur.</span> 
     </span>
    </p>

    <p class='ocr_par' dir='ltr' id='par_1_4' title="bbox 71 2210 1709 3124">
     <span class='ocr_line' id='line_1_26' title="bbox 128 2210 1707 2267; baseline 0.001 -12"><span class='ocrx_word' id='word_1_203' title='bbox 128 2211 172 2256; x_wconf 78' lang='lat'>5.</span> <span class='ocrx_word' id='word_1_204' title='bbox 239 2210 361 2256; x_wconf 92' lang='lat' dir='ltr'>Illud</span> <span class='ocrx_word' id='word_1_205' title='bbox 386 2222 551 2256; x_wconf 86' lang='lat' dir='ltr'>autem</span> <span class='ocrx_word' id='word_1_206' title='bbox 576 2210 623 2255; x_wconf 93' lang='lat' dir='ltr'>in</span> <span class='ocrx_word' id='word_1_207' title='bbox 646 2212 785 2256; x_wconf 90' lang='lat' dir='ltr'>calce</span> <span class='ocrx_word' id='word_1_208' title='bbox 810 2211 1048 2267; x_wconf 87' lang='lat' dir='ltr'>epistolae</span> <span class='ocrx_word' id='word_1_209' title='bbox 1081 2227 1176 2256; x_wconf 92' lang='lat' dir='ltr'>non</span> <span class='ocrx_word' id='word_1_210' title='bbox 1213 2211 1707 2267; x_wconf 87' lang='lat' dir='ltr'>praetermittendum</span> 
     </span>
     <span class='ocr_line' id='line_1_27' title="bbox 74 2288 1707 2346; baseline 0 -13"><span class='ocrx_word' id='word_1_211' title='bbox 74 2288 206 2345; x_wconf 78' lang='lat' dir='ltr'>duxi,</span> <span class='ocrx_word' id='word_1_212' title='bbox 245 2289 374 2346; x_wconf 90' lang='lat' dir='ltr'>quod</span> <span class='ocrx_word' id='word_1_213' title='bbox 413 2304 538 2345; x_wconf 92' lang='lat' dir='ltr'>pene</span> <span class='ocrx_word' id='word_1_214' title='bbox 578 2288 820 2334; x_wconf 89' lang='lat' dir='ltr'>memoria</span> <span class='ocrx_word' id='word_1_215' title='bbox 854 2300 1162 2346; x_wconf 80' lang='lat' dir='ltr'>excesserat,</span> <span class='ocrx_word' id='word_1_216' title='bbox 1199 2288 1428 2345; x_wconf 91' lang='lat' dir='ltr'>proximo</span> <span class='ocrx_word' id='word_1_217' title='bbox 1469 2300 1707 2334; x_wconf 88' lang='lat' dir='ltr'>autumno</span> 
     </span>
     <span class='ocr_line' id='line_1_28' title="bbox 72 2365 1707 2424; baseline 0.001 -14"><span class='ocrx_word' id='word_1_218' title='bbox 72 2381 181 2411; x_wconf 92' lang='lat' dir='ltr'>cum</span> <span class='ocrx_word' id='word_1_219' title='bbox 216 2365 374 2412; x_wconf 79' lang='lat' dir='ltr'>fratre</span> <span class='ocrx_word' id='word_1_220' title='bbox 410 2366 611 2411; x_wconf 83' lang='lat' dir='ltr'>Patrem</span> <span class='ocrx_word' id='word_1_221' title='bbox 648 2382 711 2412; x_wconf 91' lang='lat' dir='ltr'>ex</span> <span class='ocrx_word' id='word_1_222' title='bbox 745 2367 929 2411; x_wconf 88' lang='lat' dir='ltr'>nostris</span> <span class='ocrx_word' id='word_1_223' title='bbox 968 2366 1014 2411; x_wconf 94' lang='lat' dir='ltr'>in</span> <span class='ocrx_word' id='word_1_224' title='bbox 1050 2376 1287 2411; x_wconf 86' lang='lat' dir='ltr'>montana</span> <span class='ocrx_word' id='word_1_225' title='bbox 1321 2365 1464 2424; x_wconf 83' lang='lat' dir='ltr'>hujus</span> <span class='ocrx_word' id='word_1_226' title='bbox 1498 2367 1707 2412; x_wconf 88' lang='lat' dir='ltr'>diocesis</span> 
     </span>
     <span class='ocr_line' id='line_1_29' title="bbox 72 2442 1706 2501; baseline -0.001 -12"><span class='ocrx_word' id='word_1_227' title='bbox 72 2444 319 2501; x_wconf 86' lang='lat' dir='ltr'>euangelii</span> <span class='ocrx_word' id='word_1_228' title='bbox 344 2444 664 2500; x_wconf 89' lang='lat' dir='ltr'>praedicandi</span> <span class='ocrx_word' id='word_1_229' title='bbox 689 2443 858 2500; x_wconf 88' lang='lat' dir='ltr'>gratia</span> <span class='ocrx_word' id='word_1_230' title='bbox 883 2453 1033 2501; x_wconf 91' lang='lat' dir='ltr'>atque</span> <span class='ocrx_word' id='word_1_231' title='bbox 1057 2444 1156 2489; x_wconf 88' lang='lat' dir='ltr'>alia</span> <span class='ocrx_word' id='word_1_232' title='bbox 1178 2443 1452 2489; x_wconf 90' lang='lat' dir='ltr'>ministeria</span> <span class='ocrx_word' id='word_1_233' title='bbox 1487 2442 1706 2489; x_wconf 84' lang='lat' dir='ltr'>Societa-</span> 
     </span>
     <span class='ocr_line' id='line_1_30' title="bbox 72 2521 1704 2579; baseline 0 -13"><span class='ocrx_word' id='word_1_234' title='bbox 72 2522 133 2566; x_wconf 91' lang='lat' dir='ltr'>tis</span> <span class='ocrx_word' id='word_1_235' title='bbox 157 2521 283 2567; x_wconf 91' lang='lat' dir='ltr'>illius</span> <span class='ocrx_word' id='word_1_236' title='bbox 308 2522 527 2579; x_wconf 84' lang='lat' dir='ltr'>regionis</span> <span class='ocrx_word' id='word_1_237' title='bbox 550 2521 828 2567; x_wconf 90' lang='lat' dir='ltr'>hominibus</span> <span class='ocrx_word' id='word_1_238' title='bbox 862 2521 1239 2567; x_wconf 87' lang='lat' dir='ltr'>administrandi</span> <span class='ocrx_word' id='word_1_239' title='bbox 1278 2536 1449 2578; x_wconf 77' lang='lat' dir='ltr'>causa,</span> <span class='ocrx_word' id='word_1_240' title='bbox 1486 2521 1704 2567; x_wconf 89' lang='lat' dir='ltr'>missum.</span> 
     </span>
     <span class='ocr_line' id='line_1_31' title="bbox 77 2599 1708 2656; baseline 0.001 -12"><span class='ocrx_word' id='word_1_241' title='bbox 77 2600 346 2644; x_wconf 82' lang='lat' dir='ltr'>Maximam</span> <span class='ocrx_word' id='word_1_242' title='bbox 372 2599 434 2645; x_wconf 89' lang='lat' dir='ltr'>ibi</span> <span class='ocrx_word' id='word_1_243' title='bbox 460 2609 729 2645; x_wconf 91' lang='lat' dir='ltr'>sementem</span> <span class='ocrx_word' id='word_1_244' title='bbox 768 2615 858 2655; x_wconf 82' lang='lat' dir='ltr'>pro</span> <span class='ocrx_word' id='word_1_245' title='bbox 883 2599 1123 2656; x_wconf 88' lang='lat' dir='ltr'>temporis</span> <span class='ocrx_word' id='word_1_246' title='bbox 1148 2600 1395 2645; x_wconf 85' lang='lat' dir='ltr'>breuitate</span> <span class='ocrx_word' id='word_1_247' title='bbox 1431 2600 1541 2656; x_wconf 90' lang='lat' dir='ltr'>(nec</span> <span class='ocrx_word' id='word_1_248' title='bbox 1581 2600 1708 2645; x_wconf 92' lang='lat' dir='ltr'>enim</span> 
     </span>
     <span class='ocr_line' id='line_1_32' title="bbox 72 2676 1706 2735; baseline 0.001 -13"><span class='ocrx_word' id='word_1_249' title='bbox 72 2677 264 2723; x_wconf 91' lang='lat' dir='ltr'>duobus</span> <span class='ocrx_word' id='word_1_250' title='bbox 288 2678 496 2735; x_wconf 90' lang='lat' dir='ltr'>amplius</span> <span class='ocrx_word' id='word_1_251' title='bbox 521 2677 772 2723; x_wconf 89' lang='lat' dir='ltr'>mensibus</span> <span class='ocrx_word' id='word_1_252' title='bbox 806 2687 1011 2734; x_wconf 90' lang='lat' dir='ltr'>propter</span> <span class='ocrx_word' id='word_1_253' title='bbox 1046 2676 1153 2735; x_wconf 86' lang='lat' dir='ltr'>ejus</span> <span class='ocrx_word' id='word_1_254' title='bbox 1188 2687 1323 2723; x_wconf 87' lang='lat' dir='ltr'>terre</span> <span class='ocrx_word' id='word_1_255' title='bbox 1348 2677 1554 2735; x_wconf 80' lang='lat' dir='ltr'>frigoris</span> <span class='ocrx_word' id='word_1_256' title='bbox 1579 2678 1706 2734; x_wconf 85' lang='lat' dir='ltr'>rigo-</span> 
     </span>
     <span class='ocr_line' id='line_1_33' title="bbox 71 2755 1706 2813; baseline 0 -12"><span class='ocrx_word' id='word_1_257' title='bbox 71 2771 175 2801; x_wconf 90' lang='lat' dir='ltr'>rem</span> <span class='ocrx_word' id='word_1_258' title='bbox 210 2755 273 2801; x_wconf 92' lang='lat' dir='ltr'>ibi</span> <span class='ocrx_word' id='word_1_259' title='bbox 307 2755 517 2801; x_wconf 85' lang='lat' dir='ltr'>detineri</span> <span class='ocrx_word' id='word_1_260' title='bbox 551 2756 856 2812; x_wconf 84' lang='lat' dir='ltr'>potuerunt),</span> <span class='ocrx_word' id='word_1_261' title='bbox 894 2755 1124 2812; x_wconf 85' lang='lat' dir='ltr'>in&#39;gente</span> <span class='ocrx_word' id='word_1_262' title='bbox 1158 2755 1255 2811; x_wconf 83' lang='lat' dir='ltr'>illa,</span> <span class='ocrx_word' id='word_1_263' title='bbox 1283 2755 1590 2812; x_wconf 88' lang='lat' dir='ltr'>negligentia</span> <span class='ocrx_word' id='word_1_264' title='bbox 1624 2771 1706 2813; x_wconf 89' lang='lat' dir='ltr'>pa-</span> 
     </span>
     <span class='ocr_line' id='line_1_34' title="bbox 71 2833 1707 2890; baseline 0.002 -13"><span class='ocrx_word' id='word_1_265' title='bbox 71 2842 260 2879; x_wconf 89' lang='lat' dir='ltr'>storum</span> <span class='ocrx_word' id='word_1_266' title='bbox 285 2833 399 2889; x_wconf 90' lang='lat' dir='ltr'>nihil</span> <span class='ocrx_word' id='word_1_267' title='bbox 423 2849 546 2890; x_wconf 91' lang='lat' dir='ltr'>pene</span> <span class='ocrx_word' id='word_1_268' title='bbox 570 2834 700 2879; x_wconf 91' lang='lat' dir='ltr'>aliud</span> <span class='ocrx_word' id='word_1_269' title='bbox 727 2849 871 2890; x_wconf 91' lang='lat' dir='ltr'>quam</span> <span class='ocrx_word' id='word_1_270' title='bbox 893 2834 1276 2879; x_wconf 87' lang='lat' dir='ltr'>christianorum</span> <span class='ocrx_word' id='word_1_271' title='bbox 1298 2849 1476 2879; x_wconf 89' lang='lat' dir='ltr'>nomen</span> <span class='ocrx_word' id='word_1_272' title='bbox 1497 2834 1707 2880; x_wconf 87' lang='lat' dir='ltr'>retinen-</span> 
     </span>
     <span class='ocr_line' id='line_1_35' title="bbox 71 2911 1705 2970; baseline 0.001 -14"><span class='ocrx_word' id='word_1_273' title='bbox 71 2921 135 2967; x_wconf 89' lang='lat' dir='ltr'>te,</span> <span class='ocrx_word' id='word_1_274' title='bbox 163 2911 405 2969; x_wconf 76' lang='lat' dir='ltr'>fecerunt3</span> <span class='ocrx_word' id='word_1_275' title='bbox 434 2912 612 2957; x_wconf 89' lang='lat' dir='ltr'>idonea</span> <span class='ocrx_word' id='word_1_276' title='bbox 645 2921 829 2968; x_wconf 88' lang='lat' dir='ltr'>tamen,</span> <span class='ocrx_word' id='word_1_277' title='bbox 857 2922 909 2957; x_wconf 92' lang='lat' dir='ltr'>ut</span> <span class='ocrx_word' id='word_1_278' title='bbox 945 2912 1286 2968; x_wconf 87' lang='lat' dir='ltr'>experimento</span> <span class='ocrx_word' id='word_1_279' title='bbox 1323 2912 1577 2969; x_wconf 91' lang='lat' dir='ltr'>cognitum</span> <span class='ocrx_word' id='word_1_280' title='bbox 1615 2922 1705 2970; x_wconf 83' lang='lat' dir='ltr'>est,</span> 
     </span>
     <span class='ocr_line' id='line_1_36' title="bbox 72 2988 1709 3045; baseline 0.002 -12"><span class='ocrx_word' id='word_1_281' title='bbox 72 2998 120 3034; x_wconf 91' lang='lat' dir='ltr'>et</span> <span class='ocrx_word' id='word_1_282' title='bbox 144 2989 379 3045; x_wconf 89' lang='lat' dir='ltr'>disposita</span> <span class='ocrx_word' id='word_1_283' title='bbox 405 2989 466 3034; x_wconf 83' lang='lat' dir='ltr'>ad</span> <span class='ocrx_word' id='word_1_284' title='bbox 491 2989 673 3034; x_wconf 91' lang='lat' dir='ltr'>cultum</span> <span class='ocrx_word' id='word_1_285' title='bbox 697 2989 928 3044; x_wconf 79' lang='lat' dir='ltr'>diuinum,</span> <span class='ocrx_word' id='word_1_286' title='bbox 953 2989 990 3033; x_wconf 88' lang='lat' dir='ltr'>si</span> <span class='ocrx_word' id='word_1_287' title='bbox 1011 2988 1255 3034; x_wconf 89' lang='lat' dir='ltr'>Dominus</span> <span class='ocrx_word' id='word_1_288' title='bbox 1281 2989 1326 3034; x_wconf 95' lang='lat' dir='ltr'>in</span> <span class='ocrx_word' id='word_1_289' title='bbox 1351 2989 1552 3035; x_wconf 77' lang='lat' dir='ltr'>uineam&#39;</span> <span class='ocrx_word' id='word_1_290' title='bbox 1568 3006 1709 3036; x_wconf 89' lang='lat' dir='ltr'>suam</span> 
     </span>
     <span class='ocr_line' id='line_1_37' title="bbox 71 3065 1709 3124; baseline 0.001 -13"><span class='ocrx_word' id='word_1_291' title='bbox 71 3065 329 3122; x_wconf 85' lang='lat' dir='ltr'>operarios</span> <span class='ocrx_word' id='word_1_292' title='bbox 351 3066 558 3111; x_wconf 83' lang='lat' dir='ltr'>¹mittere</span> <span class='ocrx_word' id='word_1_293' title='bbox 592 3066 842 3122; x_wconf 87' lang='lat' dir='ltr'>dignetur.</span> <span class='ocrx_word' id='word_1_294' title='bbox 881 3066 983 3111; x_wconf 89' lang='lat' dir='ltr'>Nec</span> <span class='ocrx_word' id='word_1_295' title='bbox 1021 3076 1095 3111; x_wconf 92' lang='lat' dir='ltr'>est</span> <span class='ocrx_word' id='word_1_296' title='bbox 1130 3065 1358 3122; x_wconf 80' lang='lat' dir='ltr'>profecto</span> <span class='ocrx_word' id='word_1_297' title='bbox 1394 3083 1549 3124; x_wconf 86' lang='lat' dir='ltr'>quare</span> <span class='ocrx_word' id='word_1_298' title='bbox 1584 3067 1709 3113; x_wconf 85' lang='lat' dir='ltr'>alias</span> 
     </span>
    </p>
   </div>
  </div>
 </body>
</html>
