2051 3516
345 278 414 314 238
830 276 1012 312 LITTERA
1020 285 1045 311 E
1072 273 1133 319 Qu
1141 285 1162 308 Α
1170 282 1344 308 Damnst
1351 280 1425 306 RES

1075 494 1147 545 59

771 615 811 660 F
815 611 1198 660 RANCISCUS
1232 609 1448 656 SCIPIO

831 719 1024 745 LAURE‘ro
1050 707 1096 743 29
1122 717 1215 753 MAJI
1243 705 1334 742 1557
1362 706 1385 741 ¹.

297 793 332 830 1.
364 792 475 830 Cura.
495 795 689 838 inopum,
710 795 805 828 tum
825 793 869 828 z'n
890 791 1138 837 corporibus
1156 787 1470 829 sustentandis,
1493 789 1587 823 tum
1606 788 1832 823 inanimis
1851 788 1920 832 pie

370 850 760 888 instituendis—2.
807 850 1033 886 Exercitus
1069 850 1291 894 gallorum
1329 846 1575 882 chztretmn
1613 846 1920 891 pertransit.—

369 909 453 945 3-9.
485 910 722 946 Mnltommz
740 911 830 945 vita
857 911 902 945 in
929 909 1085 944 melius
1115 908 1295 943 [Λακωνίκ’
1321 908 1494 941 mutata
1518 907 1766 941 nostratmn
1793 905 1921 940 mim·-

369 968 620 1005 steria—10.
650 967 804 1004 Bonus
822 967 928 1004 odor
953 971 991 1003 et
1018 966 1279 1003 existinmtso
1308 964 1581 1001 Socz'etatatzs
1608 963 1792 999 Laztretz'
1809 966 1847 999 et
1873 964 1918 999 in

372 1027 545 1072 oppidis
579 1027 735 1062 vicinis
766 1024 1116 1062 meseia—1142.
1161 1024 1407 1060 Vocatsones
1441 1022 1501 1058 ad
1537 1021 1790 1058 Societatem
1823 1021 1919 1066 plu-

373 1096 523 1122 muzae.

355 1175 393 1219 1.
444 1181 471 1228 †
494 1172 618 1219 IHS.
646 1173 761 1218 MA.
784 1174 890 1218 Pax
905 1182 953 1218 et
971 1172 1137 1229 gratia
1155 1170 1336 1216 Christi
1357 1170 1466 1214 Iesu
1486 1169 1547 1214 sit
1566 1169 1875 1214 nobiscum...
1897 1169 1920 1189 ἃ

303 1250 383 1295 Ad
406 1250 495 1295 hec
529 1258 667 1294 tanta
700 1249 1004 1293 immodestia
1038 1248 1081 1293 in
1117 1262 1361 1304 pauperes
1395 1247 1704 1301 obrepserat,
1743 1253 1794 1290 ut
1816 1254 1919 1290 tum

307 1326 616 1382 [per]egrinis
655 1325 689 1382 ¹³,
732 1334 834 1370 tum
878 1326 1055 1381 populo
1098 1324 1368 1369 molestiam
1414 1322 1785 1379 importunitate
1829 1337 1919 1366 sua

305 1402 562 1458 afferrent3
600 1410 762 1457 atque,
800 1402 924 1457 quod
962 1401 1175 1445 deterius
1209 1408 1298 1450 est,
1334 1399 1381 1443 in
1414 1407 1605 1444 tantum
1639 1397 1916 1454 cupiditatis

302 1487 562 1533 uenerant,
609 1487 661 1522 ut
709 1479 862 1523 multa
905 1478 1219 1533 conciperent
1264 1476 1475 1532 flagitia,
1522 1485 1570 1520 et
1619 1476 1689 1520 rei
1734 1475 1910 1532 diuine,

304 1554 526 1609 quamuis
543 1569 726 1609 magna
746 1563 875 1598 esset
895 1554 1174 1608 celebritas,
1202 1562 1406 1608 propter
1430 1553 1619 1596 lucrum
1638 1551 1917 1597 faciendum
1979 1596 1981 1599 Α

305 1645 422 1674 raro
448 1631 752 1675 interessent.
782 1630 1031 1686 Quocirca
1056 1630 1171 1674 data
1206 1640 1276 1673 est
1310 1644 1463 1684 opera
1496 1637 1548 1673 ut
1577 1629 1680 1684 ipse
1714 1628 1916 1673 antistes

305 1705 526 1750 efficeret
560 1707 830 1751 claustrum
861 1707 1105 1762 quoddam
1140 1706 1264 1761 apud
1301 1705 1503 1762 januam
1537 1706 1703 1761 templi
1738 1706 1818 1750 ubi
1852 1705 1915 1749 illi

303 1783 704 1834 cohercerentur,
732 1784 905 1839 quibus
929 1784 1076 1828 etiam
1102 1784 1299 1839 quidam
1324 1783 1400 1827 uir
1425 1793 1498 1828 est
1533 1783 1831 1838 praefectus,
1869 1792 1915 1827 et

303 1873 365 1902 ex
390 1859 688 1914 pauperibus
711 1860 805 1903 duo
829 1869 939 1904 sunt
963 1860 1104 1904 electi
1131 1860 1209 1915 qui
1234 1860 1423 1904 duabus
1447 1859 1629 1904 arculis
1661 1859 1915 1916 conquire-

303 1944 427 1987 rent,
455 1945 787 1991 pararentque
813 1937 1104 1980 elemosinas
1128 1936 1350 1981 omnibus
1375 1936 1751 1981 distribuendas.
1789 1936 1914 1980 Tum

304 2025 440 2066 uero,
469 2020 519 2055 ut
541 2011 735 2055 illorum
761 2013 1100 2056 consuleretur
1130 2012 1411 2067 ignorantie
1441 2022 1589 2068 atque
1619 2012 1780 2069 saluti,
1818 2013 1915 2068 qui-

303 2086 413 2131 dam
447 2101 508 2131 ex
542 2088 724 2132 nostris
759 2089 1002 2144 praelegit
1033 2089 1244 2144 aliquam
1280 2098 1471 2144 partem
1506 2089 1759 2134 doctrinae
1794 2090 1916 2134 chri-

303 2156 494 2208 stianae
525 2179 666 2208 mans:
692 2173 739 2209 et
772 2159 983 2220 uesperi,
1021 2166 1311 2221 instruitque
1345 2166 1564 2211 moribus
1598 2175 1645 2211 et
1680 2167 1917 2222 religione

303 2239 586 2285 christiana.
614 2240 716 2285 Iam
742 2242 1109 2286 commemorati
1134 2258 1393 2298 pauperes,
1431 2252 1479 2288 et
1513 2252 1624 2287 sunt
1657 2242 1915 2287 modestio-

302 2331 398 2372 res,
439 2325 487 2360 et
525 2316 583 2361 de
622 2333 760 2361 more
800 2318 946 2362 rebus
991 2318 1166 2362 diuinis
1205 2319 1445 2363 intersunt
1485 2319 1708 2364 omnibus
1747 2319 1916 2363 diebus

303 2392 459 2437 festis.

361 2469 402 2514 2.
469 2469 577 2513 Non
602 2470 861 2515 mediocris
885 2470 1074 2515 fructus
1099 2471 1188 2516 fuit
1213 2481 1474 2527 perceptus
1504 2482 1606 2517 tum
1632 2488 1693 2517 ex
1728 2472 1918 2517 confes-

350 2624 366 2643 a
421 2616 696 2653 Onu'ttzmtm
710 2617 788 2653 lzoc
809 2618 908 2661 loco,
931 2629 979 2654 ea
998 2629 1110 2663 quae
1126 2623 1230 2654 sunt
1248 2621 1292 2654 l'll.
1314 2631 1386 2655 nn.
1409 2620 1476 2656 J-6
1495 2622 1615 2665 epist.
1636 2620 1700 2657 34.

351 2676 370 2700 b
414 2675 615 2711 Abscissa
635 2676 798 2712 ἅπαντα.

351 2805 360 2827 ¹
415 2803 477 2839 Ex
495 2806 727 2851 apographo
746 2806 786 2842 in
805 2807 889 2843 cod.
910 2807 1037 2843 Rom.
1067 2806 1146 2843 126
1174 2808 1221 2848 A,
1243 2808 1265 2843 3
1282 2807 1340 2852 ff,
1361 2821 1425 2844 nn.
1445 2808 1518 2853 3-53
1540 2809 1649 2855 prius
1675 2808 1796 2852 43-453
1824 2809 1918 2845 olim

301 2862 422 2899 56-61.
443 2862 567 2898 Plura
584 2863 625 2899 in
644 2865 717 2900 hac
737 2865 905 2911 epistola
923 2870 1161 2911 repetuntur
1181 2879 1230 2902 ex
1248 2867 1309 2902 his
1328 2880 1431 2913 quae
1452 2867 1638 2903 dicuntur
1656 2867 1696 2903 in
1716 2868 1830 2914 epist.
1851 2868 1915 2912 34;

303 2934 406 2967 quae
425 2934 495 2957 nos
514 2922 754 2968 omittemus,
776 2924 996 2960 indicantes
1015 2930 1150 2960 tamen
1169 2925 1277 2962 illius
1298 2927 1492 2972 epistolae
1513 2928 1612 2970 loca,
1635 2927 1702 2963 ubi
1721 2928 1783 2964 hic
1802 2928 1918 2964 omis-

303 2992 347 3015 sa
361 2980 630 3017 inveniantur.
656 2982 804 3018 Menda
830 2984 1139 3030 orthographica
1166 2984 1309 3030 quibus
1328 2986 1547 3031 apograph.
1581 2986 1770 3030 abundat,
1800 2985 1917 3023 facile

304 3038 478 3081 corrig-et
497 3040 670 3085 prudens
689 3041 826 3077 lector.
846 3042 927 3078 Nos
945 3055 1073 3089 pauca
1091 3047 1247 3078 tantum
1266 3048 1462 3080 notamus.
