2051 3516
377 266 447 301 312
842 266 1059 303 LITTERAE
1088 267 1441 312 QUADRIMEs'rREs

389 360 430 405 ὁ.
498 361 637 406 Multi
662 361 739 407 hic
764 362 930 419 Prage
953 373 1064 407 sunt
1086 361 1286 407 heretici
1313 371 1359 405 et
1383 360 1559 416 aperti:
1589 360 1849 416 bibliopole
1872 360 1952 406 he-

331 437 513 482 reticos
553 438 704 483 libros
742 438 933 494 publice
973 438 1205 492 vendunt,
1243 436 1458 481 omnium
1493 436 1722 481 heresum
1755 436 1951 482 foetor'e

331 513 553 559 infectos.
595 514 700 560 Nec
734 524 899 560 tamen
934 514 1277 560 contradicunt
1311 521 1539 568 pastores
1573 513 1712 569 lupis.
1750 512 1878 569 Quid
1912 513 1952 558 si

330 606 418 635 nos
442 591 862 636 contradicamus?
885 591 992 635 Non
1013 591 1188 646 placet:
1212 605 1326 633 nam
1346 588 1652 633 conniuenda
1671 597 1782 634 sunt
1799 589 1952 634 multa

329 666 495 711 dicunt
519 666 698 712 domini
723 667 965 721 catholici,
993 676 1041 711 et
1064 665 1357 722 praesertim
1383 665 1523 709 nobis
1546 665 1808 714 tacendum
1842 679 1950 709 esse

329 753 545 789 censent.
588 743 694 800 Quo
734 743 784 788 fit
819 753 870 789 ut
902 743 1194 789 bibliothece
1229 741 1418 786 visitari
1453 757 1547 786 non
1584 741 1770 798 possint
1803 751 1950 798 atque

328 821 617 876 expurgari.
645 819 880 865 Similiter
904 821 1255 876 impressorum
1280 817 1523 862 officinae:
1551 818 1854 874 libenterque
1872 833 1948 863 co-

326 911 560 941 naremur
598 905 649 941 ut
683 898 857 941 saltem
889 911 984 940 non
1022 896 1381 939 inualescerent
1414 902 1486 938 tot
1520 909 1728 949 venena,
1764 894 1849 938 sed
1873 908 1947 938 su-

325 973 481 1028 premi
520 972 642 1017 haec
681 973 1004 1028 supprimunt,
1047 983 1195 1027 atque
1235 971 1303 1015 sic
1343 970 1623 1014 cunctando
1668 970 1947 1025 respublica

326 1058 474 1104 atque
509 1050 754 1094 catholica
788 1049 963 1105 religio
997 1048 1231 1104 paulatim
1263 1047 1586 1103 supprimitur
1617 1062 1728 1091 cum
1763 1047 1946 1103 ingenti

325 1126 490 1170 cordis
513 1126 668 1171 nostri
693 1126 879 1170 dolore.
920 1125 1029 1181 Ego
1064 1125 1190 1169 enim
1225 1125 1391 1178 credo,
1428 1124 1468 1168 si
1503 1123 1712 1168 viriliter
1745 1132 1794 1168 et
1827 1132 1946 1168 stre·

326 1217 422 1246 nue
460 1202 906 1258 contradiceretur,
947 1218 1039 1246 non
1080 1202 1235 1245 solum
1282 1200 1551 1245 lutheranis
1595 1200 1674 1256 qui
1716 1200 1793 1244 hic
1835 1208 1948 1245 sunt

326 1278 542 1335 Pragae,
570 1278 654 1323 sed
679 1287 726 1323 et
750 1277 946 1323 hussitis
970 1278 1082 1333 (hoc
1106 1292 1200 1332 ego
1226 1278 1288 1321 ab
1313 1276 1420 1321 aliis
1443 1277 1612 1332 accepi
1636 1275 1730 1320 fide
1748 1275 1944 1332 dignis),

325 1356 463 1400 multi
498 1365 928 1409 conuerterentur,
965 1355 1042 1411 qui
1084 1355 1319 1399 maiorem
1362 1363 1630 1409 sequuntur
1668 1368 1942 1398 numerum.

324 1431 489 1487 Atque
512 1432 718 1476 aliorum
747 1440 1183 1486 compescerentur
1208 1441 1414 1475 conatus
1440 1430 1579 1485 (proh
1611 1429 1769 1486 dolor)
1803 1429 1945 1474 nimis

323 1507 555 1551 audaces.

382 1583 422 1627 7.
490 1583 733 1639 Magister
757 1581 1049 1628 Ghurtadus
1075 1584 1085 1606 ¹
1113 1576 1284 1627 diebus
1307 1581 1561 1644 ferialibus
1585 1581 1797 1638 logicam
1834 1597 1939 1637 pro-

322 1658 488 1704 fitetur
508 1659 735 1704 Caesarii
756 1661 786 1717 ²,
809 1660 978 1704 diebus
998 1675 1119 1704 vero
1139 1659 1393 1703 dominicis
1417 1658 1770 1703 cathecismum
1796 1659 1940 1709 domi;

322 1736 562 1791 magister
596 1734 855 1781 Gerardus
880 1736 895 1759 3
920 1736 1271 1781 cathecismum
1308 1735 1353 1779 in
1388 1750 1505 1779 arce
1540 1735 1709 1780 diebus
1743 1735 1942 1780 domini-

320 1811 405 1868 cis,
433 1811 687 1857 ferialibus
711 1828 834 1857 vero
858 1812 903 1857 in
929 1812 1139 1868 collegio
1163 1820 1352 1867 nostro,
1379 1826 1534 1867 greca
1559 1820 1674 1855 acta
1698 1811 1937 1867 apostolo-

317 1903 425 1932 rum
451 1903 561 1933 cum
585 1888 931 1943 partitionibus
956 1888 1229 1932 Ciceronis.
1268 1887 1535 1932 Florianus
1569 1888 1585 1911 4
1624 1887 1942 1932 concionibus

319 1964 365 2008 in
401 1966 582 2020 templo
618 1974 787 2009 nostro
822 1980 874 2009 se
908 1973 1110 2009 exercet
1143 1979 1251 2008 cum
1283 1968 1466 2020 magna
1496 1963 1777 2008 auditorum
1802 1964 1940 2008 satis-

318 2039 536 2085 factione
561 2055 655 2085 non
680 2055 968 2098 paucorum,
996 2040 1091 2085 iam
1118 2040 1244 2085 enim
1269 2040 1503 2095 templum
1538 2048 1762 2084 nostrum
1787 2055 1816 2084 a
1840 2041 1940 2096 plu-

318 2116 470 2172 ribus,
497 2117 790 2172 praesertim
811 2117 980 2162 diebus
1004 2116 1158 2171 festis,
1186 2116 1361 2161 teritur
1381 2131 1527 2172 quam
1552 2125 1716 2161 antea.
1738 2115 1941 2161 Vocant

319 2207 408 2237 nos
452 2194 744 2249 quandoque
790 2194 1017 2238 catholici
1063 2193 1124 2237 ad
1175 2202 1378 2249 egrotos
1421 2193 1768 2248 consolandos,
1813 2193 1940 2238 inter

318 2285 441 2325 quos
465 2270 662 2325 quidam
687 2271 834 2315 italus
858 2269 1154 2314 decumbens
1178 2285 1285 2314 cum
1312 2284 1436 2325 pene
1460 2269 1681 2314 ultimum
1716 2269 1939 2325 spiritum

317 2346 553 2391 exhalare
578 2346 867 2402 minaretur,
895 2346 1108 2391 monitus
1132 2355 1183 2390 ut
1207 2345 1526 2390 confiteretur
1560 2354 1707 2402 atque
1741 2361 1938 2391 sacrum

316 2437 496 2477 corpus
520 2422 812 2467 dominicum
838 2422 1131 2478 perciperet,
1159 2422 1287 2478 quod
1312 2437 1341 2466 a
1366 2421 1530 2466 multis
1563 2421 1703 2466 annis
1737 2438 1831 2467 non
1870 2422 1938 2468 fe-

316 2509 472 2548 cerat,
499 2508 830 2555 perceptoque
855 2508 1065 2554 Vtroque
1100 2509 1438 2550 sacramento„
1470 2507 1672 2554 praeter
1706 2507 1938 2555 expecta-

316 2574 497 2619 tionem
523 2575 713 2620 illorum
738 2575 818 2631 qui
843 2575 884 2619 ei
919 2575 1145 2631 aderant,
1182 2575 1433 2619 conualuit
1468 2575 1513 2619 in
1547 2575 1650 2620 dies
1685 2575 1844 2631 magis
1877 2590 1938 2621 ac

313 2652 486 2707 magis,
530 2662 677 2708 atque
711 2652 966 2708 pristinam
1000 2652 1262 2696 sanitatem
1298 2653 1433 2696 breui
1469 2651 1800 2707 recuperauit,
1837 2638 1934 2697 non

313 2743 432 2772 sane
456 2729 641 2783 absque
666 2728 865 2785 speciali
890 2728 982 2773 Dei
1006 2728 1364 2773 misericordia.

351 2885 369 2920 .¹
422 2883 630 2919 Hurtadus
652 2884 787 2919 Perez.

358 2943 370 2960 ²
416 2942 593 2987 joannes
613 2942 846 2987 Caesarius,
867 2944 1112 2991 J'uliacensis.

357 3002 369 3020 ³
421 3000 628 3037 Gerardus
647 3002 893 3039 XVerdenus.

357 3061 368 3078 ⁴
422 3060 527 3096 Vide
548 3062 743 3107 superius,
767 3075 846 3108 pag
864 3062 945 3105 264,
968 3067 1101 3099 annot.
1123 3061 1157 3098 3.
