2051 3516
613 331 949 369 165.——PANORMO
979 334 1017 369 11
1047 333 1157 379 MAJI
1188 333 1277 369 1558
1651 334 1722 370 655

131 427 244 472 dam
269 428 564 482 constitutis,
593 428 679 472 sed
702 428 909 484 singulis
928 429 1079 475 etiam
1102 428 1210 473 fere
1234 429 1423 486 diebus,
1458 429 1695 487 plurimos
1720 429 1765 474 in

130 504 407 549 huiusmodi
448 504 716 550 utilissimis
751 506 945 562 quidem
987 506 1426 561 disceptationibus
1467 521 1767 563 progressus

130 580 320 626 faciunt
344 581 580 637 discipuli.
608 581 713 626 Nec
737 582 782 626 id
806 583 966 627 solum
992 583 1119 627 inter
1142 591 1343 627 nostros
1367 598 1490 638 quos
1525 583 1766 628 habemus

130 658 413 714 diligentiae
438 668 639 704 nostrae
664 660 880 705 creditos
904 660 1107 705 iuuenes
1130 659 1309 704 cotidie
1334 659 1401 713 fit,
1435 661 1521 706 sed
1546 661 1765 706 nonnulli

129 735 417 791 saepissime
442 751 471 780 a
496 735 746 791 discipulis
769 737 1057 791 innitantur,
1080 752 1254 781 eorum
1277 747 1471 784 mutuas
1490 738 1765 793 spectaturi

129 804 543 867 concertationes,
572 814 701 869 quod
737 814 869 859 hisce
904 814 1074 859 diebus
1108 814 1302 859 cuidam
1336 814 1501 860 iuueni
1537 816 1766 872 eloquen-

128 889 227 934 tiae
252 889 517 935 candidato
543 906 634 935 usu
660 890 808 945 uenit3
836 906 948 935 cum
968 891 1096 936 enim
1115 906 1232 936 suas
1253 891 1311 935 de
1336 907 1473 936 more
1494 892 1767 937 conclusio-

129 982 216 1011 nes
232 967 579 1023 condiscipulis
596 968 928 1013 discutiendas
945 968 1301 1025 proposuisset,
1326 977 1466 1013 ratus
1486 969 1767 1014 uberiorem

129 1043 326 1100 frugem
350 1044 461 1089 inde
486 1060 537 1089 se
561 1045 847 1100 allaturum,
875 1046 915 1090 si
939 1045 1127 1101 aliquot
1152 1045 1485 1102 ludimagistri
1510 1055 1595 1090 aut
1615 1046 1660 1090 id
1685 1062 1770 1102 ge-

129 1136 220 1166 nus
245 1121 392 1177 aliqui
417 1122 600 1167 literati
624 1123 872 1179 adessent,
900 1138 985 1167 eos
1021 1123 1248 1168 inuitauit
1282 1123 1449 1179 eisque
1485 1124 1768 1179 propositas

128 1190 447 1255 quaestiones
467 1199 653 1256 aliquot
673 1209 787 1245 ante
807 1200 926 1254 dieS,
948 1201 1190 1246 audacius
1209 1217 1357 1257 quam
1377 1201 1663 1259 sperabam,
1687 1203 1768 1246 ob-

129 1276 255 1321 tulit.
280 1275 428 1321 Vnde
446 1277 584 1322 multi
603 1293 665 1322 ex
685 1277 773 1333 his,
797 1277 875 1334 qui
895 1277 973 1322 hic
992 1278 1331 1334 celebrantur,
1354 1278 1768 1334 praeceptoribus

130 1369 182 1398 se
207 1353 457 1399 affuturos
481 1364 593 1399 sunt
617 1354 835 1411 polliciti.
863 1355 1032 1411 Aliqui
1056 1355 1206 1400 etiam
1232 1356 1313 1411 qui
1348 1355 1686 1412 philosophiae
1722 1366 1771 1401 et

128 1432 424 1479 dialecticae
447 1432 609 1477 studio
633 1443 834 1487 uacant,
862 1433 991 1478 idem
1016 1433 1366 1489 promiserunt.
1395 1433 1619 1479 Tandem
1656 1449 1768 1478 con-

130 1511 301 1556 stituto
326 1511 423 1556 iam
454 1510 547 1567 die,
583 1520 636 1555 ut
672 1509 775 1555 fieri
810 1520 959 1556 antea
994 1520 1346 1566 consueuerat,
1385 1520 1769 1566 praeceptorum

130 1589 208 1633 uel
233 1603 399 1644 pugna
423 1588 528 1632 solo
552 1587 748 1632 nomine
774 1588 1071 1643 perterritus
1097 1588 1174 1632 uel
1208 1587 1317 1632 aliis
1350 1587 1592 1632 distentus
1626 1602 1768 1632 occu-

127 1656 408 1722 pationibus
438 1681 498 1709 ne
532 1680 658 1709 unus
692 1664 887 1720 quidem
922 1664 1160 1710 interfuit.
1194 1664 1405 1709 quenes
1441 1679 1565 1720 quos
1600 1679 1768 1709 recen—

128 1742 218 1795 sui,
241 1742 589 1798 philosophicis
609 1757 668 1786 ac
688 1742 960 1787 dialecticis
981 1741 1262 1798 praeceptis
1282 1741 1472 1798 imbuti,
1496 1757 1591 1786 non
1612 1740 1768 1786 affue-

130 1829 243 1864 runt
266 1820 428 1874 modo,
460 1834 633 1865 verum
659 1819 808 1864 etiam
834 1819 1044 1875 primum
1064 1818 1344 1875 disputandi
1364 1819 1526 1863 locum
1549 1817 1768 1863 obtinue-

129 1906 260 1954 runt;
289 1897 367 1953 qui
393 1897 509 1942 licet
532 1897 687 1941 multa
711 1896 1047 1952 philosophice
1084 1895 1246 1952 magis
1281 1906 1329 1940 et
1364 1895 1624 1940 dialectice
1660 1911 1768 1951 pro-

129 1984 373 2031 ponerent
397 1990 542 2031 quam
568 1974 806 2031 oratorie,
834 1974 1160 2019 solutionibus
1183 1982 1348 2019 tamen
1385 1974 1448 2018 ab
1482 1988 1540 2018 eo
1577 1972 1656 2029 qui
1691 1972 1768 2017 de-

129 2051 364 2097 fendebat
388 2052 590 2108 eiusque
615 2061 945 2108 praeceptore
969 2051 1031 2095 ad
1057 2066 1160 2095 rem
1186 2051 1411 2107 apposite
1436 2050 1617 2106 allatis,
1639 2050 1768 2106 quie-

130 2129 164 2173 ti
189 2145 249 2174 ac
274 2129 501 2186 ingentes
524 2129 665 2174 nobis
689 2128 819 2186 quod
844 2128 904 2173 ad
931 2128 1291 2184 disputationes
1325 2128 1534 2172 fuissent
1569 2127 1770 2172 admissi

124 2207 324 2264 ¹gratias
349 2215 558 2263 agentes
584 2215 919 2251 recesserunt.
947 2206 1057 2251 Deo
1077 2205 1191 2262 Opt.
1216 2205 1352 2250 Max.
1381 2206 1490 2250 laus
1514 2221 1573 2249 ac
1592 2205 1767 2260 honor,

131 2299 273 2341 quem
297 2284 473 2328 horum
492 2283 707 2328 omnium
726 2283 974 2328 bonorum
994 2292 1223 2328 autorem
1244 2298 1388 2327 nemo
1408 2281 1498 2327 nisi
1518 2281 1769 2326 hominum

68 2365 82 2370 '
130 2377 277 2407 sensu
303 2361 495 2418 penitus
520 2360 785 2406 destitutus
810 2360 1030 2417 negabit.

218 2438 420 2483 Interim
445 2438 573 2483 Rda.
598 2438 652 2484 P.
675 2448 777 2495 tua,
800 2448 851 2482 ut
876 2438 1018 2493 solet,
1042 2454 1130 2483 nos
1154 2438 1256 2482 suis
1281 2437 1590 2481 orationibus
1614 2451 1674 2481 ac
1693 2451 1769 2480 sa-

129 2516 327 2561 crificiis
351 2515 482 2572 apud
502 2515 664 2560 Deum
684 2531 831 2572 quam
858 2515 1139 2560 arctissime
1159 2514 1543 2567 commendabit,
1566 2523 1619 2558 ut
1639 2513 1769 2569 quod

129 2595 384 2651 coepimus
408 2594 653 2651 persequi,
680 2603 729 2639 et
753 2594 882 2651 quod
907 2604 1136 2650 superest
1160 2595 1264 2638 eius
1288 2593 1466 2638 fauore
1496 2592 1771 2648 adimplere

130 2672 401 2717 ualeamus.
441 2670 676 2716 Panormi
705 2687 835 2716 anno
870 2671 1227 2716 incarnationis
1262 2670 1373 2715 Dni.
1403 2669 1453 2713 M
1497 2669 1543 2713 D
1582 2667 1765 2714 LVIII.

129 2749 200 2794 XI
224 2749 358 2794 Maii.

217 2826 376 2872 Rdae.
405 2826 525 2872 Ptis.
553 2836 669 2871 tuae
687 2841 864 2872 seruus
888 2827 935 2871 in
960 2826 1067 2883 X.0‚

753 2939 975 2985 IoANNEs
1009 2938 1264 2983 BAPTIsTA
1298 2936 1612 2982 CARMINATA
1647 2939 1677 2982 ¹.

179 3151 186 3169 ¹
242 3149 348 3186 Vide
368 3150 569 3197 superius,
592 3163 685 3196 pag.
704 3150 762 3191 55,
785 3156 924 3186 annot.
946 3149 982 3185 2.
