2051 3516
412 345 481 380 854
873 342 1096 379 LITTERAE
1123 342 1474 387 QUADRIMESTRES

357 442 628 489 Germania
651 443 836 489 habere
861 451 1159 488 momentum
1183 441 1288 498 ipsa
1323 450 1535 487 testatur
1573 442 1893 500 experientia,
1926 452 1974 488 et

357 535 420 565 ex
438 518 771 565 confitentium
795 528 843 565 et
861 518 1328 564 communicantium
1347 518 1490 564 solito
1509 517 1837 564 numerosiori
1856 519 1972 564 mul-

357 596 560 642 titudine
584 596 749 653 colligi
774 612 869 641 non
894 596 1106 641 obscure
1130 604 1307 652 potest.

417 672 663 718 Effectum
687 682 761 718 est
785 673 913 729 apud
938 671 1256 717 Rdissimum.
1284 672 1599 717 viennensem
1623 673 1635 696 ¹
1671 671 1810 717 nobis
1844 671 1974 717 addi-

358 749 645 806 ctissimum,
667 758 721 795 vt
744 749 868 794 hora
893 748 1144 794 concionis
1164 764 1192 793 a
1211 748 1391 794 nostris
1412 748 1591 794 mutari
1611 748 1779 805 possit,
1801 763 1975 804 nempe

358 836 411 872 vt
435 835 550 872 ante
574 841 816 872 summum
842 841 1057 881 sacrum,
1080 825 1209 882 quod
1228 825 1455 882 deinceps
1473 825 1518 870 in
1538 825 1753 882 gratiam
1772 834 1873 871 turn
1893 840 1974 882 po-

359 903 456 961 puli
480 902 760 948 viennensis
783 911 884 948 tum
909 902 1243 958 hispanorum,
1277 902 1356 959 qui
1387 901 1733 948 instantissime
1763 902 1809 947 id
1838 902 1974 947 effla-

358 980 598 1037 gitarunt,
626 979 928 1036 cantabitur,
955 978 1127 1024 concio
1146 979 1407 1025 habeatur.
1442 978 1554 1035 Qua
1578 978 1838 1024 occasione
1872 994 1974 1035 spe-

360 1072 530 1103 ramus
569 1057 678 1102 fore
703 1065 756 1102 vt
794 1072 890 1102 non
930 1056 1191 1101 mediocris
1228 1056 1290 1101 ad
1328 1056 1562 1113 pietatem
1601 1065 1649 1101 et
1688 1055 1976 1112 religionem

359 1134 679 1180 christianam
704 1133 788 1179 fiat
811 1134 1048 1180 accessio.
1077 1133 1399 1190 Compertum
1428 1133 1555 1179 enim
1584 1134 1822 1179 habemus
1845 1133 1976 1179 hisce

359 1212 508 1257 rebus
527 1212 657 1257 trahi
676 1212 925 1269 populum,
945 1227 1088 1268 quem
1107 1211 1171 1257 ad
1186 1211 1381 1256 litanias
1397 1211 1461 1256 ab
1479 1210 1858 1256 adolescentulis
1877 1210 1976 1266 qui-

359 1289 583 1346 busdam,
607 1288 686 1345 qui
705 1288 834 1345 apud
852 1304 942 1334 nos
960 1297 1087 1342 sunt,
1111 1288 1366 1334 decantari
1385 1287 1572 1344 solitas,
1593 1287 1843 1333 turmatim
1863 1302 1975 1332 con·

360 1366 514 1412 fluere
537 1366 798 1411 cernimus.

417 1443 457 1488 2.
525 1441 911 1488 Proficiscuntur
941 1441 1089 1487 etiam
1114 1456 1462 1498 nonnunquam
1486 1440 1657 1497 nostri,
1690 1441 1753 1486 ab
1776 1440 1976 1498 optima-

359 1519 489 1565 tibus
512 1519 654 1564 huius
678 1518 814 1564 vrbis
838 1518 1020 1575 rogati,
1047 1518 1109 1563 ad
1132 1519 1242 1564 loca
1267 1517 1447 1575 vicina,
1474 1527 1527 1563 vt
1550 1533 1691 1563 suam
1714 1517 1777 1563 ibi
1796 1517 1843 1562 in
1865 1532 1977 1562 con-

360 1596 603 1643 cionando
628 1604 884 1652 praestent
908 1610 1130 1652 operam.
1157 1594 1208 1640 In
1233 1594 1507 1640 cathedrali
1531 1610 1725 1651 quoque
1749 1594 1974 1649 ecclesia,

360 1673 473 1719 dum
507 1673 695 1718 Rdiss.0
730 1688 819 1729 per
852 1672 1204 1728 occupationes
1238 1673 1317 1717 vel
1349 1671 1612 1717 aduersam
1646 1672 1977 1718 valetudinem

359 1767 455 1796 non
479 1750 608 1807 licet,
636 1749 790 1796 nostri
808 1750 958 1807 ipsius
977 1751 1023 1795 in
1043 1765 1245 1795 munere
1277 1748 1600 1795 concionandi
1636 1749 1770 1795 vices
1799 1764 1978 1806 gerere

360 1836 673 1884 expetuntur.

418 1905 460 1950 3.
529 1904 791 1961 Plaerique
815 1903 907 1949 Dei
932 1904 1114 1960 gratia,
1136 1912 1419 1949 nostrorum
1438 1918 1592 1960 opera
1611 1904 1674 1948 ab
1693 1902 1885 1948 haeresi
1905 1917 1976 1948 re-

362 1982 632 2038 sipuerunt,
668 1994 887 2038 quorum
919 1994 1053 2025 vmcs
1086 1982 1191 2025 iam
1224 1994 1278 2025 se
1312 1980 1455 2025 nobis
1494 1979 1736 2025 adiunxit
1762 1979 1979 2024 sartoris

359 2059 593 2116 fungens
630 2057 827 2116 Officio.
869 2057 969 2102 Alii
998 2057 1044 2102 in
1087 2056 1180 2103 fide
1209 2066 1321 2102 sunt
1357 2056 1646 2103 confirmati.
1688 2056 1787 2102 Alii
1820 2056 1976 2113 perfe-

362 2135 522 2182 ctiora
546 2134 694 2180 etiam
718 2133 911 2191 sectati,
936 2149 1144 2190 quorum
1173 2133 1404 2190 nonnulli,
1437 2133 1615 2190 spretis
1645 2133 1809 2178 mundi
1837 2132 1978 2178 huius

363 2211 623 2268 illecebris,
650 2211 832 2256 nostris
860 2225 913 2256 se
944 2210 1041 2256 iam
1070 2210 1416 2264 adiunxerunt;
1449 2202 1665 2255 nonnulli
1695 2225 1831 2267 uero,
1864 2209 1977 2255 dum

362 2297 680 2334 sacramenta
704 2287 1023 2344 frequentare
1047 2297 1094 2332 et
1119 2302 1228 2333 cum
1252 2287 1432 2333 nostris
1450 2286 1716 2333 familiaria
1734 2285 1978 2343 colloquia

364 2365 574 2411 miscere
598 2375 826 2421 pergunt,
854 2364 1038 2409 dabunt
1062 2372 1110 2409 et
1139 2364 1227 2420 ipsi
1257 2373 1478 2421 tempore
1508 2374 1751 2424 oportuno
1781 2363 1977 2409 nomina

363 2457 454 2487 sua
472 2443 562 2487 sub
586 2440 944 2499 gloriosissimo
968 2440 1202 2497 pauperis
1226 2451 1272 2485 et
1296 2439 1518 2486 crucifixi
1538 2439 1735 2485 Domini
1753 2439 1871 2500 Jesu
1895 2454 1976 2484 ve-

362 2519 494 2564 xillo.
517 2518 876 2564 Adolescentes
895 2517 1060 2574 plures
1079 2526 1190 2562 sunt
1210 2517 1288 2573 qui
1309 2517 1541 2573 proximis
1563 2517 1733 2562 diebus
1752 2516 1864 2561 dum
1895 2516 1975 2562 ad-

365 2605 493 2640 esset
512 2595 589 2640 hic
612 2594 766 2639 Rdus.
794 2594 848 2639 P.
868 2594 1182 2651 prouincialis
1198 2595 1229 2649 ²,
1252 2594 1415 2639 multis
1434 2593 1700 2650 lachrymis
1716 2602 1973 2650 oportune,

364 2672 639 2729 importune
657 2671 908 2717 instabant
926 2680 980 2717 vt
997 2671 1043 2716 in
1059 2670 1356 2716 Societatem
1378 2671 1527 2727 recipi
1547 2679 1761 2727 possent.
1781 2669 1975 2715 Potissi-

365 2764 445 2794 ma
470 2757 636 2794 autem
661 2764 807 2805 quam
834 2749 1096 2806 vrgebant,
1123 2763 1275 2793 causa
1302 2748 1423 2793 haec
1449 2756 1573 2803 erat,
1601 2747 1729 2804 quod
1752 2762 1781 2792 a
1804 2762 1976 2803 paren-

365 2825 492 2870 tibus
515 2834 563 2871 et
586 2825 755 2871 amicis
778 2825 1057 2881 haereticis,
1085 2825 1163 2870 vel
1186 2824 1321 2870 inuiti
1345 2833 1646 2881 cogerentur
1675 2839 1783 2870 esse
1806 2824 1975 2869 haere-

364 2900 461 2958 tici3
489 2901 692 2958 proinde
715 2911 919 2958 paratos
942 2917 995 2947 se
1028 2916 1136 2948 esse
1171 2901 1345 2958 quouis
1382 2901 1580 2947 tandem
1614 2901 1684 2946 ire
1722 2909 1770 2946 et
1808 2900 1976 2946 officia

412 3084 422 3102 ¹
476 3081 681 3119 Antonius
698 3081 803 3119 Brus
822 3082 871 3119 de
890 3082 1075 3130 Muglitz.

413 3142 426 3162 ²
476 3141 523 3179 B.
544 3140 691 3179 Petrus
711 3140 912 3179 Canisius.
