2051 3516
407 303 475 340 402
866 303 1085 341 LITTERAE
1111 303 1465 349 QUADRIMESTRES

362 400 499 456 pueri
524 414 617 445 non
641 400 760 445 satis
785 400 906 445 bene
936 416 1078 456 posse
1112 399 1298 444 habere
1331 398 1552 454 hyberno
1587 407 1809 454 tempore
1843 398 1973 443 uide-

361 486 546 522 rentur.
595 476 853 521 Refectum
900 486 973 521 est
1017 477 1182 532 igitur,
1229 490 1289 519 ac
1333 474 1577 519 sublatum
1622 475 1970 531 pauimentum,

311 584 319 595 ,
359 553 486 609 quod
512 569 574 598 ex
596 552 789 608 tabulis,
829 562 878 598 ut
912 553 1050 597 huius
1086 551 1303 608 regionis
1337 550 1548 607 frigidae
1583 559 1761 595 natura
1795 551 1968 607 poscit,

360 638 695 674 constructum
736 639 861 687 erat,
904 630 1128 686 iniicique
1161 637 1350 673 tantum
1384 636 1551 672 terrae
1586 636 1778 683 ceptum
1812 628 1973 683 quoad

361 706 719 762 hypocaustum
744 707 911 751 schola
936 714 1188 761 assurgat.

417 784 460 829 4.
525 783 635 843 Jam
679 783 839 828 studia
882 783 1165 838 theologica
1211 782 1336 838 (laus
1385 781 1511 838 Deo)
1562 781 1744 826 rectius
1792 780 1975 826 habent

362 875 504 916 quam
529 869 691 915 antea3
719 860 998 905 excitantur
1022 860 1146 904 enim
1173 858 1408 915 paulatim
1439 857 1773 903 studiosorum
1808 857 1973 913 animi,

361 952 469 981 cum
495 936 745 992 diligentia
770 936 1123 992 professorum,
1161 945 1261 980 tum
1298 935 1538 979 honorum
1573 934 1834 979 delatione.
1874 933 1978 979 Ma·

360 1014 524 1058 theum
548 1013 667 1069 legit
691 1013 1011 1071 Couillonius;
1039 1024 1268 1069 quartum
1292 1011 1646 1057 sententiarum
1667 1011 1763 1056 iam
1788 1010 1894 1056 fere
1913 1011 1975 1056 ad

361 1089 502 1135 finem
529 1090 757 1146 perduxit
781 1090 932 1135 Pater
956 1090 1270 1135 Hermandus
1295 1091 1325 1133 ¹.
1353 1088 1574 1133 Audiunt
1592 1104 1652 1133 ex
1676 1087 1860 1133 nostris
1878 1087 1976 1133 fra-

361 1167 515 1212 tribus
541 1168 751 1223 quinque
775 1167 1106 1223 theologicam
1132 1166 1407 1215 lectionem;
1442 1165 1643 1210 totidem
1677 1180 1740 1210 ex
1773 1180 1868 1221 quo
1902 1165 1978 1210 hic

361 1259 526 1289 sumus
560 1243 864 1288 baccalaurii
897 1248 918 1268 ³
952 1242 1231 1299 theologiae
1266 1242 1421 1286 creati
1455 1250 1582 1297 sunt,
1611 1258 1635 1286 e
1660 1241 1831 1298 quibus
1856 1257 1978 1286 unus

362 1331 435 1366 est
460 1321 607 1366 etiam
633 1321 926 1366 Theodorus
949 1329 1117 1365 noster
1143 1322 1172 1364 ²:
1202 1319 1551 1364 authoritatem
1572 1334 1631 1363 ea
1652 1334 1731 1363 res
1751 1318 1792 1363 ei
1812 1318 1976 1374 addet,

362 1406 410 1442 et
443 1397 546 1442 eius
581 1397 895 1442 concionibus
934 1397 1112 1453 latinis,
1156 1411 1277 1452 quas
1316 1396 1486 1440 diebus
1525 1395 1777 1439 dominicis
1810 1394 1974 1452 habet,

361 1485 407 1518 et
440 1473 733 1530 professioni
769 1473 1068 1518 haebraicae
1109 1488 1197 1517 nec
1232 1488 1326 1517 non
1365 1481 1413 1517 et
1447 1487 1681 1527 graecae;
1720 1471 1977 1516 lectionem

361 1550 487 1595 enim
512 1550 770 1607 publicam,
798 1559 849 1595 ut
873 1550 1035 1603 audio,
1074 1565 1201 1594 nunc
1235 1558 1497 1594 uacantem
1532 1549 1759 1605 princeps
1793 1547 1940 1593 Ill.mus
1963 1548 1978 1571 ³

362 1626 426 1671 illi
459 1626 681 1683 iniungit.

420 1704 463 1748 5.
530 1703 608 1747 Ad
632 1703 899 1760 principem
925 1703 1083 1757 uenio,
1110 1702 1203 1755 cui,
1240 1702 1333 1747 Dei
1370 1702 1552 1759 gratia,
1589 1702 1657 1747 ita
1691 1702 1928 1747 hactenus
1952 1717 1981 1747 a

364 1778 614 1825 Societate
644 1780 754 1825 Iesu
784 1779 1093 1825 satisfactum
1119 1789 1208 1835 est,
1238 1789 1288 1824 ut
1312 1795 1407 1824 non
1433 1779 1577 1824 modo
1602 1779 1864 1835 collegium
1888 1779 1981 1824 hoc

363 1865 581 1901 nostrum
606 1856 771 1912 cupiat
795 1872 903 1901 esse
928 1856 1343 1912 florentissimum,
1381 1867 1427 1901 et
1463 1857 1610 1901 rebus
1645 1856 1869 1901 omnibus
1902 1871 1979 1900 ne-

362 1933 567 1977 cesariis
591 1933 1035 1988 instructissimum,
1063 1932 1148 1978 sed
1171 1932 1318 1977 etiam
1343 1932 1388 1976 in
1413 1932 1519 1977 aliis
1539 1932 1762 1977 omnibus
1787 1932 1979 1988 prouin-

363 2009 470 2054 ciae
495 2025 613 2054 suae
639 2010 919 2055 ciuitatibus
953 2010 1198 2066 precipuis
1233 2009 1329 2054 iam
1365 2009 1571 2066 primum
1612 2009 1728 2054 uelit
1762 2009 1982 2054 instituta

363 2087 501 2132 nobis
525 2087 737 2143 collegia
761 2102 884 2141 esse,
914 2096 960 2131 et
994 2086 1254 2143 presertim
1291 2087 1552 2144 Monachii,
1590 2102 1716 2143 quae
1751 2096 1824 2132 est
1857 2087 1983 2131 inter

363 2163 486 2208 alias
510 2164 777 2220 praecipua
802 2163 838 2220 ¹³,
860 2163 1014 2219 primo
1038 2179 1227 2220 quoque
1248 2173 1470 2219 tempore
1489 2172 1685 2208 nostros
1710 2163 1884 2208 adesse
1904 2178 1981 2208 cu-

364 2240 446 2296 pit.
475 2240 707 2286 Orandus
732 2256 851 2286 sane
875 2241 1219 2286 ardentissime
1242 2241 1483 2286 Dominus
1508 2250 1560 2286 ut
1585 2241 1846 2297 negocium
1870 2240 1979 2296 hoc,

363 2318 425 2362 ad
449 2317 663 2373 gloriam
699 2318 905 2363 nominis
941 2318 1011 2362 sui
1046 2318 1202 2363 sancti
1243 2327 1552 2375 promousit,
1590 2317 1982 2374 quandoquidem

365 2394 560 2439 dubium
600 2395 783 2439 nullum
823 2404 896 2439 est
935 2394 1048 2450 quin
1088 2394 1167 2451 ibi,
1206 2410 1350 2451 quam
1392 2395 1468 2440 hic
1503 2405 1592 2450 est,
1630 2395 1802 2440 messis
1836 2395 1983 2450 longe

364 2471 647 2525 proueniret
671 2470 931 2526 copiosior,
959 2480 1061 2515 tum
1086 2472 1147 2516 ob
1172 2471 1403 2527 principis
1427 2472 1606 2527 aulam,
1635 2481 1736 2516 tum
1771 2471 1983 2516 maxime

365 2549 426 2592 ob
450 2548 768 2604 iuuentutem,
797 2563 923 2603 quac
949 2548 1011 2593 ibi
1046 2548 1255 2603 plurima
1280 2555 1294 2574 ⁰
1320 2558 1409 2602 est,
1437 2558 1484 2593 et
1510 2564 1605 2593 non
1630 2548 1778 2594 habet
1813 2548 1984 2604 quales

366 2624 567 2669 deberet
592 2624 912 2669 institutores.

412 2780 429 2795 ³¹
480 2778 695 2814 baccalarii
716 2789 794 2815 ms.
850 2778 914 2804 ——l‘
954 2778 1130 2824 precipia
1151 2789 1229 2815 ms,
1287 2785 1347 2806 -c
1380 2779 1498 2825 plura
1518 2780 1596 2816 ima
1616 2790 1696 2817 ms,

413 2916 421 2933 ¹
474 2914 732 2951 Hei-mannus
751 2914 976 2961 Thyraeus.
998 2914 1151 2950 Laim'i
1170 2914 1383 2961 Monam„
1404 2914 1453 2960 ΙΙ,
1474 2914 1532 2951 39.

412 2974 423 2992 ²⁷
474 2974 708 3009 Theodorus
738 2973 945 3014 Peltanus.
981 2974 1174 3020 epistolae
1207 2979 1358 3011 auctor.
1392 2973 1753 3018 BRAUNsBERGER‚
1790 2975 1863 3012 loc.
1901 2975 1982 3020 cit,

365 3032 434 3068 382
452 3045 523 3078 sqq

413 3092 424 3110 ³
477 3091 673 3127 Albertus
697 3091 746 3133 V,
771 3091 970 3129 Hava1·iae
991 3092 1083 3129 duit.
