2051 3516
371 333 440 369 346
832 333 1049 369 LITTERAE
1076 333 1432 378 QUADRIMESTRES

324 428 484 473 frater
509 430 539 485 ¹,
567 444 803 484 magnum
828 428 900 473 sui
926 429 1139 485 pectoris
1165 427 1207 472 in
1234 426 1588 482 rempublicam
1612 436 1660 472 et
1693 426 1835 472 fidem
1865 443 1943 472 or-

326 505 594 550 thodoxam
619 515 968 561 argumentum
992 504 1138 549 dedit.
1167 502 1374 547 Decimo
1399 502 1526 547 enim
1558 502 1735 548 abhinc
1754 502 1828 547 die
1847 503 1940 548 ius-

325 581 385 626 sit
407 581 453 625 in
478 581 571 626 hac
596 582 717 626 vrbe
741 581 1083 626 lustrationem
1109 587 1126 606 ³
1152 579 1273 635 fieri,
1296 579 1630 635 plurimasque
1653 579 1758 635 ipso
1779 579 1854 624 die
1877 580 1939 624 ad

324 657 484 702 Deum
508 672 682 713 preces
705 657 839 701 fundi
863 656 1068 701 instituit
1093 671 1180 712 pro
1205 654 1459 711 republica
1488 654 1534 699 in
1568 653 1661 699 fide
1694 655 1940 700 continen-

323 735 401 780 da.
444 734 683 779 Dominus
716 733 851 778 Deus
886 748 1005 778 suae
1038 731 1408 777 misericordiae
1442 731 1595 776 oculis
1628 731 1825 776 tandem
1858 732 1941 776 ali—

325 810 518 866 quando
543 810 821 854 infoelicem
846 808 1171 855 Germaniam
1206 807 1474 864 respicere,
1512 823 1721 864 eamque
1754 808 1801 852 in
1834 808 1942 853 sinu

324 887 497 932 matris
521 886 777 931 Ecclesiae
803 900 1045 930 reuocare
1070 894 1117 930 et
1141 901 1170 929 a
1194 884 1374 941 populo
1408 883 1601 940 insonti,
1638 884 1896 942 adhucque
1924 884 1943 911 b

324 963 371 1007 in
394 962 486 1007 fide
506 962 795 1019 praestanti,
818 962 942 1006 adeo
963 961 1197 1017 pestifera
1218 975 1409 1005 venena
1427 960 1720 1005 substollere
1740 967 1754 987 ⁰
1776 961 1941 1017 digne-

288 1099 291 1102 .
323 1049 418 1084 tur.
446 1038 498 1083 In
522 1054 582 1083 ea
606 1046 772 1082 autem
797 1037 1089 1082 lustratione
1114 1046 1281 1092 presto
1306 1036 1506 1081 fuerunt
1529 1036 1722 1092 singula
1746 1036 1942 1081 canoni-

326 1130 498 1160 corum
522 1114 749 1169 collegia,
778 1113 1082 1170 aeqm'ssz'ml'
1104 1113 1345 1159 consules,
1374 1121 1574 1156 senatus
1593 1112 1938 1168 amplissimus,

324 1192 469 1235 turba
494 1190 699 1245 denique
724 1190 967 1233 hominum
994 1188 1169 1245 oppido
1194 1204 1339 1243 quam
1364 1188 1596 1233 maxima.

379 1266 422 1312 8.
489 1266 667 1310 Paucis
710 1276 824 1310 ante
868 1265 1257 1310 hebdomadibus
1300 1279 1411 1308 cum
1450 1265 1773 1309 vsuvenisset
1809 1264 1844 1320 d,
1886 1275 1940 1310 ut

324 1343 675 1398 discipulorum
714 1341 909 1397 quidam
948 1342 1093 1385 letale
1128 1342 1303 1385 vulnus
1343 1341 1633 1397 accepisset,
1671 1357 1696 1386 e
1730 1341 1941 1398 uestigio

322 1428 563 1465 curarunt
587 1419 763 1464 Patres
797 1419 859 1463 ad
893 1434 1001 1463 eum
1036 1428 1352 1463 sacramenta
1391 1417 1591 1473 deferri,
1628 1418 1721 1463 hoc
1754 1428 1827 1463 est
1865 1433 1940 1463 sa-

323 1512 461 1541 crum
487 1495 669 1540 Christi
695 1510 874 1550 corpus
897 1510 1007 1538 cum
1034 1505 1259 1538 extrema
1285 1495 1513 1539 vnctione
1537 1509 1696 1539 sacra.
1719 1478 1941 1551 Cumque

324 1573 639 1618 deferrentur
663 1572 727 1616 D.
756 1586 938 1627 regens
959 1579 989 1622 ⁸,
1017 1571 1155 1615 simul
1175 1580 1223 1616 et
1241 1571 1436 1627 collegii
1456 1571 1610 1616 nostri
1630 1571 1941 1627 professores

323 1665 433 1695 cum
457 1649 674 1693 maximo
698 1648 1067 1694 adolescentum
1092 1658 1339 1692 conuentu
1359 1648 1421 1692 ad
1440 1647 1595 1693 saucii
1615 1649 1812 1692 domum
1831 1657 1942 1693 sunt

324 1725 594 1781 congressi.
622 1725 792 1780 Neque
817 1737 940 1768 vero
975 1724 1109 1779 prius
1144 1735 1457 1769 recesserunt
1491 1740 1638 1781 quam
1673 1724 1831 1769 denuo
1867 1739 1940 1769 es-

323 1814 430 1848 sent
454 1803 499 1847 in
524 1801 811 1858 parochiam
837 1802 1015 1845 delata.
1044 1801 1202 1845 Porro
1226 1801 1413 1846 factum
1438 1801 1553 1846 illud
1572 1802 1701 1857 pium
1722 1801 1941 1846 homines

324 1881 370 1924 in
389 1878 763 1924 admirationem
786 1878 962 1933 rapuit:
988 1878 1132 1922 immo
1156 1893 1495 1936 vnaqzmeqzle
1517 1878 1527 1905 f
1549 1879 1721 1923 domus
1744 1887 1942 1924 nostros

324 1955 578 2012 spectandi
603 1955 785 2011 gratia,
814 1956 1011 1999 turb-am
1037 1955 1183 1999 etiam
1210 1965 1258 2000 et
1282 1955 1495 2000 officium
1520 1971 1645 2011 erga
1676 1955 1941 2012 aegritudi-

323 2049 383 2078 ne
408 2032 621 2077 affectos
641 2039 675 2087 g,
703 2031 923 2076 homines
946 2036 1234 2087 Spectatum
1259 2032 1531 2077 emittebat.
1559 2032 1831 2077 Praeterea
1863 2032 1942 2076 alii

325 2108 506 2154 nostris
550 2124 602 2153 se
642 2108 993 2164 adiungebant,
1037 2109 1116 2152 alii
1157 2109 1411 2165 lampades
1449 2109 1846 2165 praemittebant,
1894 2119 1943 2153 ut

325 2186 472 2230 etiam
496 2185 658 2241 aliquo
684 2184 828 2228 modo
853 2200 993 2229 suum
1019 2185 1304 2241 obsequium
1329 2186 1437 2230 Deo
1462 2195 1790 2241 praestarent.

416 2262 751 2318 [Oml'z‘tlmtm'
789 2262 964 2318 aliqua
1004 2276 1134 2318 quac
1161 2263 1282 2319 jam
1322 2263 1458 2307 dl'cz‘a
1491 2266 1613 2307 sunt
1639 2267 1766 2319 pag.
1806 2261 1941 2318 299,

327 2353 375 2382 72.
408 2339 433 2382 J
445 2337 516 2394 Q]

381 2414 424 2459 (f).
492 2412 863 2458 Concionantur
897 2413 960 2457 M.
989 2413 1232 2458 Henricus
1267 2426 1313 2458 et
1346 2414 1411 2459 D.
1439 2414 1456 2440 ¹¹
1483 2429 1679 2470 regens,
1705 2429 1863 2470 neque
1896 2415 1943 2459 id

326 2490 376 2535 fit
400 2491 502 2534 sine
527 2490 821 2534 animorum
857 2488 863 2515 ῑ
889 2489 1109 2534 foenore.

414 2567 553 2611 Tuae
577 2566 907 2611 Reverendae
932 2566 983 2610 P.
1012 2582 1101 2610 nos
1126 2567 1370 2611 humiliter
1394 2569 1794 2613 commendamus
1815 2583 1940 2613 eam-

326 2658 418 2697 que
444 2658 698 2699 rogamus,
724 2652 776 2687 ut
800 2642 845 2686 in
870 2642 971 2686 suis
995 2642 1300 2688 orationibus
1330 2653 1377 2687 et
1402 2644 1659 2689 sacrificiis
1692 2644 1845 2689 nostri
1870 2658 1943 2689 re-

328 2719 565 2763 cordetur
586 2719 607 2763 ῑ.
639 2718 876 2764 Coloniae
904 2718 1029 2764 1557.
1057 2719 1221 2764 Pridie
1246 2721 1337 2765 cal.
1365 2719 1698 2776 Septembres.

374 2844 390 2863 ἃ
433 2838 494 2872 vel
518 2838 827 2882 processionem.
881 2837 946 2864 —b
979 2843 1018 2873 et
1038 2838 1178 2874 adhuc.
1232 2845 1246 2865 C
1280 2839 1565 2883 submoue[re].
1621 2839 1685 2866 „d
1717 2839 1940 2876 accidisset.

327 2902 388 2922 ——e
426 2895 470 2931 P.
488 2895 665 2941 Joannes
684 2896 868 2933 Rethius.
921 2896 978 2923 —f
1014 2896 1215 2943 singulae.
1270 2905 1333 2931 —g
1371 2898 1543 2934 videndi.
1598 2898 1662 2924 —11
1688 2898 1732 2934 P.
1786 2898 1841 2925 -i
1869 2899 1943 2945 spi-

326 2954 474 2990 rituali.
528 2954 582 2987 --i
612 2955 661 2990 sit
682 2968 845 2991 memor.

374 3056 383 3073 ¹
435 3054 639 3090 Antonius
668 3068 690 3091 a
717 3054 1025 3102 Schauenburg,
1053 3057 1166 3104 cujus
1192 3055 1319 3092 frater
1346 3062 1385 3093 et
1412 3056 1701 3103 praedecessor
1727 3057 1943 3104 Adolphus

327 3114 583 3158 praecedenti
604 3127 709 3150 anno
729 3127 959 3161 supremum
980 3116 1084 3152 diem
1104 3115 1271 3152 obierat.
