2051 3516
387 307 456 343 661
863 309 1081 346 LITTERAE
1107 310 1464 355 QUADRIMESTRES

399 404 439 447 ξ’).
509 402 714 459 Seguito
749 403 778 448 il
815 405 957 449 Rmo.
986 414 1262 460 protettore
1296 406 1341 450 di
1377 416 1548 462 questo
1573 417 1715 454 santo
1740 410 1888 466 luogo
1913 420 1960 456 et
2020 391 2024 395 ⁹

340 480 399 524 de
424 481 470 524 la
496 479 829 537 Compagnia,
851 482 879 526 il
907 481 1160 526 cardinale
1184 482 1229 526 di
1255 481 1408 539 Carpi
1434 484 1462 537 ¹;
1486 484 1532 529 la
1555 486 1632 530 cui
1657 496 1839 532 uenuta
1863 503 1959 533 non

340 561 366 602 6
389 566 521 602 stata
546 557 590 602 di
615 573 790 603 manco
815 559 1098 615 allegrezza
1122 574 1151 604 a
1174 560 1242 616 gli
1266 560 1414 605 animi
1439 561 1483 605 di
1509 562 1660 618 molti,
1687 564 1775 608 che
1800 564 1838 609 si
1861 564 1958 609 fos-

339 650 392 678 se
416 634 699 679 necessaria
725 651 809 691 per
832 636 980 680 molte
1004 650 1168 692 cause,
1192 636 1229 681 si
1256 637 1435 693 perche
1459 639 1680 684 anchora
1708 640 1771 685 ha
1794 641 1960 687 uisita-

340 720 390 756 ta
415 720 462 756 et
486 712 739 757 celebrato
765 713 810 757 la
835 728 997 757 messa
1027 713 1153 758 nella
1177 713 1455 760 santissima
1489 716 1681 772 capella
1705 732 1797 762 con
1820 726 1959 763 tanta

341 787 590 832 diuotione
615 789 704 833 che
728 788 790 833 ha
815 789 1022 834 lasciato
1043 789 1195 834 odore
1220 790 1264 834 di
1288 791 1470 836 santita
1494 807 1591 836 non
1621 808 1761 848 poco.
1783 793 1858 838 La
1882 795 1960 839 be-

342 865 529 921 nignita
563 865 653 910 che
687 866 749 910 ha
783 875 1026 911 mostrata
1052 881 1198 911 uerso
1224 866 1269 911 di
1292 867 1402 912 tutti
1436 868 1517 913 noi
1541 872 1567 914 6
1597 878 1727 915 51313
1751 870 1850 915 tale
1875 872 1963 916 che

341 957 370 987 a
395 942 470 987 chi
494 958 606 987 ama
637 943 683 987 la
708 941 1019 999 Compagnia
1053 943 1116 988 ha
1151 943 1268 989 data
1302 953 1623 990 contentezza
1656 947 1963 992 ammirabile

341 1028 388 1063 et
412 1018 474 1062 ha
496 1017 622 1063 fatto
648 1034 918 1064 conoscere
943 1036 971 1064 a
997 1019 1131 1064 molti
1166 1020 1211 1064 di
1245 1021 1407 1066 animo
1442 1021 1646 1067 dubioso
1670 1025 1814 1078 quale
1838 1032 1962 1069 stra·

342 1095 404 1140 da
428 1095 466 1140 si
502 1096 623 1140 deue
658 1106 842 1153 tenere3
881 1097 1005 1141 onde
1041 1101 1066 1142 6
1101 1097 1344 1142 3663111110
1379 1098 1467 1143 6116
1501 1099 1640 1154 quasi
1675 1101 1784 1145 tutti
1819 1116 1962 1145 60110-

341 1172 524 1217 scendo
571 1173 778 1228 qualche
818 1173 1117 1218 monimento
1157 1182 1204 1218 et
1248 1174 1518 1220 mutatione
1553 1175 1680 1221 nella
1716 1185 1877 1222 mente
1920 1178 1965 1222 di

342 1247 392 1293 S.
422 1246 472 1293 S.
498 1248 663 1305 Rma.,
690 1249 851 1294 hanno
886 1250 1183 1295 cominciato
1218 1267 1247 1295 a
1281 1251 1504 1297 caminar
1527 1267 1620 1297 con
1645 1253 1877 1310 maggior
1902 1256 1964 1299 ri-

341 1334 516 1381 spetto.
547 1325 855 1372 Finalmente
879 1342 974 1371 non
999 1330 1025 1371 6
1051 1336 1182 1372 stata
1216 1328 1519 1374 domandata
1543 1345 1661 1375 cosa
1686 1330 1775 1375 che
1799 1347 1896 1375 non
1920 1332 1960 1376 si

342 1401 414 1446 sia
438 1410 679 1459 ottenuta‚
707 1411 754 1447 61
780 1403 1009 1448 11135511116
1033 1404 1161 1448 della
1192 1404 1533 1451 distributione
1558 1406 1617 1451 de
1642 1407 1960 1453 l'ellemosina

342 1478 401 1523 de
426 1479 472 1523 la
497 1488 639 1524 santa
676 1495 812 1537 casa,
850 1481 896 1525 la
930 1482 1074 1537 quale
1109 1496 1345 1527 concesse
1379 1483 1422 1527 al
1459 1482 1585 1528 Rdo.
1613 1483 1665 1528 P.
1694 1493 1882 1529 rettore
1917 1485 1961 1529 in

341 1571 482 1600 nome
517 1556 576 1601 de
610 1557 657 1601 la
691 1557 973 1602 santissima
1007 1558 1216 1615 Trinita,
1244 1568 1291 1604 et
1315 1562 1420 1604 6051
1442 1560 1566 1606 hora
1590 1576 1677 1616 per
1702 1561 1779 1606 doi
1797 1572 1843 1606 et
1869 1562 1963 1607 alle

342 1633 501 1677 uoltre
526 1641 603 1678 tre
627 1633 686 1677 de
711 1634 778 1690 gli
803 1635 957 1679 nostri
983 1635 1028 1680 ui
1052 1635 1091 1679 si
1116 1635 1316 1681 attende
1350 1651 1441 1681 con
1477 1637 1638 1693 quella
1661 1652 1785 1683 cura
1810 1639 1899 1684 che
1924 1639 1964 1684 51
1989 1643 1992 1647 “

345 1711 441 1764 puo
467 1710 747 1766 maggiore,
776 1710 821 1755 di
846 1711 935 1756 che
959 1712 1043 1768 gia
1077 1727 1129 1757 se
1163 1728 1222 1757 ne
1257 1723 1394 1758 sente
1418 1714 1546 1758 bono
1571 1714 1724 1759 odore
1752 1721 1784 1760 ἃ.
1812 1715 1967 1760 Tutto

345 1801 374 1830 a
398 1786 558 1843 laude,
587 1787 745 1832 honor
768 1798 814 1832 et
839 1789 1001 1844 gloria
1027 1788 1208 1834 d'lddio
1234 1790 1497 1835 benedetto
1531 1800 1701 1836 nostro
1733 1790 1962 1848 Signore.

349 1862 555 1918 [Preces
577 1865 842 1922 postulat]

433 1940 494 1985 Di
519 1941 708 1986 Loreto
734 1958 762 1986 a
788 1942 817 1987 li
843 1942 944 1987 XV
969 1943 1013 1987 di
1040 1943 1245 2001 Maggio
1270 1944 1334 1988 M.
1363 1943 1424 1989 D.
1453 1944 1636 1990 LVIII.

433 2017 529 2063 Per
554 2019 897 2065 commissione
923 2021 998 2065 del
1022 2037 1128 2066 nro.
1156 2021 1214 2066 R.
1251 2021 1300 2067 P.
1331 2031 1534 2078 rettore‚
1562 2022 1607 2067 di
1632 2023 1698 2068 V.
1727 2023 1786 2068 R.
1815 2023 1867 2069 P.
1895 2024 1961 2069 in-

343 2095 508 2151 degno
535 2095 716 2152 figliolo
741 2106 789 2142 et
813 2113 960 2143 seruo
985 2098 1030 2143 in
1055 2097 1210 2143 Giesu
1235 2098 1417 2154 Cristo‚

1288 2199 1574 2245 RAFAELLO
1609 2200 1777 2247 RIERA

389 2357 406 2377 a
451 2351 717 2398 Exemplum
734 2354 924 2389 latinmn
945 2355 1025 2390 ait:
1046 2353 1220 2390 «Attulit
1240 2366 1287 2390 ea
1308 2367 1373 2391 res
1396 2354 1456 2399 [id
1476 2359 1537 2391 est
1556 2366 1661 2392 cum
1682 2357 1968 2402 eleemosyna-

345 2421 442 2447 rum
463 2414 622 2448 nostris
641 2412 888 2459 conmnissa]
909 2415 1045 2450 multis
1065 2427 1255 2461 magnam
1274 2415 1590 2451 consolationem
1610 2420 1649 2451 et
1668 2415 1782 2452 nobis
1801 2417 1968 2453 multam

343 2471 524 2507 merendi
544 2473 882 2509 commoditatem.
905 2473 995 2509 Non
1023 2475 1153 2510 solum
1182 2474 1288 2511 enim
1316 2474 1545 2521 peregrinis
1572 2475 1750 2521 quotidie
1778 2476 1855 2512 huc
1881 2489 1969 2512 con-

343 2530 559 2567 fluentibus
578 2532 720 2568 maiori
740 2533 937 2569 charitate
957 2546 1003 2569 ac
1022 2533 1269 2570 liberalitate
1289 2533 1445 2579 satisfit,
1467 2535 1537 2571 sed
1566 2534 1687 2571 etiam
1716 2535 1853 2572 multis
1880 2536 1969 2572 aliis

343 2591 411 2636 qui
430 2603 499 2637 pro
518 2591 723 2628 derelictis
742 2592 1009 2638 habebantur;
1027 2593 1211 2630 omnibus
1227 2599 1363 2630 autem
1379 2607 1460 2630 una
1475 2607 1565 2630 cum
1580 2594 1678 2631 cibis
1694 2595 1970 2641 corporalibus

344 2650 465 2686 etiam
483 2651 703 2697 spiritualis
732 2653 838 2688 vitae
867 2653 1061 2689 alimenta
1088 2654 1265 2700 quotidie
1296 2654 1549 2690 exhibentur.
1585 2655 1808 2701 Religiosis
1833 2660 1969 2691 autem

343 2711 526 2755 personis
546 2712 777 2757 parauimus
795 2713 1061 2749 diuersorium
1082 2713 1121 2749 in
1141 2726 1218 2759 quo
1246 2714 1460 2750 humanius
1487 2714 1638 2760 possint
1665 2714 1845 2759 tractari;
1874 2714 1968 2750 13111-

343 2782 420 2815 que
440 2771 715 2807 sanctissimus
734 2773 829 2808 odor
849 2774 990 2809 horum
1011 2786 1177 2820 operum
1198 2785 1269 2818 per
1288 2774 1442 2810 uicinas
1458 2773 1577 2810 vrbes
1592 2786 1635 2810 se
1651 2773 1794 2810 effudit
1810 2774 1968 2810 crescit-

344 2841 421 2874 que
443 2829 481 2864 in
501 2830 585 2865 dies
604 2831 736 2877 gloria
756 2836 794 2867 et
815 2832 1040 2879 expectatio
1060 2833 1190 2868 laudis
1209 2832 1327 2881 hujus
1346 2833 1589 2869 sanctissimi
1610 2833 1686 2869 loci
1702 2838 1740 2869 et
1756 2832 1970 2870 Societatis
1989 2855 1996 2860 ,

345 2894 576 2926 nostrae...»

394 3047 403 3064 ¹
458 3021 698 3092 Rodulphus
718 3046 813 3082 Pius
833 3047 881 3082 de
902 3046 1043 3092 Carpi.

396 3105 408 3124 ²
460 3105 568 3142 Vide
588 3107 785 3152 superius,
807 3119 900 3153 pag.
922 3106 1004 3151 400,
1026 3108 1159 3143 annot.
1184 3106 1214 3142 1.
