2051 3516
466 327 787 365 lla—Commu
818 327 860 363 19
886 326 1136 363 NOVEMBRIS
1166 326 1254 362 1557
1557 324 1624 361 427

49 425 121 471 bis
145 423 503 480 archiepiscopi
525 423 767 469 vicarium
791 438 851 468 ac
876 421 1230 467 cancellarium
1257 423 1286 466 ¹.
1313 421 1496 466 Effecit
1531 435 1670 477 prae-

50 510 191 546 terea
215 509 267 546 vt
297 499 451 545 nostri
476 499 537 545 ad
562 499 955 545 concionandum
979 497 1073 542 sint
1098 498 1307 543 uocandi
1332 498 1378 542 in
1403 496 1584 553 templo
1610 496 1669 541 ad

50 577 264 622 fructum
289 576 641 633 proferendum
667 574 1135 622 accomodatissimo
1161 576 1191 619 2.
1236 573 1574 619 Concionatus
1598 582 1673 618 est

50 655 152 712 ipse
193 655 237 700 in
282 669 471 699 summo
511 654 692 711 templo
732 653 779 698 in
818 653 945 698 festo
990 651 1206 697 omnium
1249 660 1536 697 sanctorum
1576 665 1672 695 non

49 731 153 777 sine
179 746 361 787 magno
385 729 567 775 fructu.
596 730 648 775 In
683 729 919 776 concione
954 728 1152 774 fuerunt
1186 727 1338 773 millia
1372 726 1559 783 aliquot
1592 728 1672 771 ho-

52 809 252 864 minum,
278 806 636 864 archiepiscopi
676 806 831 853 nostri
857 805 1091 861 vicarius,
1120 804 1363 861 officialis,
1391 803 1615 861 sigillifer
1639 805 1670 858 ³³,

49 895 327 941 senatores,
349 884 597 940 doctoreS‚
624 883 844 941 primarii
869 882 1265 936 concionatores,
1287 883 1555 928 bursarum
1580 881 1672 926 lec-

49 971 203 1019 tores,
230 971 278 1008 et
301 961 558 1007 innumera
583 960 916 1006 studiosorum
948 959 1222 1005 multitudo.
1251 958 1378 1005 Cum
1411 958 1673 1015 egredere-

51 1051 153 1096 tur,
201 1055 294 1085 non
338 1053 480 1084 secus
524 1039 730 1095 populus
775 1038 1081 1094 properabat
1124 1037 1186 1082 ad
1230 1035 1491 1081 uidendum
1537 1051 1673 1089 eum,

52 1133 199 1175 quam
235 1117 273 1162 si
310 1132 400 1161 rex
428 1125 515 1161 aut
546 1115 818 1173 imperator
852 1114 1093 1171 quispiam
1119 1114 1316 1159 fuisset.-
1337 1112 1676 1158 Concionatus

51 1195 198 1240 etiam
239 1193 388 1239 latine
428 1202 501 1239 est
540 1193 586 1238 in
626 1202 796 1238 nostro
835 1191 1064 1249 collegio,
1103 1191 1164 1237 ad
1205 1207 1352 1248 quam
1388 1190 1674 1236 concionem

50 1270 317 1318 doctissimi
359 1270 448 1316 uiri
489 1279 831 1316 conuenerunt
869 1278 917 1315 et
960 1269 1269 1331 selectissimi
1313 1268 1672 1313 adolescentes.

51 1349 204 1394 Miror
229 1348 336 1405 quis
360 1348 587 1394 omnibus
611 1347 918 1394 indicauerit.
947 1346 1287 1392 Concionatus
1311 1361 1506 1403 quoque
1532 1354 1607 1390 est
1631 1345 1675 1389 in

50 1426 157 1472 aliis
181 1425 318 1471 locis.
345 1424 561 1471 Senatus
584 1424 793 1481 denique
826 1439 936 1469 eum
971 1423 1084 1468 uino
1118 1423 1397 1475 honoraust,
1425 1432 1478 1468 vt
1503 1421 1675 1479 princi-

50 1504 123 1560 pis
161 1502 368 1548 alicuius
409 1502 646 1558 legatum.
688 1501 838 1547 Plura
874 1501 934 1546 de
973 1516 1032 1546 eo
1073 1509 1237 1546 essent
1274 1499 1554 1555 scribenda,
1592 1499 1676 1545 sed

49 1581 161 1639 quia
184 1581 230 1626 in
256 1580 502 1637 prioribus
535 1580 678 1625 nimis
712 1579 932 1636 prolixus
966 1578 1051 1635 fui,
1078 1577 1222 1624 finem
1252 1593 1381 1623 nunc
1412 1576 1594 1623 faciam
1629 1586 1678 1622 et

51 1674 144 1714 me,
171 1657 348 1703 Patres
371 1672 432 1702 ac
456 1656 640 1702 fratres
664 1671 850 1712 omnes,
888 1666 1043 1701 totum
1078 1654 1360 1712 collegium,
1390 1654 1672 1699 uniuersam

51 1734 327 1789 Coloniam,
356 1748 649 1790 omnemque
674 1731 1000 1779 Germaniam
1025 1731 1317 1778 commendo
1351 1730 1674 1777 sanctissimis

48 1813 108 1858 R.
137 1813 194 1858 T.
223 1821 271 1857 et
294 1811 498 1857 Patrum
523 1826 584 1856 ac
607 1810 822 1856 fratrum
848 1809 1172 1867 orationibus,
1199 1825 1295 1867 quo
1331 1809 1401 1855 sic
1436 1809 1676 1855 Coloniae

50 1890 332 1936 laboremus
356 1897 409 1934 vt
433 1904 609 1933 uerum
633 1886 900 1934 Societatis
924 1887 1151 1944 erigatur
1184 1887 1450 1945 collegium
1484 1903 1546 1933 ex
1581 1903 1677 1943 quo

49 1976 154 2013 tota
188 1966 384 2012 iuuetur
418 1963 710 2022 Germania,
748 1965 826 2011 uel
864 1966 1040 2011 saltem
1079 1964 1319 2019 Saxonia,
1361 1974 1409 2010 et
1448 1964 1678 2010 ciuitates

49 2044 198 2091 maris
237 2043 403 2090 baltici
444 2059 554 2089 curn
592 2043 765 2101 quibus
799 2042 1163 2089 coloniensibus
1198 2052 1369 2088 mutua
1403 2051 1515 2087 sunt
1548 2058 1676 2087 com-

52 2121 254 2167 mercia.

112 2198 178 2244 14.
246 2198 572 2243 Aduenerunt
596 2197 675 2243 diu
701 2197 1002 2254 multumque
1028 2197 1276 2254 expectati
1302 2197 1488 2242 fratres
1524 2197 1676 2242 nostri

49 2275 114 2320 M.
142 2274 411 2320 Balduinus
435 2274 663 2331 Angelus
687 2283 736 2320 et
760 2274 823 2319 M.
853 2274 1086 2319 Andreas
1112 2274 1315 2319 Frisius.
1335 2273 1541 2319 Vtinam
1567 2289 1675 2318 cum

47 2353 103 2398 iis
127 2352 343 2398 uenisset
366 2353 431 2398 M.
459 2351 756 2434 'gheodorus
781 2351 1026 2408 Canisius;
1064 2352 1149 2397 sed
1185 2361 1234 2397 et
1268 2368 1379 2397 eum
1414 2351 1678 2407 aliquando

47 2439 310 2475 uenturum
350 2444 610 2486 speramus
644 2429 675 2474 4.
713 2428 776 2473 Hi
811 2444 938 2474 nunc
972 2428 1166 2474 docent:
1205 2444 1379 2474 uerum
1414 2429 1473 2473 de
1507 2444 1678 2473 eorum

48 2506 340 2552 lectionibus
369 2515 417 2551 et
441 2505 628 2562 studiis,
658 2514 710 2550 vt
733 2515 780 2550 et
806 2506 864 2551 de
889 2514 994 2551 tota
1019 2505 1379 2551 instauratione
1404 2505 1679 2551 studiorum

50 2584 203 2629 multa
247 2583 522 2628 scribemus
564 2582 611 2628 in
655 2582 811 2627 literis
850 2582 1031 2628 mensis
1070 2582 1387 2635 NouembriS,
1429 2582 1491 2627 ad
1536 2598 1679 2639 quem

50 2676 267 2707 mensem
301 2676 362 2706 ea
396 2660 657 2717 pertinent.
701 2659 844 2706 Nunc
879 2669 1069 2706 tantum
1111 2660 1349 2706 librorum
1390 2661 1677 2716 catalogum

99 2841 108 2861 ¹
161 2839 404 2877 Franciscus
423 2838 669 2876 Burcardus.
692 2838 881 2881 HANSEN.
904 2839 978 2876 loc.
999 2839 1076 2880 cit..
1098 2838 1183 2875 292.

97 2899 109 2919 ²
160 2899 376 2946 Templum
396 2897 493 2935 §.tae
513 2897 709 2935 Ursulae.
736 2897 810 2939 Id..
833 2898 926 2934 ibid.

97 2959 109 2979 ³
162 2958 468 3005 Archiepiscopi
512 2957 753 2994 coloniensis
794 2957 968 2994 vicarius
1006 2957 1164 2992 videtur
1200 2956 1321 2993 fuisse
1358 2962 1452 2993 tunc
1488 2958 1678 3003 temporis

46 3018 224 3065 Joannes
242 3017 498 3062 Gebhardus,
519 3029 654 3054 comes
672 3017 720 3053 de
736 3016 945 3061 Mansfelt·,
963 3016 1145 3052 officialis
1162 3028 1258 3052 vero
1275 3016 1348 3052 Dr.
1361 3015 1540 3062 ⁸loannes
1556 3016 1678 3053 Kem-

48 3078 120 3126 pis;
142 3076 344 3124 sigillifer,
367 3077 440 3113 Dr.
457 3076 690 3123 Ludgerius
709 3076 961 3113 Heresbach.
983 3075 1054 3120 ld„
1076 3076 1150 3112 loc.
1172 3075 1241 3112 cit.

98 3138 111 3157 ⁴
163 3136 270 3174 Vide
291 3136 476 3184 superius
497 3148 588 3183 pag.
610 3135 692 3181 297,
714 3142 850 3173 annot.
873 3136 906 3172 3.
