2051 3516
402 247 623 286 APPENDIX
648 246 993 286 HL—Omswoxss
1018 250 1064 286 30
1085 249 1194 297 men
1225 252 1312 287 1558
1338 251 1385 297 (ἒ)
1591 250 1660 287 963

91 345 302 391 luiturae
325 345 649 391 crederentur
673 344 788 402 (non
814 345 942 390 enim
972 345 1310 392 ecclesiastico
1345 347 1468 404 iure,
1496 346 1623 403 quod
1663 346 1707 391 in

88 423 281 480 longius
314 438 525 479 poenam
547 423 674 468 solet
697 437 995 480 prorogare,
1023 432 1071 468 et
1105 423 1368 480 aliquando
1402 423 1706 477 condonare,

88 501 172 546 sed
195 499 463 545 forensium
487 499 701 545 iudicum
735 498 869 544 iussu
893 499 939 544 in
974 515 1230 545 carcerem
1255 501 1432 546 ductae
1472 500 1705 556 fuerant),

87 577 347 634 episcopus
380 577 475 632 ille,
512 575 653 633 cujus
687 575 915 632 superius
950 577 1161 635 memini,
1198 593 1227 623 a
1261 577 1443 622 nostris
1476 576 1710 622 Patribus

87 654 259 710 petiuit
283 665 335 700 vt
358 654 471 699 illuc
494 653 567 699 ire
591 653 791 709 vellent,
814 653 1107 711 illarumque
1131 654 1306 699 animis
1331 653 1603 699 remedium
1627 653 1710 698 ad-

88 731 272 789 hibere3
300 731 428 788 quod
467 730 840 788 diligentissime
880 741 1109 777 curatum
1144 742 1232 785 est,
1261 747 1319 777 ne
1360 731 1541 788 aliquid
1580 731 1709 788 quod

88 809 282 855 illarum
306 808 480 854 animis
505 807 623 854 vtile
647 817 793 865 esset,
821 808 912 853 luit
935 809 1356 865 praetermissum.
1386 808 1463 854 Ex
1488 808 1661 864 quibus
1683 808 1712 853 5

89 896 198 944 post
221 897 324 933 tres
348 887 427 932 vel
451 886 514 932 ad
536 901 780 931 summum
803 886 886 930 40¹
909 886 1011 931 dies
1036 886 1328 943 productae,
1355 886 1550 943 ignibus
1584 901 1711 931 com-

90 966 266 1010 bustae
290 973 417 1010 sunt.
447 963 552 1009 Nec
576 979 698 1009 vero
723 962 898 1020 minus,
920 973 973 1009 vt
998 963 1176 1009 Patres
1200 963 1279 1019 qui
1304 963 1345 1008 ei
1382 963 1452 1008 rei
1473 961 1712 1019 praescri-

90 1042 157 1099 pti
181 1042 396 1096 fuerant,
423 1041 602 1098 quique
626 1055 713 1087 eas
737 1041 894 1086 donec
917 1040 1107 1086 animas
1131 1040 1412 1085 emitterent
1436 1049 1545 1085 sunt
1569 1039 1712 1084 comi-

90 1120 196 1177 tati,
221 1120 363 1165 nobis
386 1128 560 1177 postea
584 1119 877 1175 retulerunt,
905 1119 1081 1163 harum
1120 1119 1316 1164 animae
1340 1118 1504 1163 diuino
1529 1117 1713 1173 flagra-

92 1199 210 1244 bant
233 1212 421 1254 amore,
445 1196 741 1254 praesertim
779 1211 891 1242 cum
930 1196 977 1241 in
1011 1211 1069 1240 eo
1109 1212 1204 1252 quo
1244 1196 1625 1249 accusabantur,
1665 1204 1716 1239 vt

92 1272 228 1328 ipsae
252 1270 498 1326 dicebant,
520 1269 652 1314 omni
675 1269 821 1325 culpa
846 1277 1106 1325 vacarent,
1129 1283 1218 1313 sua
1237 1267 1432 1313 tandem
1452 1276 1586 1312 sorte
1607 1282 1715 1311 con-

92 1356 274 1405 tentae,
296 1355 505 1393 mortem
524 1362 636 1392 curn
656 1346 759 1392 vita
778 1355 1146 1392 commutarunt
1166 1345 1384 1391 dicentes
1403 1345 1522 1390 satis
1542 1360 1592 1389 se
1619 1344 1716 1400 qui-

92 1425 201 1471 dem
219 1425 266 1470 id
290 1425 371 1470 vel
393 1424 602 1480 grauius
625 1423 776 1469 etiam
799 1422 1089 1480 supplicium
1128 1423 1190 1468 ob
1221 1423 1318 1468 alia
1343 1423 1496 1467 multa
1519 1421 1714 1475 delicta,

94 1518 221 1560 quae
241 1511 608 1559 perpetrarant,
636 1501 787 1547 fuisse
822 1501 1157 1557 commeritas,
1185 1500 1328 1556 idque
1359 1500 1448 1545 sibi
1484 1510 1717 1556 tanquam

94 1580 258 1626 diuino
281 1595 487 1626 munere
510 1579 662 1625 fuisse
682 1594 986 1635 concessum,
1011 1588 1062 1624 vt
1081 1579 1175 1624 hoc
1193 1578 1376 1635 exiguo
1396 1577 1631 1633 breuique
1652 1577 1717 1621 vi-

94 1667 176 1703 tae
205 1657 458 1703 curriculo
488 1672 692 1702 suorum
716 1667 1037 1713 peccatorum
1062 1671 1248 1712 poenas
1282 1656 1549 1700 soluerent.
1577 1653 1719 1710 Quae

95 1735 258 1780 omnia
278 1750 387 1780 cum
408 1733 615 1779 Patrum
635 1744 923 1778 nostrorum
943 1748 1098 1789 opera
1117 1742 1165 1779 et
1182 1732 1450 1789 diligentia,
1473 1740 1574 1777 tum
1599 1746 1719 1776 vero

95 1811 189 1857 Dei
214 1812 473 1857 voluntate
496 1820 610 1856 sunt
633 1809 834 1856 effecta.

153 1889 197 1935 5.
264 1887 386 1934 Illud
410 1887 560 1933 etiam
583 1887 697 1933 mihi
726 1903 823 1933 non
857 1887 1051 1933 silentio
1085 1886 1576 1943 praetermittendum
1610 1901 1719 1930 esse

97 1964 228 2023 duxi,
256 1966 437 2011 multos
461 1980 569 2010 esse
595 1964 675 2021 qui
699 1980 825 2022 erga
849 1974 1072 2010 nostram
1107 1963 1408 2009 Societatem
1445 1964 1567 2008 bene
1601 1962 1720 2008 affe-

97 2043 178 2100 cti,
205 2058 355 2100 saepe
385 2043 544 2088 solent
569 2042 615 2087 in
638 2051 812 2088 nostro
836 2042 1019 2098 templo
1053 2051 1261 2098 peccata
1295 2040 1517 2086 confiteri
1542 2049 1590 2085 et
1613 2056 1719 2085 san-

97 2119 369 2166 ctissimam
394 2119 750 2166 eucharistiam
774 2119 1020 2176 accipere,
1058 2119 1184 2163 adeo
1220 2128 1271 2163 vt
1301 2116 1563 2174 aliquando
1588 2116 1720 2161 mini·

99 2213 176 2243 me
200 2197 417 2242 omnium
442 2197 698 2243 desideriis
721 2196 874 2254 possit
898 2195 1143 2250 satisfieri,
1176 2210 1286 2240 cum
1321 2194 1525 2239 Patrum
1565 2193 1643 2250 qui
1677 2193 1723 2238 id

98 2274 286 2331 possint
318 2274 505 2331 facere,
532 2275 663 2331 apud
686 2290 776 2320 nos
800 2275 927 2320 mira
951 2273 1011 2319 sit
1035 2272 1276 2330 paucitas;
1303 2271 1449 2316 nihilo
1474 2271 1630 2315 minus
1653 2280 1723 2316 ta-

101 2368 210 2397 men
235 2353 394 2398 solent
417 2367 567 2409 saepe
590 2361 832 2410 aegrotos
865 2367 953 2409 per
987 2351 1160 2396 vrbem
1193 2350 1422 2405 inuisere,
1458 2349 1723 2405 pigrosque

101 2441 149 2476 et
172 2430 346 2476 tardos
369 2430 433 2475 ad
456 2430 636 2487 diuina,
663 2430 726 2476 ad
749 2430 965 2476 humana
984 2444 1105 2475 vero
1124 2437 1171 2474 et
1190 2428 1353 2474 inania
1372 2434 1640 2483 promptos,
1663 2425 1725 2470 ad

101 2507 355 2553 meliorem
380 2507 515 2553 vitae
539 2507 783 2553 rationem
807 2506 1074 2553 cohortari.

160 2586 203 2632 6.
270 2586 418 2643 Quod
442 2585 505 2631 ad
528 2594 728 2631 nostras
751 2586 946 2631 scholas
970 2584 1160 2638 attinet,
1184 2583 1229 2627 id
1253 2582 1459 2639 primum
1480 2582 1726 2638 intelligas

103 2664 249 2710 velim
273 2679 367 2709 non
393 2664 690 2709 mediocrem
721 2679 830 2709 esse
864 2663 1272 2709 scholasticorum
1306 2675 1575 2716 numerum,
1613 2675 1726 2716 qua-

103 2742 351 2799 dringenti
377 2741 504 2787 enim
528 2751 614 2787 aut
637 2756 696 2787 eo
721 2743 887 2798 plures
911 2749 1039 2797 sunt,
1061 2748 1108 2784 et
1127 2737 1339 2795 quotidie
1357 2738 1463 2782 fere
1482 2736 1628 2792 aliqui
1647 2737 1727 2781 ad-

104 2820 428 2865 mittebantur
452 2819 497 2864 in
522 2819 619 2865 6³⁰¹
642 2818 747 2865 fere
773 2820 999 2874 classem,
1034 2816 1119 2862 sed
1153 2815 1392 2872 aliquibus
1427 2814 1594 2859 diebus
1618 2828 1726 2858 cum

104 2906 272 2943 tantus
296 2912 468 2943 eorum
493 2905 624 2942 esset
646 2912 896 2950 numerus,
926 2906 977 2940 vt
1002 2894 1196 2939 minime
1231 2907 1316 2937 eos
1349 2901 1515 2948 posset
1549 2906 1729 2947 capere

105 2975 295 3032 classis,
323 2982 523 3020 cautum
549 2983 622 3019 est
646 2989 705 3019 ne
729 2974 835 3030 quis
860 2972 992 3030 prius
1017 2985 1164 3027 quam
1188 2969 1512 3033 migrationes
1536 2967 1726 3022 fierent,

107 3052 166 3098 de
190 3068 320 3098 nouo
345 3052 670 3108 reciperetur.
700 3051 884 3097 Omnes
914 3059 1078 3095 autem
1115 3048 1187 3104 (vt
1221 3055 1574 3103 praeceptores
1606 3044 1728 3090 refe-
