2051 3516
363 277 433 313 910
829 277 1047 314 LITTERAE
1073 279 1428 324 QUADRIMESTRES

316 388 404 428 per
428 387 517 416 nos
542 372 739 427 operari
764 372 994 428 dignatus
1027 383 1116 430 est,
1145 390 1271 430 quae
1296 375 1385 420 etsi
1410 377 1574 421 tenuia
1598 377 1708 430 sint,
1734 395 1828 424 non
1863 389 1931 424 ta-

315 465 423 493 men
458 464 626 493 sumus
661 449 810 494 nescii
846 450 958 506 quin
993 466 1052 495 ea
1086 467 1278 507 quoque
1301 452 1361 497 R.
1390 452 1442 497 P.
1470 453 1528 499 T.
1556 454 1645 498 sibi
1680 466 1933 511 comperta

316 540 424 570 esse
449 525 581 581 velit,
608 541 704 582 quo
738 526 978 571 Dominus
1012 526 1148 572 Deus
1181 537 1278 572 tam
1314 529 1359 573 in
1394 531 1562 586 paruis
1595 546 1740 586 quam
1765 532 1809 576 in
1833 549 1931 578 ma-

313 601 423 658 gnis
454 601 592 646 donis
621 601 891 658 glorificari
927 613 1090 660 queat3
1119 620 1413 661 quamquam
1448 606 1664 652 fortasse
1687 608 1815 653 istud
1837 625 1934 655 nonv

313 677 691 723 existimandum
726 689 800 724 est
836 681 1045 736 vulgare
1079 680 1173 726 Dei
1207 682 1401 739 donum,
1429 683 1556 739 quod
1591 684 1817 730 iuuentus
1850 702 1932 731 no-

313 762 447 798 strae
472 753 581 799 fidei
609 756 894 801 concredita
918 765 1018 801 tam
1050 757 1267 813 insignes
1291 758 1441 804 faciat
1465 759 1510 804 in
1535 760 1688 805 literis
1712 772 1758 806 et
1782 761 1931 818 pieta—

311 838 359 874 te
399 846 715 887 progressus,
752 832 1011 878 eliminatis
1049 833 1241 879 interim
1281 836 1531 881 radicitus
1563 838 1834 895 erroribus,
1871 854 1931 884 ac

310 907 736 963 ambiguitatibus,
784 908 957 965 quibus
997 925 1058 955 ex
1097 911 1307 957 aliorum
1346 913 1648 968 perditorum
1683 914 1931 962 hominum

312 982 614 1028 institutione
638 984 806 1030 imbuti
832 996 990 1042 erant,
1018 988 1226 1033 omnino
1249 990 1563 1046 profligatis

369 1059 410 1104 2.
478 1059 607 1116 Quid
628 1061 802 1107 attinet
825 1078 1220 1109 commemorare
1245 1066 1303 1110 de
1327 1082 1546 1123 numero,
1569 1069 1646 1124 qui
1666 1069 1792 1114 adeo
1817 1085 1928 1126 quo-

308 1136 423 1181 tidie
458 1137 503 1182 in
538 1137 827 1183 immensum
858 1141 1117 1197 excrescit,
1147 1152 1198 1188 ut
1221 1143 1359 1188 nobis
1383 1145 1578 1200 saepius
1603 1145 1662 1190 de
1685 1147 1826 1192 nouis
1851 1163 1928 1193 ae-

274 1256 286 1261 -
309 1213 451 1259 dibus
481 1216 827 1271 comparandis
860 1227 945 1262 aut
979 1218 1308 1264 conducendis
1342 1221 1472 1265 serio
1507 1223 1824 1279 cogitandum
1849 1226 1925 1270 sit.

310 1289 373 1335 Et
396 1300 448 1335 ut
472 1302 701 1337 caeteros
725 1293 946 1338 omittam
981 1295 1060 1350 qui
1095 1311 1157 1341 ex
1191 1306 1402 1353 utraque
1438 1296 1708 1345 Germania
1743 1301 1804 1346 ad
1839 1318 1927 1347 nos

307 1367 621 1422 glomeratim
644 1369 910 1422 confluunt,
948 1371 1127 1427 elapsis
1161 1373 1347 1429 aliquot
1380 1375 1664 1431 septimanis
1697 1378 1925 1424 sollicita-

308 1444 375 1488 uit
398 1460 493 1489 non
519 1446 833 1492 mediocriter
866 1463 954 1492 nos
988 1448 1112 1493 filius
1147 1450 1401 1495 cuiusdam
1436 1454 1627 1498 comitis
1651 1454 1695 1498 in
1721 1454 1926 1502 Geldria

305 1522 417 1578 (qni
447 1523 561 1579 regi
592 1522 815 1580 Anglicze
850 1526 861 1549 1
898 1529 973 1570 est
1006 1540 1037 1570 (l
1073 1528 1322 1583 consiliis)
1356 1539 1408 1573 ut
1442 1530 1595 1585 possit
1628 1531 1673 1575 in
1705 1544 1925 1578 nostrum

306 1599 587 1643 conuictum
622 1600 827 1646 admitti.
864 1601 1096 1648 quenem
1129 1620 1223 1661 ego
1258 1606 1436 1661 optime
1470 1608 1533 1652 ab
1567 1609 1753 1666 aliquot
1786 1611 1925 1655 annis

305 1676 435 1728 noui,
473 1677 610 1721 cuius
646 1679 822 1723 vultus·
845 1680 1105 1736 angelicus
1126 1688 1143 1707 ²³
1174 1697 1363 1727 morum
1398 1684 1735 1741 integritatem
1771 1689 1924 1744 probe

304 1752 548 1808 exprimit.

361 1827 404 1873 3.
469 1829 575 1894 Nec
612 1830 706 1875 hoc
743 1831 935 1877 silentio
969 1833 1315 1881 inuoluendum
1355 1852 1462 1882 esse
1507 1839 1750 1893 existimo
1794 1843 1923 1897 quod

303 1905 438 1950 circa
476 1905 653 1951 festum
688 1907 958 1954 natiuitatis
984 1910 1180 1956 Domini
1216 1913 1283 1957 ita
1318 1914 1544 1960 iuuentus
1569 1928 1739 1963 nostia
1764 1930 1920 1964 cater-

303 1982 455 2026 uatim
495 1983 557 2027 ad
596 1983 957 2031 confessionem
991 1996 1039 2032 et
1074 2003 1269 2033 sacram
1306 1993 1699 2038 communionem
1730 2010 1824 2040 non
1848 2011 1920 2041 se-

303 2074 389 2104 cus
414 2071 559 2116 atque
583 2062 645 2105 ad
668 2062 839 2117 epulas
863 2063 1114 2121 confluxit,
1143 2081 1326 2121 magna
1350 2083 1460 2113 cum
1485 2070 1631 2114 animi
1656 2072 1919 2118 alacritate

301 2150 361 2180 ac
400 2152 494 2181 non
532 2136 707 2192 impari
747 2139 910 2184 cordis
951 2140 1147 2196 pietate;
1191 2146 1512 2198 quamobrem
1557 2158 1815 2202 parentum
1860 2165 1919 2195 ac

301 2213 508 2258 aliorum
550 2215 753 2267 animos,
791 2232 902 2261 cum
936 2219 998 2262 ob
1031 2219 1267 2264 scientiae
1302 2230 1404 2266 tum
1438 2225 1500 2268 ob
1533 2224 1730 2279 pietatis
1762 2226 1916 2272 incre-

301 2299 534 2345 mentum,
562 2291 607 2336 in
632 2292 1010 2339 admirationem
1045 2297 1352 2350 pertrahunt.
1379 2298 1483 2344 Nec
1519 2301 1665 2356 pudet
1699 2302 1806 2348 illos
1841 2320 1915 2349 ro-

301 2366 434 2411 saria
459 2367 606 2423 (quod
641 2368 716 2413 hic
749 2369 853 2414 fere
887 2370 1080 2416 ludibrii
1104 2372 1212 2416 loco
1237 2374 1448 2432 ducitur)
1473 2385 1558 2421 aut
1582 2378 1804 2424 manibus
1834 2395 1916 2436 ge-

300 2453 434 2489 stare
459 2455 543 2490 aut
568 2446 775 2502 cingulis
799 2463 1018 2503 appensa
1041 2448 1367 2496 circumferre
1391 2462 1476 2498 aut
1500 2469 1608 2499 sese
1632 2454 1915 2511 imaguncu-

300 2521 459 2566 larum
485 2538 575 2567 vsu
603 2523 922 2569 vehementer
946 2525 1212 2571 oblectare.

355 2599 398 2643 4.
465 2598 736 2645 Praeterea
772 2601 997 2657 quamuis
1030 2602 1124 2647 sint
1158 2613 1323 2650 aetate
1361 2608 1717 2665 prouecfflores,
1750 2621 1913 2655 tamen

298 2675 589 2729 germanica
623 2676 934 2732 simplicitate
958 2678 1180 2735 praediti,
1207 2680 1269 2725 ad
1304 2683 1549 2737 quaelibet
1583 2684 1721 2730 iuxta
1753 2687 1913 2742 profli-

298 2760 531 2806 gatorum
570 2752 817 2798 hominum
852 2769 1112 2800 censuram
1146 2758 1508 2814 contemptiora
1542 2770 1628 2806 aut
1661 2763 1912 2808 execrabi-

344 2893 361 2912 a
409 2888 520 2923 velut
539 2888 688 2934 angeli.

344 3017 353 3035 ¹
405 3016 465 3052 Ita
484 3017 681 3063 appellari
701 3018 862 3055 videtur
879 3020 953 3055 hoc
971 3020 1058 3056 loco
1076 3020 1287 3067 Philippus
1305 3021 1353 3063 ΙΙ,
1374 3022 1606 3070 -Hispaniae
1634 3038 1717 3070 rex.
1747 3028 1797 3064 ob
1825 3030 1911 3075 ejus

295 3087 461 3112 uxorem
482 3075 670 3119 Mariam,
691 3077 874 3123 Angliae
893 3079 1094 3125 reginam.
