2051 3516
603 348 986 385 161.->V1N[>0130x.-x
1019 350 1032 385 1
1062 348 1173 395 NIAJI
1205 351 1294 385 mos
1633 352 1695 387 64]

111 459 270 500 nuper
293 443 589 489 Rdissimus.
618 444 881 500 episcopus
911 444 1255 501 neopolitanus
1292 448 1303 469 ¹
1340 445 1749 491 concionatorem

110 521 323 578 aliquem
350 536 412 566 ex
442 521 655 577 collegio
690 532 881 577 nostro,
919 522 1048 578 quod
1083 521 1187 566 sine
1222 522 1515 568 detrimento
1551 523 1749 579 collegii

111 607 337 654 prestare
375 598 662 654 neutiquam
709 599 972 654 potuimus,
1019 613 1079 643 ac
1125 598 1330 654 proinde
1375 599 1750 645 honestissimae

115 675 240 720 illius
266 674 487 732 petitioni
514 690 718 731 operam
742 691 933 732 negare
957 675 1137 720 fuimus
1162 676 1344 726 coacti,
1372 677 1497 721 adeo
1517 692 1642 733 opus
1667 677 1749 721 ha-

114 753 282 797 bemus
306 751 526 808 plurimis
551 752 990 798 concionatoribus
1009 752 1328 809 germanicis,
1350 753 1616 809 presertim
1637 769 1749 799 curn

110 838 182 873 tot
200 829 479 874 subintrent
498 828 595 885 lupi
613 845 841 886 rapaces,
862 830 941 886 qui
959 829 1257 874 dominicum
1277 845 1486 886 gregem
1507 831 1750 876 seducunt

109 922 169 951 ac
192 906 446 962 dissipant.
484 905 583 951 Illis
618 906 675 963 (si
711 908 834 952 bene
870 917 1189 964 prospectum
1229 908 1456 952 volumus¹
1490 909 1750 954 Ecclesiae

109 983 202 1029 Dei
227 984 524 1039 catholicae)
550 984 595 1029 in
621 994 844 1041 tempore
874 995 949 1029 est
982 984 1300 1042 obuiandum;
1339 986 1546 1030 obuiare
1581 997 1749 1032 autem

108 1061 369 1107 commode
392 1076 452 1106 ac
476 1061 722 1107 foeliciter
746 1078 843 1106 non
868 1062 1157 1118 poterimus,
1185 1062 1276 1106 nisi
1296 1063 1559 1118 operarios
1580 1065 1750 1120 plures

109 1139 396 1184 habeamus.
425 1138 598 1195 Quare
623 1140 883 1184 nonnullos
908 1138 1045 1184 Chri.
1084 1155 1329 1195 precones
1365 1157 1427 1185 ex
1466 1141 1613 1186 Vrbe
1652 1142 1748 1187 huc

108 1215 305 1260 mittere
331 1216 563 1272 dignetur
588 1217 864 1273 paternitas
887 1226 989 1268 tua,
1018 1227 1070 1261 vt
1093 1233 1188 1261 non
1216 1219 1362 1262 modo
1389 1218 1638 1274 Viennae,
1666 1235 1747 1264 ve-

108 1308 214 1338 rum
241 1294 390 1339 etiam
416 1294 462 1338 in
485 1295 955 1339 circumiacentibus
979 1294 1168 1351 oppidis
1194 1305 1242 1340 et
1266 1295 1428 1352 pagis,
1466 1295 1567 1340 suis
1602 1295 1746 1341 desti-

107 1371 225 1416 tutis
248 1371 550 1427 pastoribus,
580 1371 717 1417 Chri.
746 1387 955 1429 regnum
981 1388 1270 1429 propagare
1295 1388 1355 1418 ac
1380 1372 1522 1429 lupos
1546 1389 1575 1418 a
1601 1373 1750 1419 vinea

105 1447 198 1493 Dei
223 1449 435 1494 sabaoth
460 1450 755 1506 propulsare
780 1451 1057 1495 valeamus.
1080 1448 1226 1505 Quod
1246 1449 1285 1494 si
1304 1449 1483 1495 fecerit
1501 1450 1566 1495 R.
1588 1449 1642 1495 P.
1665 1450 1746 1507 T.‚

108 1526 384 1583 vberiores,
422 1526 531 1572 Deo
567 1527 709 1583 duce,
751 1528 1027 1583 manipulos
1061 1527 1108 1572 in
1144 1526 1280 1572 Chri.
1321 1527 1600 1583 speciosum
1635 1528 1747 1573 hor-

107 1619 244 1649 reum
265 1604 649 1660 reportabimus.
678 1603 917 1662 [slselz'ora
939 1609 1121 1661 sperat
1142 1609 1190 1650 et
1208 1610 1393 1661 preces
1411 1605 1683 1663 postulat]

194 1681 425 1726 Viennae
450 1681 706 1738 Austriae,
733 1681 849 1738 ipsis
878 1682 1099 1727 calendis
1128 1681 1245 1727 Maii
1284 1681 1413 1728 1558.
1451 1682 1613 1728 Rdae.
1651 1683 1742 1728 Pa-

106 1758 353 1803 ternitatis
378 1768 495 1804 tuae
520 1759 751 1816 indignus
775 1758 918 1816 filius,

856 1856 1126 1901 MARTINUS
1161 1855 1558 1902 STEUORmAxus
1591 1857 1623 1902 ².

194 1950 300 1995 Pro
334 1951 686 2007 inscrthz'one.
725 1959 753 2007 †
786 1951 889 2011 Jhs.
927 1951 1170 1998 Litterae.
1207 1954 1236 1997 4
1269 1953 1510 1998 mensium
1545 1953 1745 2010 collegii

106 2027 334 2072 viennen.
363 2031 436 2072 a.⁰
458 2028 531 2073 58.

192 2104 312 2149 Alia
336 2119 553 2150 manu...
582 2105 788 2156 Loreto,
817 2106 1054 2156 Fiandra.
1083 2106 1263 2163 Napoli
1284 2117 1331 2152 et
1355 2107 1542 2164 Sicilia,
1567 2108 1744 2153 Portu-

104 2182 256 2237 gallo,
284 2181 519 2228 Francia.

80 2379 84 2383 .
153 2351 161 2368 ¹
214 2349 395 2396 Intelligi
424 2350 585 2387 videtur
616 2351 829 2398 episcopus
859 2351 971 2387 urbis
1003 2351 1401 2388 XViener-Neustadt
1432 2351 1729 2396 (Neostadium,

105 2408 262 2445 Civitas
280 2411 415 2455 nova),
441 2411 509 2456 qui
537 2416 632 2447 tunc
659 2412 853 2457 temporis
881 2416 969 2448 erat
991 2411 1172 2458 Joannes
1201 2411 1475 2455 (Franciscus)
1502 2411 1744 2449 Abstemius

104 2468 412 2515 (Bornemissa).
434 2470 572 2513 Gmus,
594 2471 736 2508 Series
755 2473 1071 2518 episcoporum,
1091 2471 1174 2517 322;
1200 2471 1358 2512 Euam,
1381 2472 1456 2508 loc.
1478 2472 1560 2513 cit„
1585 2471 1664 2509 185.

152 2529 165 2548 ²
217 2530 280 2566 De
300 2542 348 2566 eo
368 2532 495 2567 multa
514 2532 700 2568 invenies
719 2532 825 2578 apud
845 2532 1205 2575 BRAUNSBERGER‚
1223 2534 1302 2569 ¹loc.
1325 2532 1407 2573 eit.5
1429 2531 1477 2568 ΙΙ.

246 3224 414 3254 LITTERAE
434 3226 734 3259 QUADRIMESTRES.
755 3228 846 3257 ΤΟΜ.
868 3229 905 3257 V.
1564 3236 1594 3262 41
