2051 3516
532 275 847 312 ⁴211.—PAR1sns
874 276 896 312 3
923 276 1168 314 Novmissffls
1198 280 1289 315 loos
1608 280 1679 316 &73

91 368 347 414 ministros
372 371 499 416 velle
531 371 743 416 videtur.
771 369 848 415 Ac
882 386 941 415 ne
978 371 1114 416 cuius
1139 388 1292 418 causa
1317 374 1621 430 potissimum
1647 390 1723 420 su-

90 455 262 502 scepta
296 456 370 492 est
404 447 466 491 ad
501 447 561 493 R.
590 446 951 492 paternitatem
978 456 1110 492 tuam
1136 450 1382 495 scribendi
1415 451 1724 496 consuetudo

88 523 537 580 praetermittatur,
580 523 752 580 paucis
791 533 923 573 ante,
967 539 1060 580 que
1100 525 1441 581 superioribus
1480 537 1721 585 quattuor

87 600 336 646 mensibus
362 617 452 657 pro
474 617 613 646 more
638 600 944 651 acciderunt,
973 603 1297 660 complectar,
1326 620 1473 661 quam
1498 620 1558 650 ea
1582 606 1640 651 de
1667 621 1723 651 re

87 678 191 734 tibi,
218 676 278 722 R.
308 677 380 733 P„
409 678 668 723 consilium
693 677 899 722 Patrum
925 688 1212 725 nostrorum
1239 681 1479 737 aperiam.

146 755 186 800 2.
256 754 435 812 Itaque
467 765 520 801 vt
549 771 579 801 a
609 755 820 800 minimis
845 756 1098 809 exordiar,
1126 758 1264 803 nobis
1290 773 1475 814 operae
1500 759 1720 815 precium

92 833 248 878 visum
285 842 375 889 est,
403 834 629 878 consulto
664 842 830 877 tamen
865 833 1075 889 primum
1112 834 1223 880 Pre.
1252 835 1459 881 Nicolao
1496 838 1526 891 ¹,
1561 836 1718 882 incoe-

87 920 170 966 pta
194 909 483 955 Aristotelis
501 909 750 955 curricula
775 925 871 954 non
896 910 1069 955 eodem
1095 911 1302 957 doctore
1326 928 1643 971 percurrere,
1667 923 1721 959 vt

86 997 134 1032 et
159 987 425 1044 collegium
459 997 507 1033 et
541 996 920 1044 praeceptorem
957 988 1072 1043 <quo
1108 989 1251 1034 citius
1282 989 1452 1035 iisdem
1486 990 1720 1047 auspiciis

87 1065 263 1121 quibus
298 1065 359 1110 ad
395 1065 441 1109 id
475 1081 643 1111 sumus
667 1064 849 1121 vocati,
878 1080 1056 1110 munus
1090 1076 1313 1112 nostrum
1350 1068 1395 1112 in
1432 1067 1542 1124 Xpi.
1568 1068 1718 1113 hono-

85 1157 192 1187 rem
232 1143 610 1200 persequamur)
647 1143 935 1188 mutandum
969 1144 1264 1189 censuimus.
1292 1144 1369 1190 Ac
1405 1144 1600 1190 Domini
1635 1161 1716 1190 no—

83 1219 173 1265 stri
211 1218 448 1265 beneficio
474 1235 564 1276 pro
589 1236 678 1265 sua
703 1220 908 1277 quisque
932 1230 1075 1276 parte
1100 1222 1453 1276 comparandis
1484 1222 1716 1278 scientiis,

83 1295 376 1341 exacuende
422 1296 602 1353 ingenii
642 1297 900 1342 subtilitati
941 1297 1354 1354 perpoliendeque
1389 1299 1626 1355 orationi,
1665 1309 1719 1344 vt

83 1382 297 1429 Vtraque
322 1372 507 1418 virtute
533 1373 648 1430 (qua
673 1374 936 1430 plurimum
972 1375 1144 1420 valere
1179 1375 1357 1420 debent
1394 1376 1473 1432 qui
1508 1378 1608 1422 tela
1631 1377 1716 1422 ini-

83 1449 328 1495 micorum
363 1449 473 1495 fidei
508 1460 713 1496 nostrae
738 1450 1006 1496 retundere
1042 1461 1089 1496 et
1124 1451 1272 1508 ignea
1297 1453 1594 1508 extinguere
1619 1463 1716 1498 stu-

82 1527 197 1572 dent
231 1542 292 1572 ac
327 1528 617 1585 decernunt)
642 1528 876 1585 abundet,
903 1544 999 1573 non
1025 1544 1220 1574 omnem
1256 1529 1467 1586 lapidem
1493 1545 1590 1575 non
1616 1546 1714 1575 mo-

81 1614 179 1659 uet;
207 1604 419 1649 assiduis
444 1605 859 1661 disputationibus
882 1622 912 1651 a
936 1606 1144 1662 prandio
1168 1617 1216 1652 et
1240 1622 1398 1652 coena
1424 1623 1487 1652 ex
1511 1622 1717 1654 consue-

81 1681 248 1727 tudine
288 1681 569 1727 insistimus.
610 1681 872 1740 Reliquum
913 1684 1045 1740 quod
1083 1700 1112 1729 a
1153 1684 1445 1730 lectionibus
1485 1694 1712 1741 superest

80 1758 335 1815 temporis,
364 1758 453 1815 piis
477 1759 712 1816 operibus
751 1775 842 1817 pro
876 1761 1115 1817 cuiusque
1139 1760 1341 1806 feruore
1365 1771 1711 1808 consecratur.

136 1836 179 1882 3.
247 1836 414 1882 Antea
438 1837 646 1894 penuria
669 1837 988 1883 sacerdotum
1015 1838 1164 1895 (quod
1194 1838 1343 1884 etiam
1375 1838 1634 1885 offendere
1665 1849 1716 1885 et

78 1928 300 1969 grauare
340 1913 542 1960 Patrem
582 1914 781 1960 vnicum
817 1916 966 1961 nimio
1006 1917 1180 1961 labore
1220 1916 1440 1973 plerique
1480 1917 1713 1962 formida-

80 1991 226 2048 rent),
253 1991 396 2048 pauci
422 1992 618 2048 quidem
655 1992 734 2047 (de
759 1994 981 2039 externis
1017 1995 1210 2050 loquor)
1246 1993 1290 2038 in
1327 1993 1640 2039 confessione
1665 2004 1716 2040 et

77 2077 254 2113 sancta
287 2069 593 2114 eucharistia
627 2070 968 2126 perstiterunt.
1009 2069 1196 2116 Habuit
1234 2080 1400 2116 tamen
1435 2086 1631 2128 semper
1664 2071 1711 2116 in

78 2161 174 2202 quo
199 2146 486 2192 elaboraret
511 2157 557 2191 et
583 2147 758 2204 quibus
789 2147 834 2192 in
869 2163 928 2194 eo
960 2148 1153 2194 faceret
1178 2148 1315 2193 satis.
1344 2148 1421 2192 Ac
1445 2148 1491 2193 in
1515 2163 1709 2194 summa

78 2234 131 2267 vt
162 2222 339 2279 dicam,
367 2223 532 2280 quoad
566 2225 724 2280 potuit
757 2225 819 2270 ad
853 2225 914 2270 R.
952 2225 1006 2270 P.
1046 2224 1299 2270 paschasii
1335 2225 1605 2270 aduentum
1640 2234 1710 2270 ta-

77 2301 209 2346 lenta
233 2301 324 2346 sibi
349 2301 615 2347 commissa
649 2302 696 2346 in
733 2302 826 2348 Dei
859 2303 1072 2360 gloriam
1109 2302 1419 2359 proximique
1443 2301 1709 2348 edificatio-

77 2392 187 2422 nem
212 2377 418 2423 adauxit
453 2386 500 2423 et
534 2378 870 2435 amplificauit.
898 2379 1042 2425 Nunc
1066 2394 1190 2424 vero
1226 2379 1308 2424 vbi
1339 2379 1506 2435 plures
1531 2379 1711 2425 adsunt

75 2468 339 2510 messores,
362 2470 421 2500 eo
446 2454 592 2500 etiam
619 2456 780 2512 magis
805 2457 953 2513 longe
974 2457 1171 2513 lateque
1196 2455 1371 2500 messis
1395 2455 1705 2502 diffunditur.

75 2530 202 2576 Nam
225 2531 363 2577 feriis
387 2531 604 2577 omnium
628 2542 916 2579 sanctorum
942 2534 1020 2590 (eo
1046 2533 1174 2578 enim
1199 2544 1426 2589 tempore
1457 2533 1709 2579 Lutetiam

76 2608 137 2653 R.
176 2608 313 2655 Pres.
350 2609 507 2655 nostri
542 2610 858 2667 appulerunt)
889 2626 1142 2667 magnam,
1170 2610 1279 2656 Deo
1304 2610 1523 2663 fauente.
1561 2611 1708 2656 confi-

75 2685 281 2732 tentium
305 2686 665 2733 multitudinem
701 2688 985 2734 audierunt.
1013 2687 1088 2733 Ita
1122 2703 1232 2733 sese
1267 2687 1479 2733 inuicem
1516 2688 1706 2734 schola·
1765 2730 1769 2733 ,

74 2763 184 2808 stici
208 2763 406 2820 quidam
437 2765 771 2811 exhortantur
805 2766 852 2810 in
887 2765 1191 2822 Patrumque
1216 2775 1503 2811 nostrorum
1538 2766 1707 2823 cogni-

74 2841 258 2886 tionem
282 2841 500 2896 veniunt‚
528 2857 588 2888 ac
612 2842 903 2900 frequenter
926 2843 1157 2899 deinceps
1181 2843 1244 2888 ad
1268 2842 1631 2889 confessionem
1658 2853 1709 2890 et

73 2918 303 2974 synaxim
328 2919 589 2965 accedunt.

124 3067 134 3086 ¹
185 3065 231 3103 P.
252 3065 446 3103 Nicolaus
465 3066 683 3104 Bellefille.
