2051 3516
627 263 930 301 24.—BILLOMO
956 265 979 301 9
1006 263 1242 301 FEBRL'ARII
1272 266 1362 301 1557
1697 267 1762 303 109

180 374 372 418 merum
396 374 492 403 non
518 358 654 415 potui
679 374 708 403 a
733 359 958 404 ministro
978 358 1257 415 intelligere
1277 359 1338 403 ob
1358 358 1709 405 confluentium
1730 376 1807 406 co-

178 436 326 492 piam.
355 434 514 480 Feriis
539 435 796 480 marianae
820 434 1175 492 purificationis
1200 435 1374 491 viginti
1408 450 1559 491 supra
1590 446 1804 493 centum,

178 512 540 557 admirantibus
578 527 673 557 non
698 513 887 568 absque
922 512 1192 568 lachrymis
1215 511 1330 568 ipsis
1370 512 1592 569 testibus,
1630 528 1807 568 panem

175 589 306 633 hunc
330 588 597 633 coelestem
624 597 936 643 receperunt.
965 587 1108 632 Adde
1134 588 1261 644 quod
1285 588 1515 644 permulti
1541 588 1586 633 in
1612 604 1702 633 sua
1726 605 1806 645 pa-

173 665 349 710 rochia
384 664 521 710 feriis
556 665 917 710 solennioribus
951 665 1360 721 augustissimum
1398 665 1493 710 hoc
1526 680 1807 711 sacramen-

173 750 276 786 tum
301 741 398 786 iam
424 741 727 787 inolescente
751 742 1105 786 consuetudine
1128 750 1327 786 sumunt
1347 749 1382 786 θ’.

236 818 303 863 13.
372 818 525 864 Certe
569 818 648 874 qui
689 818 860 863 diebus
899 818 1155 863 dominicis
1189 819 1281 863 hoc
1320 828 1689 864 sacramentum
1728 835 1805 865 su-

174 907 326 951 munt,
353 895 434 939 vel
466 895 693 952 singulis
715 895 796 939 vel
818 896 1053 951 ipsommz
1077 895 1291 940 arbitrio
1325 896 1631 952 designatis.
1660 912 1806 941 euan—

172 971 320 1029 gelici
353 971 514 1016 foetus
550 982 799 1017 maturum
835 981 1031 1028 partum
1070 973 1381 1028 promittunt.
1419 973 1585 1029 Atque
1619 973 1806 1019 vtinam

174 1048 434 1104 operarios
458 1048 661 1094 idoneos
684 1049 965 1105 complures
995 1049 1235 1094 Dominus
1259 1049 1455 1094 mittere
1490 1050 1721 1107 dignetur
1745 1050 1808 1096 ad

174 1124 371 1170 vineam
397 1125 524 1171 hanc
547 1127 862 1171 aruernicam
887 1127 1228 1171 excolendam.

238 1203 303 1248 14.
371 1202 573 1259 Quanta
598 1219 721 1248 vero
745 1203 1003 1260 Vtriusque
1027 1203 1329 1248 sacramenti
1354 1213 1456 1249 tum
1482 1203 1807 1250 confessionis

173 1289 276 1325 tum
301 1280 656 1325 communionis
680 1296 732 1325 se
757 1290 933 1325 exerat
957 1280 1181 1337 energia,
1209 1280 1256 1325 id
1278 1280 1467 1326 veritas
1493 1296 1706 1337 vsusque
1732 1297 1806 1327 re-

175 1372 283 1401 rum
308 1357 705 1402 luculentissimis
729 1357 1039 1414 argumentis
1065 1366 1441 1402 commonstrat.
1481 1356 1675 1402 Etenim
1709 1373 1808 1414 pax

173 1433 300 1478 inter
323 1434 613 1480 dissidentes
637 1434 818 1490 passim
843 1434 1150 1480 conciliatur:
1179 1433 1517 1479 restitutiones
1547 1435 1677 1480 haud
1704 1435 1806 1480 vul-

173 1527 325 1568 gares
343 1512 676 1557 celebrantur:
701 1512 928 1567 adulteri,
951 1512 1269 1557 sacerdotum
1289 1512 1612 1567 concubinae,
1636 1513 1804 1569 eisque

173 1587 349 1633 affines
372 1588 662 1634 meretrices
686 1588 968 1634 castitatem
993 1589 1373 1644 amplectuntur:
1402 1589 1686 1634 scholastici
1705 1589 1800 1645 pie-

173 1674 325 1710 tatem
351 1680 459 1710 cum
495 1665 813 1722 improbitate
837 1676 1197 1711 commutatam
1223 1680 1312 1710 cen
1349 1680 1464 1718 mre
1493 1667 1809 1722 postliminii

176 1751 493 1798 recuperant.
516 1742 708 1787 Passim
735 1742 895 1787 fertur
920 1743 1169 1788 rediuiuas
1191 1743 1420 1787 nouellae
1444 1743 1687 1788 ecclesiae
1712 1744 1806 1799 pri-

173 1819 337 1864 mitias
379 1818 573 1864 Biliomi
613 1819 917 1865 refloruisse.
957 1819 1157 1865 Christo
1197 1820 1356 1865 honor
1396 1829 1502 1865 esto
1537 1829 1585 1866 et
1624 1821 1803 1877 gloria,

174 1897 301 1941 haud
326 1896 468 1942 nobis
493 1905 661 1941 terrae
686 1897 987 1953 vermiculis,
1016 1913 1138 1953 quos
1172 1897 1336 1943 diuina
1370 1897 1651 1954 benignitas
1691 1913 1804 1954 gra-

172 1974 295 2019 tuito
320 1975 465 2030 plane
489 1973 678 2019 affectu
703 1983 841 2020 tanto
866 1990 1071 2020 munere
1091 1975 1297 2031 dignata
1321 1985 1411 2021 est.

263 2050 584 2108 [Sequuntur
607 2053 1001 2097 conversionmn
1026 2052 1266 2108 exempla
1289 2052 1585 2110 quaedam}

236 2127 304 2173 15.
371 2127 628 2173 Hactenus
672 2128 731 2173 de
778 2128 919 2174 verbi
966 2143 1026 2173 ac
1070 2138 1500 2174 sacramentorum
1534 2129 1804 2173 ministerio

173 2213 339 2249 actum
364 2214 453 2250 est.
482 2204 623 2250 Nunc
647 2206 709 2250 ad
733 2206 1022 2251 academiae
1046 2215 1250 2251 nostrae
1274 2206 1530 2261 exercitia,
1558 2215 1729 2250 nostra
1749 2220 1804 2250 se

172 2281 448 2327 transferat
478 2282 658 2337 oratio,
686 2298 812 2338 quae
847 2282 1042 2338 quando
1068 2283 1086 2309 ὓ
1108 2283 1444 2339 superioribus
1475 2283 1628 2328 literis
1659 2298 1687 2327 a
1721 2298 1802 2327 no-

174 2359 247 2403 bis
271 2358 631 2415 comprehensa
654 2359 765 2412 sint,
805 2359 1024 2404 breuiter
1058 2360 1523 2416 impraesentiarum
1558 2369 1670 2404 sunt
1694 2375 1804 2415 pro-

172 2435 417 2491 ponenda.

238 2513 304 2557 lo.
373 2512 625 2558 Praefecti
649 2513 899 2565 classium,
927 2513 1138 2569 quinque
1168 2529 1391 2564 numerO,
1425 2514 1600 2570 quibus
1633 2522 1804 2558 sextus

172 2589 459 2645 propediem
485 2590 706 2646 accedet,
734 2606 843 2634 cum
867 2589 1031 2635 fausto
1056 2591 1234 2636 civium
1256 2592 1496 2646 applausu
1516 2605 1576 2635 ac
1595 2589 1804 2635 literarii

173 2666 427 2722 proiectus
451 2666 842 2711 cumulatissimo
868 2667 1189 2723 incrementQ
1216 2667 1421 2712 docendi
1456 2683 1660 2712 munere
1685 2667 1803 2712 dex—

174 2746 249 2787 tre
272 2742 544 2800 seduloque
562 2742 852 2799 funguntur:
877 2743 943 2788 ita
967 2753 1020 2788 vt
1036 2759 1333 2800 progressus
1354 2743 1582 2800 auspiciis
1602 2759 1802 2800 respon-

173 2820 336 2877 deant,
364 2835 451 2865 seu
474 2820 634 2877 potius
658 2821 794 2866 initia
819 2834 1067 2877 superent,
1095 2837 1205 2867 cum
1224 2821 1574 2877 discipulorum
1593 2837 1802 2867 numero
1864 2859 1867 2861 ,

174 2906 513 2952 accrescente,
556 2913 764 2954 quorum
798 2898 994 2943 scholas
1028 2907 1226 2943 nostras
1260 2897 1679 2954 frequentantium
1718 2914 1801 2944 nu-

222 3069 239 3089 a
292 3074 341 3098 ex
360 3074 437 3108 quo
456 3062 533 3098 huc
554 3062 750 3107 venimus,
778 3067 951 3098 sumunt.
1007 3062 1073 3089 -b,
1116 3061 1453 3108 quandoquidem.
