2051 3516
352 297 421 333 SoS
818 296 1038 332 LITTERAE
1065 296 1418 341 QUADRIMESTRES

308 397 470 451 lentia,
497 400 551 440 vt
571 410 633 440 ea
663 396 878 440 assiduis
909 396 1021 440 suis
1055 396 1106 440 in
1142 409 1235 440 nos
1268 395 1448 440 officiis
1480 396 1600 441 satis
1634 411 1748 442 eam
1781 397 1930 455 expli-

305 488 423 517 care
452 474 541 516 vix
571 471 726 528 possit
752 478 787 516 ἃ.
815 471 960 516 Dono
984 471 1116 517 dedit
1140 487 1297 528 nuper
1320 472 1650 517 holosericum
1684 474 1930 529 quoddam

304 557 666 603 ornamentum,
695 548 818 592 miro
843 547 1054 592 artificio
1089 546 1189 592 suis
1223 548 1447 593 manibus
1483 549 1812 605 elaboratum,
1849 565 1929 595 ca-

305 626 463 669 sulam
499 624 612 669 item
647 624 865 669 eiusdem
898 634 945 669 et
975 624 1167 669 artificii
1192 635 1240 669 et
1264 625 1521 681 materiae,
1549 626 1595 669 in
1620 626 1793 682 quibus
1817 642 1928 672 con-

305 701 556 746 cinnandis
600 710 757 745 totum
800 701 1010 757 ipsamet
1054 701 1233 745 dicitur
1277 702 1612 758 absumpsisse
1661 701 1926 747 biennium.

304 777 571 822 Constituit
604 777 752 822 etiam
787 786 840 821 vt
874 792 1043 821 omnes
1078 792 1198 821 suae
1233 776 1450 822 familiae
1483 778 1711 834 germani
1750 778 1931 823 nostris

304 853 634 899 confiteantur
673 862 721 898 et
758 853 924 898 factae
962 853 1286 898 confessionis
1324 853 1655 898 testimonium
1690 853 1929 910 afferant,

305 931 434 987 quod
458 930 498 975 si
521 930 803 986 neglexisse
837 929 985 985 aliqui
1018 929 1349 985 inueniantur,
1387 930 1503 975 aula
1536 945 1626 974 sua
1660 945 1746 975 eos
1781 929 1928 975 absti-

306 1022 425 1052 nere
449 1007 604 1052 iussit.

363 1083 433 1128 21.
500 1082 641 1128 Haec
663 1083 769 1128 fere
793 1092 920 1138 sunt,
946 1082 1070 1127 Rde.
1098 1081 1171 1138 R,
1199 1098 1326 1138 quae
1350 1082 1514 1127 diuina
1538 1082 1732 1128 bonitas
1756 1082 1802 1127 in
1836 1082 1931 1128 hac

302 1159 626 1204 afflictissima
645 1157 916 1204 Germania
940 1174 1028 1215 per
1052 1158 1246 1204 inutiles
1271 1159 1359 1203 hos
1384 1170 1431 1203 et
1454 1158 1681 1215 indignos
1703 1159 1931 1204 seruulos

306 1251 421 1280 suos
444 1236 516 1280 his
546 1244 781 1291 quattuor
814 1235 1062 1280 mensibus
1095 1235 1295 1290 operari
1329 1235 1533 1290 dignata
1567 1243 1657 1280 est.
1696 1233 1847 1279 Plura
1881 1244 1930 1280 et

304 1312 498 1368 potiora
532 1311 661 1356 haud
697 1311 840 1356 dubie
875 1321 1146 1368 operatura
1178 1311 1259 1356 vbi
1284 1310 1532 1356 fideliores
1556 1320 1604 1356 et
1626 1310 1928 1366 frequentio-

304 1404 383 1433 res
408 1389 748 1446 tzacl‘afnet't‘t
770 1388 788 1414 b
812 1397 1185 1444 cooperatores,
1212 1388 1449 1444 siquidem
1474 1388 1646 1432 messis
1670 1387 1747 1432 hic
1769 1387 1925 1432 cerni-

301 1475 382 1510 tur
405 1465 638 1519 maxima,
665 1465 751 1509 sed
776 1464 991 1520 operarii
1014 1464 1155 1520 pauci
1182 1466 1212 1508 1.
1242 1463 1517 1508 Commune
1540 1464 1790 1508 hominum
1823 1465 1926 1508 vul-

302 1557 394 1597 gus
419 1541 700 1597 ignorantia
724 1541 884 1596 potius
909 1556 996 1585 seu
1015 1541 1192 1585 timore
1213 1540 1477 1597 mundano,
1501 1555 1648 1596 quam
1668 1548 1807 1584 certa
1827 1555 1926 1584 ma-

302 1618 403 1662 litia
427 1617 710 1673 delinquere
734 1632 1027 1672 persuasum
1052 1616 1247 1661 omnino
1272 1616 1447 1661 habeo.
1483 1614 1535 1661 Si
1570 1616 1765 1672 quando
1799 1616 1927 1660 enim

301 1694 595 1739 catholicam
630 1708 659 1737 a
692 1693 832 1737 nobis
868 1693 1128 1738 veritatem
1153 1693 1373 1745 audiunt,
1401 1692 1514 1737 altis
1537 1692 1759 1748 suspiriis
1784 1707 1924 1747 prae-

301 1771 550 1815 dicatores
574 1784 811 1825 synceros
834 1777 1019 1825 petere,
1057 1768 1329 1824 principum
1364 1767 1731 1813 haereticorum
1765 1767 1812 1812 in
1846 1782 1928 1812 ve-

303 1862 384 1891 ros
420 1845 585 1890 fideles
620 1845 964 1890 crudelitatem
999 1860 1239 1890 enarrare
1275 1855 1321 1890 et
1346 1844 1503 1889 diram
1528 1844 1788 1889 catholicis
1812 1859 1928 1900 pro-

303 1922 512 1978 positam
537 1921 865 1967 conditionem
889 1936 983 1965 non
1008 1921 1112 1966 sine
1148 1921 1415 1978 lachrymis
1448 1922 1608 1966 solent
1642 1935 1924 1966 recensere.

301 1999 424 2055 Quis
462 2014 556 2043 non
602 2007 771 2044 tantae
810 1998 1063 2051 miseriae,
1105 2008 1304 2054 tamque
1349 1998 1607 2043 luctuosae
1651 1997 1929 2042 animarum

303 2075 485 2120 Christi
510 2075 768 2131 perditioni
793 2090 857 2120 ex
887 2075 1049 2120 animo
1080 2075 1360 2131 condoleat,
1398 2086 1444 2120 et
1478 2090 1568 2130 pro
1602 2075 1731 2120 virili
1765 2084 1927 2119 extre-

300 2168 410 2197 mae
444 2152 554 2197 huic
587 2152 872 2197 necessitati
907 2167 1203 2197 succurrere
1238 2152 1454 2197 laboret?
1478 2151 1735 2207 Rogemus
1758 2151 1927 2196 Domi-

302 2245 415 2274 num
440 2229 610 2274 messis
637 2238 687 2273 vt
712 2244 834 2285 quos
858 2229 1007 2285 elegit
1033 2239 1148 2273 ante
1173 2230 1391 2285 saecula,
1429 2229 1628 2274 tandem
1663 2228 1926 2285 aliquando

302 2306 394 2350 huc
428 2306 683 2350 turmatim
718 2306 914 2350 mittere
949 2305 1180 2361 dignetur
1214 2306 1488 2360 operarios,
1526 2315 1578 2350 vt
1611 2306 1787 2350 saltem
1818 2305 1925 2350 reli-

301 2382 445 2438 quiae
479 2383 651 2427 saluae
685 2381 820 2427 fiant.
861 2382 925 2427 V,
968 2381 1055 2427 Rs*
1095 2382 1417 2427 sanctissimis
1455 2382 1556 2427 suis
1589 2380 1844 2426 sacrificiis
1878 2391 1926 2427 et

303 2458 608 2503 orationibus
633 2459 761 2514 apud
785 2458 1240 2503 misericordiarum
1266 2458 1464 2503 Patrem
1494 2458 1816 2514 germanicae
1849 2472 1924 2502 sa-

302 2535 414 2579 lutis
447 2534 699 2591 negotium
735 2550 1028 2591 promouere
1058 2534 1305 2590 dignetur,
1339 2545 1393 2580 vt
1424 2544 1472 2580 et
1494 2550 1618 2591 gens
1643 2533 1736 2578 ista
1758 2534 1925 2590 plures

300 2611 540 2656 sortiatur
579 2626 762 2667 eosque
796 2610 964 2656 fideles
998 2611 1261 2666 ministros,
1306 2620 1353 2655 et
1387 2626 1474 2656 nos
1509 2611 1706 2667 aptiora
1739 2611 1785 2655 in
1820 2610 1924 2655 dies

300 2686 495 2731 diuinae
534 2687 800 2732 voluntatis
840 2686 1113 2731 efficiamur
1153 2686 1493 2732 instrumenta.
1531 2686 1711 2731 Domui
1745 2694 1794 2731 et
1828 2686 1923 2731 col-

346 2852 363 2872 a
408 2858 456 2881 ea
475 2845 514 2881 in
530 2858 600 2881 nos
626 2845 787 2881 assidua
806 2844 949 2888 officia,
976 2850 1013 2881 vt
1041 2845 1137 2881 satis
1157 2856 1206 2880 ea
1234 2844 1438 2890 explicare
1457 2857 1536 2881 non
1555 2844 1714 2891 possim.
1769 2844 1834 2872 —b
1854 2844 1921 2880 ha-

301 2904 445 2941 buerit.

350 3066 358 3084 ¹
411 3063 773 3108 MAT‘sH.,IX,37.
837 3080 841 3085 ¹
