2051 3516
794 300 1031 327 PRAEFATIO
1602 300 1673 326 XXX

240 387 445 433 Παῦε
482 399 931 439 QUADRmEsTRIUM
954 399 1279 430 LITTERARUM
1313 398 1577 430 UTILITATE

179 472 292 530 Jam
337 471 503 528 aliqua
548 470 608 516 de
653 469 1103 527 Quadrimestrium
1153 468 1461 514 Litterarum
1512 467 1721 513 utilitate

37 538 40 541 v
93 548 395 608 subjicimus.
426 548 504 594 Ex
527 549 583 594 iis
609 564 732 605 quae
757 547 816 592 de
841 546 1058 592 adhibito
1082 547 1146 591 ab
1180 546 1405 591 omnibus
1440 553 1721 590 nostrarum

94 627 410 673 historiarum
436 625 762 682 scriptoribus
785 624 879 669 hoc
909 623 1318 669 documentorum
1352 637 1538 680 genere
1572 638 1723 678 supra

94 705 320 754 diximus,
347 701 456 761 jure
480 703 656 748 merito
681 701 967 747 conficimus
992 716 1086 746 non
1122 700 1356 757 exiguam
1389 715 1498 745 esse
1532 699 1724 744 illorum

95 783 154 827 ad
182 781 438 826 historiam
462 779 741 826 utilitatem.

183 858 294 904 Huc
319 857 511 904 accedit
534 857 663 913 quod
688 855 771 900 vix
797 855 894 900 ulla
914 871 1011 911 res,
1040 855 1086 899 in
1110 870 1207 912 qua
1240 852 1506 898 Societatis
1541 852 1724 898 alumni

96 952 300 993 operam
325 951 465 981 suam
489 933 795 985 collocarint,
829 949 918 989 pro
953 932 1194 989 dignitate
1228 930 1437 977 tractari
1474 931 1576 976 sine
1611 946 1724 986 qua-

96 1013 431 1058 drimestrium
456 1011 640 1057 auxilio
664 1020 841 1067 potest.
869 1008 1314 1055 Sacramentorum
1349 1008 1394 1052 in
1418 1007 1612 1063 templis
1646 1022 1726 1052 no-

96 1091 210 1136 stris
234 1089 531 1146 frequentia3
559 1087 906 1134 exercitiorum
933 1087 1149 1141 traditio;
1176 1069 1503 1142 collegiorum
1537 1094 1727 1130 nostro-

98 1185 206 1213 rum
230 1167 484 1222 institutio,
518 1181 792 1223 progresus
826 1174 874 1210 et
908 1164 1180 1221 disciplina,
1218 1164 1529 1209 alumnorum
1562 1178 1728 1207 nume-

98 1261 182 1292 rus
206 1255 254 1291 et
278 1244 680 1299 exercitationes,
709 1243 1066 1299 magistrorum
1092 1241 1307 1294 nomina,
1340 1240 1437 1286 alia
1472 1240 1625 1307 multa
1659 1240 1727 1285 lit-

97 1324 217 1369 teris
247 1321 687 1380 quadrimestribus
722 1320 1033 1366 illustrantur
1067 1321 1098 1365 ¹.
1137 1319 1415 1363 Marianam
1449 1333 1729 1383 congrega-

98 1401 280 1446 tionem
306 1399 571 1456 quamdam
597 1396 805 1444 Genuae
828 1395 929 1454 jam
954 1412 1083 1441 anno
1111 1395 1222 1442 1557
1246 1394 1472 1440 floruisse
1503 1394 1730 1440 novimus

99 1494 161 1523 ex
204 1476 378 1527 litteris
413 1476 661 1522 mensibus
699 1474 833 1533 Majo
869 1483 917 1520 et
949 1474 1094 1534 Junio
1135 1472 1356 1530 ejusdem
1402 1471 1515 1518 anni
1552 1471 1730 1517 ibidem

101 1555 240 1601 datis.
270 1555 483 1600 Tirones
522 1564 718 1598 nostros
753 1551 1239 1610 peregrinationibus
1265 1549 1501 1596 obeundis
1525 1563 1728 1594 nosoco-

98 1634 303 1690 miisque
355 1630 731 1688 frequentandis
781 1629 1006 1675 exerceri
1056 1627 1319 1674 Granatae
1368 1628 1574 1673 solitos
1620 1642 1729 1672 esse

100 1727 189 1756 nos
215 1710 360 1756 docet
381 1709 620 1755 Altonsus
644 1707 770 1752 Ruiz
794 1708 826 1763 2,
852 1707 1057 1763 insignis
1090 1695 1266 1763 postea
1299 1704 1601 1751 novitiorum
1633 1696 1731 1749 Ho-

101 1805 210 1834 mae
262 1787 518 1843 magister.
566 1785 940 1841 philosophicas
985 1784 1362 1841 disputationes,
1411 1792 1732 1828 externorum

102 1867 250 1912 etiam
275 1880 522 1911 concursu
556 1873 604 1909 et
638 1862 949 1920 argumentis
988 1862 1194 1918 nobiles,
1230 1861 1502 1907 eborenses
1535 1860 1731 1905 litterae

103 1944 327 2002 aliaeque
367 1959 463 1988 non
502 1957 694 2000 paucae
734 1941 1033 1987 describunt.
1074 1939 1364 1985 Certamina
1403 1938 1647 1984 litteraria
1686 1946 1734 1982 et

103 2022 437 2079 praemiorum
461 2019 778 2076 largitionem
799 2018 1077 2075 Olissipone
1096 2017 1265 2063 habita
1284 2016 1506 2061 Didacus
1522 2016 1580 2061 de
1596 2014 1734 2060 Bair-

104 2116 186 2145 ros
209 2099 429 2156 depingit
452 2099 482 2143 3.

193 2175 448 2233 Singulari
472 2175 726 2230 voluptate
751 2189 811 2219 ac
835 2173 1080 2218 desiderio
1105 2172 1318 2229 quodam
1343 2170 1603 2237 afficimur,
1625 2185 1735 2215 cum

107 2253 422 2299 convictuum
458 2261 746 2298 nostrorum
781 2250 1073 2297 coloniensis
1107 2259 1154 2296 et
1186 2248 1469 2295 viennensis
1493 2247 1735 2304 origimen

108 2331 429 2387 ordinemque
453 2330 850 2386 contemplamur
873 2329 905 2373 4.
935 2326 1175 2373 Reficitur
1199 2327 1391 2372 animus
1416 2324 1737 2371 considerans

108 2419 342 2466 quantam
366 2406 583 2465 majores
617 2406 773 2452 nostri
807 2406 854 2451 in
889 2405 1168 2451 erudiendis
1204 2403 1475 2450 christiana
1510 2402 1736 2448 doctrina

109 2485 506 2532 christifidelibus
536 2483 825 2530 industriam
866 2482 1196 2540 reposuerint}
1234 2497 1330 2538 quo
1366 2480 1525 2526 studio
1560 2494 1734 2536 aegro-

107 2564 182 2621 tis,
222 2562 518 2621 praesertim
553 2561 793 2607 saevienti
826 2560 1118 2617 pestilentia,
1156 2558 1508 2614 consuluerint;
1547 2556 1736 2615 quoties

109 2657 308 2687 reorum
332 2656 539 2689 carcere
577 2640 892 2685 detentorum
916 2654 1013 2683 non
1033 2637 1179 2683 modo
1200 2636 1390 2691 animiS‚
1413 2634 1498 2680 sed
1517 2634 1730 2691 corpori-

110 2705 205 2766 bus
224 2719 374 2764 etiam
399 2733 541 2775 opem
566 2717 784 2763 tulerint.

159 2829 167 2847 ¹
219 2827 284 2864 De
304 2827 365 2863 his
383 2826 505 2863 rebus
524 2830 651 2872 agunt
672 2825 866 2872 epistolae
886 2824 1005 2872 huJ'us
1026 2821 1240 2859 voluminis
1266 2820 1332 2856 vix
1358 2832 1440 2855 non>
1464 2831 1615 2856 omnes.
1645 2818 1740 2855 Ideo

110 2887 421 2934 supersedemus
452 2886 640 2931 exempla
670 2884 861 2921 indicare.
893 2883 1115 2921 Caeterum
1153 2880 1382 2916 uberiorem
1415 2891 1588 2916 messem
1619 2878 1740 2916 index

111 2959 247 2984 rerum
266 2945 483 2983 exhibebit.

159 3007 172 3026 ²
222 3006 329 3043 Vide
350 3005 562 3053 epistolam
580 3004 639 3042 87.

159 3066 172 3086 ³
223 3064 331 3101 Vide
352 3065 564 3112 epistolam
582 3063 639 3101 69.

161 3125 175 3144 4
229 3123 334 3161 Vide
354 3123 548 3171 epistolas
566 3122 624 3169 39,
647 3122 704 3167 43,
725 3121 783 3167 58,
803 3121 862 3164 73,
883 3120 940 3162 81,
961 3119 1019 3162 85,
1044 3119 1121 3162 110,
1143 3123 1218 3155 etc.
